1815 3253
348 196 591 228 ENARRA‘HO
623 200 669 227 IN
701 197 904 229 PsALMUM
935 201 1101 229 cxxxlv.
1336 192 1422 231 239

39 268 116 323 ris,
144 275 187 310 et
206 273 439 325 antequam
463 265 594 310 facias
620 265 742 325 quod
773 266 968 321 minariS‚
993 267 1185 311 moreris.
1214 270 1423 313 Putamus

39 338 83 382 in
110 345 152 380 te
173 336 266 396 ipso
290 333 392 379 facis
421 334 540 394 quod
561 336 825 380 vis?Frenas
849 352 998 380 omnes
1020 336 1278 395 cupiditates
1301 340 1426 383 tuas?

41 406 238 452 Forsitan
261 404 403 451 frenas
429 424 438 450 ε
464 406 677 466 numquid
703 407 835 450 ellieis
859 415 904 450 ut
930 407 1032 466 ipsae
1055 405 1314 465 cupiditates
1336 423 1426 453 non

39 485 240 535 surgant,
274 491 381 537 quas
409 475 577 519 frenas?
607 479 734 521 Certe
764 477 880 520 enim
913 477 996 521 hoc
1026 476 1111 531 vis,
1144 493 1231 521 non
1261 477 1426 522 titillari

42 546 234 601 molestia
260 544 515 605 cupidatum
541 554 712 590 tuarum
739 565 747 591 ε
781 555 991 590 ettamen
1018 566 1038 588 «
1063 548 1174 591 Caro
1201 547 1431 607 concupis„

47 638 65 660 »
99 616 158 662 cit
179 615 382 661 adversus
409 616 606 675 spiritum
624 651 634 671 ‚
669 626 713 660 et
734 617 906 676 spiritus
929 616 1132 661 adversus
1154 632 1328 661 carnem
1344 653 1355 672 ‚
1380 627 1431 662 ut

46 705 65 729 »
100 702 190 732 non
212 702 261 730 ea
292 702 391 746 quae
421 686 549 730 vultis
572 686 736 730 faciatis
762 689 791 730 ¹.
830 704 850 727 »
879 689 943 730 Tu
971 686 1016 730 in
1047 687 1184 746 teipso
1210 703 1299 732 non
1329 686 1431 732 facis

43 756 164 819 quod
185 757 247 802 vis
274 775 282 802 :
312 776 330 798 «
358 760 470 801 Deus
494 765 639 801 autem
659 766 804 801 noster
825 757 870 801 in
892 757 1004 802 coelo
1027 767 1069 802 et
1090 758 1135 802 in
1158 767 1269 804 terra
1287 759 1433 804 omnia

48 847 68 871 »
103 842 395 888 quaecumque
423 827 560 871 voluit
581 828 700 872 fecit.
729 846 749 868 »
783 831 879 888 Ipse
902 828 982 872 tibi
1004 827 1080 873 det
1097 830 1292 887 gratiam,
1320 839 1368 874 ut
1390 831 1435 873 in

49 908 88 942 te
109 897 202 957 ipso
224 896 355 941 facias
377 896 496 956 quod
519 898 580 942 vis
611 917 618 942 :
645 898 726 941 nisi
749 898 862 942 enim
891 899 982 958 ipso
1001 898 1261 960 adjuvante,
1288 916 1367 944 nec
1389 901 1436 944 in

0 995 1 1013 1
46 977 88 1012 te
110 967 213 1012 facis
235 967 353 1027 quod
377 968 455 1011 vis.
484 968 656 1011 Etenim
678 983 776 1011 eum
802 967 875 1011 ille
898 984 986 1013 non
1008 968 1171 1014 faceret
1187 971 1232 1013 in
1254 986 1298 1013 se
1317 970 1438 1029 quod

0 1096 1 1099 Ἴ
46 1037 200 1092 vellet,
236 1038 312 1097 qui
343 1037 402 1081 ait
435 1056 443 1080 z
477 1056 496 1078 «
530 1040 642 1081 Caro
674 1039 943 1097 concupiscit
968 1039 1171 1084 adversus
1206 1040 1434 1100 spiritum,

0 1136 3 1149 i
51 1128 71 1152 »
105 1108 280 1167 spiritus
302 1118 448 1152 autem
476 1108 680 1151 adversus
703 1123 900 1163 carnem,
926 1118 976 1152 ut
998 1124 1086 1153 non
1110 1125 1157 1153 ea
1180 1126 1280 1170 quae
1305 1111 1437 1155 vultis

0 1228 1 1235 ἵ
52 1197 71 1222 »
105 1178 270 1223 faciatis
302 1198 311 1223 :
339 1164 359 1220 ἶ)
387 1194 486 1222 cum
514 1177 569 1221 de
591 1193 635 1221 se
656 1178 747 1237 ipse
771 1188 987 1237 gemeret,
1013 1178 1185 1235 dicens,
1218 1200 1237 1222 «
1265 1181 1440 1226 Conde-

53 1267 73 1292 »
107 1249 242 1293 lector
270 1248 356 1307 legi
391 1249 468 1292 Dei
490 1247 732 1292 secundum
754 1249 1003 1293 interiorem
1034 1251 1280 1305 hominem,
1311 1252 1440 1296 video

54 1337 74 1360 n
109 1329 254 1364 autem
279 1318 408 1362 aliam
429 1317 571 1377 legem
592 1319 638 1361 in
666 1320 871 1362 membris
894 1321 997 1364 meis
1019 1331 1337 1380 repugnantem
1354 1322 1442 1380 legi

55 1409 75 1432 »
110 1391 266 1435 mentis
285 1406 408 1444 meae,
433 1399 477 1434 et
498 1389 719 1448 captivum
739 1405 809 1433 me
831 1390 1064 1435 ducentem
1083 1391 1128 1434 in
1145 1391 1240 1450 lege
1257 1392 1438 1451 peccati,

57 1481 77 1504 »
112 1478 212 1521 quae
233 1471 297 1506 est
317 1462 361 1505 in
384 1461 590 1504 membris
610 1461 714 1504 meis
737 1464 754 1487 2
779 1480 787 1506 :
812 1479 831 1502 »
854 1462 955 1521 quia
974 1478 1063 1506 non
1081 1462 1223 1508 solum
1242 1464 1287 1507 in
1310 1463 1442 1507 domo

54 1548 128 1579 sua
143 1567 154 1587 ,
180 1548 260 1576 nec
289 1531 430 1576 solum
452 1531 498 1574 in
525 1545 626 1588 agro
648 1546 748 1586 suo,
774 1531 850 1575 sed
874 1532 918 1575 in
941 1548 1069 1576 carne
1092 1548 1168 1576 sua
1189 1532 1258 1577 vel
1277 1533 1322 1576 in
1354 1533 1444 1592 spi-

0 1628 2 1642 r
55 1603 140 1648 ritu
172 1618 250 1646 suo
282 1618 372 1646 non
404 1600 600 1659 implevit
622 1616 722 1660 quae
744 1601 943 1656 volebat,
969 1602 1173 1646 clamavit
1196 1603 1251 1647 ad
1274 1606 1412 1647 Deum
1429 1638 1441 1658 ‚

0 1709 2 1722 ‚
56 1674 129 1734 qui
150 1693 168 1713 ι(
192 1671 350 1716 Omnia
363 1666 653 1732 quaecumque
667 1671 806 1715 voluit
824 1672 927 1716 feeit
944 1672 988 1715 in
1006 1673 1118 1717 coelo
1133 1682 1176 1717 et
1194 1673 1238 1716 in
1253 1682 1364 1717 terra
1388 1693 1396 1718 :
1422 1691 1443 1715 »

58 1753 100 1789 et
121 1742 228 1786 dixit
254 1761 263 1787 2
303 1761 323 1784 «
359 1741 515 1785 Infelix
546 1757 626 1799 ego
650 1741 782 1786 homo
807 1742 821 1767 ³
839 1776 850 1796 ‚
891 1760 911 1783 »
941 1743 1037 1802 quis
1068 1758 1137 1786 me
1158 1743 1362 1787 liberabit
1389 1743 1444 1788 de

0 1821 7 1862 ι
60 1828 237 1873 corpore
261 1813 411 1857 mortis
446 1812 602 1871 hujus?
624 1815 681 1855 Et
708 1811 781 1855 ille
808 1812 971 1866 bonus,
1004 1822 1046 1857 et
1074 1812 1146 1856 ille
1174 1815 1315 1858 suavis
1350 1824 1448 1859 tan-

0 1898 8 1931 t
60 1900 188 1947 quam
211 1883 492 1944 responderet
514 1883 567 1937 ei,
589 1883 798 1927 continuo
821 1884 1020 1942 subjecit.
1052 1903 1072 1925 «
1107 1885 1253 1929 Gratia
1276 1886 1351 1928 Dei
1372 1901 1448 1944 per

65 1972 85 1997 »
119 1957 266 1999 Jesum
296 1954 519 1998 Christum
552 1952 787 1997 Dominum
825 1962 1021 1998 nostrum
1054 1955 1084 1997 ⁴.
1131 1973 1150 1996 »
1186 1958 1309 1999 Hane
1347 1971 1448 2013 ergo

62 2025 314 2076 suavitatem
352 2033 516 2078 amate,
553 2024 665 2067 hanc
700 2023 955 2067 suavitatem
987 2023 1180 2069 laudate.
1217 2025 1450 2084 Intelligite

66 2099 202 2145 Deum
217 2131 228 2151 ‚
249 2096 326 2156 qui
351 2115 371 2137 «
395 2095 552 2139 Omnia
566 2109 859 2154 quaecumque
880 2094 1019 2139 voluit
1034 2095 1135 2139 fecit
1158 2096 1202 2140 in
1215 2096 1328 2140 coelo
1346 2098 1451 2141 etin

69 2184 90 2218 η
124 2175 235 2210 terra
261 2185 270 2210 :
298 2184 317 2206 n
344 2166 433 2224 ipse
455 2173 497 2208 et
524 2165 569 2208 in
592 2164 713 2209 vobis
737 2163 864 2208 faciet
889 2165 1009 2224 quod
1031 2165 1183 2220 vultis,
1209 2167 1302 2225 ipso
1326 2167 1453 2227 adju-

0 2236 18 2280 :is
68 2244 194 2283 vante
213 2234 484 2279 voluntatem
512 2244 698 2279 vestram
719 2234 971 2293 implebitis.
1000 2235 1083 2279 Sed
1112 2236 1218 2279 dum
1251 2252 1339 2280 non
1367 2253 1450 2296 po-

1 2321 18 2350 ee
70 2307 210 2361 testis,
236 2305 532 2363 confitemini3
556 2321 655 2349 cum
679 2306 899 2364 poteritis,
927 2307 1082 2364 gratias
1106 2309 1216 2365 agite
1232 2308 1424 2367 jacentes
1439 2345 1450 2364 ‚

0 2379 19 2425 is,
73 2376 273 2434 clamate3
305 2376 459 2430 erecti,
484 2375 708 2434 superbire
730 2374 879 2422 nolite.
908 2375 988 2419 Ille
1015 2392 1116 2435 ergo
1142 2396 1162 2419 «
1199 2381 1250 2422 In
1273 2379 1387 2423 coelo
1411 2389 1455 2423 et

120 2478 130 2496 ¹
150 2473 216 2505 Gal.
237 2484 272 2514 v,
294 2481 345 2514 ¹7·
364 2489 405 2495 —
421 2478 434 2494 ²
450 2474 540 2504 Rom.
563 2481 617 2513 vu,
637 2479 693 2513 22,
712 2471 766 2504 23.
790 2488 832 2494 -
851 2470 958 2505 ³1bid.
982 2472 1035 2515 24.
1057 2490 1099 2495 —
1118 2476 1134 2502 4
1155 2474 1237 2506 lbid.
1255 2475 1307 2506 25.
