1815 3253
377 200 618 230 ENAnRAno
650 203 694 230 11⁴1
727 200 930 230 PsALMUM
961 203 1098 231 cXLvi.
1352 191 1433 230 497

53 269 318 329 psalterium.
339 269 590 314 Psalterium
606 278 751 313 autem
773 268 995 329 quoddam
1018 283 1231 327 organum
1248 277 1312 313 est
1333 285 1437 313 can-

52 339 225 395 tilenae,
258 339 368 384 sicut
393 339 487 397 lyra
504 375 514 394 ,
550 339 661 383 sicut
688 340 853 383 cithara
868 373 879 389 .,
910 348 953 383 et
973 339 1224 399 hujusmodi
1245 353 1404 397 organa
1422 374 1434 394 ,

51 425 150 469 quae
172 411 348 454 inventa
375 419 477 454 sunt
500 409 554 454 ad
575 409 857 454 cantandum.
894 409 978 462 Qui
1000 424 1103 467 ergo
1137 408 1308 468 psallit,
1348 425 1439 453 non

51 480 140 524 sola
170 496 277 525 voce
310 480 480 540 psallit,
510 480 586 524 sed
615 488 835 539 assumpto
859 479 987 522 etiam
1022 477 1214 538 quodam
1247 494 1434 536 organo,

51 550 173 610 quod
189 560 370 595 vocatur
388 549 656 610 psalterium,
673 549 980 595 accedentibus
997 549 1199 593 manibus
1220 550 1312 593 voci
1333 566 1439 594 con-

52 620 218 664 cordat.
245 622 319 665 Vis
342 636 445 680 ergo
466 621 679 680 psallere?
704 623 801 666 Non
823 619 961 664 solum
995 636 1078 664 vox
1100 628 1174 664 tua
1196 630 1320 664 sonet
1342 620 1441 664 lau-

52 690 126 736 des
149 692 252 747 Dei,
276 692 350 736 sed
381 708 511 752 opera
543 702 618 737 tua
644 690 910 737 concordent
939 707 1039 736 cum
1070 706 1177 736 voce
1209 700 1299 735 tua.
1327 694 1441 736 Cum

53 777 156 821 ergo
186 777 291 807 voce
317 762 580 818 cantaveris,
621 762 765 807 silebis
793 761 1029 823 aliquando
1055 781 1063 806 :
1088 761 1175 806 vita
1198 762 1258 807 sic
1286 771 1411 807 canta
1428 798 1440 818 ,

52 841 102 876 ut
123 848 352 893 nunquam
382 833 519 878 sileas.
555 834 786 891 Negotium
821 833 930 891 agis,
957 841 1000 877 et
1022 830 1223 877 fraudem
1250 835 1440 892 cogitas,

51 903 207 947 siluisti
242 920 265 948 a
291 903 422 948 laude
448 904 524 949 Dei
551 923 559 948 :
585 914 628 948 et
663 903 784 964 quod
805 904 975 962 gravius
1009 913 1097 959 est,
1130 920 1220 948 non
1248 904 1391 949 solum
1419 920 1443 949 a

50 974 182 1020 laude
204 976 380 1032 siluisti,
406 977 481 1021 sed
503 977 549 1021 in
579 976 895 1037 blasphemiam
926 979 1164 1038 perrexisti.
1191 981 1304 1024 Cum
1326 979 1444 1023 enim

52 1051 167 1093 Deus
184 1047 390 1110 laudatur
406 1049 460 1092 de
474 1049 592 1093 bono
606 1065 737 1108 opere
754 1058 848 1105 tuo,
865 1066 995 1109 opere
1010 1060 1087 1094 tuo
1104 1050 1256 1095 laudas
1279 1054 1443 1109 Deum3

52 1127 96 1163 et
119 1134 219 1163 cum
242 1118 572 1178 blasphematur
592 1123 707 1164 Deus
728 1120 783 1164 de
805 1120 921 1164 malo
945 1136 1075 1179 opere
1093 1130 1193 1175 tuo,
1215 1137 1345 1180 opere
1367 1131 1471 1166 tuo*

51 1189 326 1248 blasphemas
349 1193 502 1234 Deum.
518 1193 671 1249 Itaque
693 1190 748 1233 ad
767 1190 938 1234 aurium
957 1191 1301 1235 exhortationem
1318 1200 1446 1236 canta

53 1275 158 1304 voce
185 1279 193 1304 :
225 1260 357 1305 corde
378 1276 434 1304 ne
453 1260 596 1315 sileas,
621 1260 710 1305 vita
734 1276 790 1304 ne
811 1269 968 1304 taceas.
995 1263 1093 1306 Non
1115 1261 1276 1318 cogitas
1299 1262 1344 1305 in
1367 1277 1445 1306 ne-

53 1331 170 1388 gotio
202 1330 403 1375 fraudem
423 1366 433 1385 ,
476 1330 622 1390 psallis
657 1334 763 1375 Deo.
798 1332 912 1375 Cum
949 1329 1187 1375 manducas
1226 1340 1269 1375 ct
1304 1332 1441 1387 bibis,

0 1452 2 1454 v
53 1400 214 1460 psalle,
250 1417 339 1446 non
377 1400 715 1445 intermiscendo
746 1415 953 1444 sonorum
981 1401 1213 1446 suavitates
1244 1401 1298 1445 ad
1321 1418 1446 1446 aures

0 1473 2 1478 '
53 1482 174 1531 aptas
192 1508 202 1527 ,
227 1473 304 1517 sed
326 1473 520 1517 modeste
551 1482 594 1516 et
619 1470 844 1530 frugaliter
866 1480 910 1515 et
941 1481 1232 1531 temperanter
1253 1474 1443 1518 mandu-

0 1530 3 1538 Ι
53 1543 194 1588 cando
218 1552 262 1587 et
291 1543 496 1588 bibendo.
512 1543 634 1597 'Quia
649 1543 734 1587 hoc
752 1541 858 1586 dicit
875 1542 1138 1601 Apostolus:
1163 1562 1182 1584 «
1206 1543 1303 1587 Sive
1321 1559 1447 1588 man-
1488 1594 1491 1596 ,

0 1602 6 1672 ζ
53 1630 74 1654 »
108 1612 293 1668 ducatis,
313 1613 401 1658 sive
422 1613 588 1668 bibitis,
615 1612 703 1657 sive
724 1612 831 1673 quid
853 1611 1010 1667 facitis,
1031 1613 1178 1657 omnia
1199 1613 1242 1656 in
1264 1613 1443 1671 gloriam

0 1685 6 1690 ”
54 1702 75 1725 »
109 1685 187 1729 Dei
207 1684 383 1730 facite&
416 1704 435 1726 »
470 1685 512 1729 Si
535 1700 636 1743 ergo
664 1685 778 1728 bene
816 1684 903 1742 agis
925 1683 1046 1744 quod
1069 1693 1112 1728 et
1139 1684 1377 1729 manducas
1401 1695 1444 1730 et

0 1743 6 1749 ⁸
51 1754 165 1799 bibis
183 1791 195 1810 ,
219 1765 262 1800 et
286 1754 341 1799 ad
364 1753 645 1799 resectionem
665 1754 858 1814 corporis
881 1754 1014 1798 sumis
1036 1755 1444 1815 reparationemque

53 1825 372 1881 membrorum,
406 1826 562 1884 gratias
584 1826 714 1884 age‘ns
737 1825 776 1868 ei
797 1825 873 1884 qui
895 1824 975 1868 tibi
998 1825 1188 1884 praebuit
1208 1827 1380 1871 mortali
1402 1836 1445 1871 et

52 1893 192 1954 fragili
208 1897 288 1941 ista
306 1895 713 1955 supplementorum
731 1894 880 1939 solatia
898 1916 909 1953 3
925 1904 968 1939 et
982 1895 1106 1939 cibus
1129 1905 1230 1940 tuus
1252 1906 1295 1940 ct
1315 1906 1445 1956 potus

52 1975 153 2011 tuus
175 1966 324 2011 laudat
345 1970 485 2011 Deum
513 1985 521 2010 :
548 1965 581 2009 si
602 1981 703 2010 vero
729 1965 911 2010 modum
933 1975 1101 2010 naturae
1134 1966 1333 2010 debitum
1358 1968 1443 2012 im-

53 2036 351 2082 moderatione
379 2037 624 2081 voracitatis
647 2036 829 2080 excedas
846 2071 857 2091 ,
893 2045 935 2080 et
956 2035 1193 2080 vinolentia
1215 2046 1258 2081 te
1292 2038 1446 2097 ingur-

55 2110 159 2166 gites
185 2129 196 2166 3
239 2107 535 2169 quantaslibet
571 2107 722 2151 laudes
758 2106 836 2151 Dei
878 2106 1027 2165 lingua
1063 2115 1138 2151 tua
1170 2117 1293 2152 sonet
1310 2144 1321 2163 ,
1355 2100 1444 2154 vita

55 2177 340 2238 blasphemat.
368 2182 471 2222 Post
493 2177 641 2222 cibum
659 2185 703 2220 et
723 2186 878 2235 potum
897 2177 1142 2236 requiescis,
1159 2186 1208 2221 ut
1226 2177 1414 2223 dormias
1432 2199 1443 2236 ς

56 2265 136 2293 nec
156 2250 201 2294 in
224 2249 338 2293 lecto
354 2247 519 2308 aliquid
538 2248 722 2307 turpiter
745 2262 842 2305 agas
858 2282 868 2302 ,
893 2262 975 2291 nec
997 2247 1178 2291 excedas
1200 2248 1315 2293 ultra
1337 2266 1447 2294 con-

57 2335 218 2365 cessam
240 2319 461 2363 licentiam
481 2318 526 2361 in
549 2317 644 2376 lege
678 2317 753 2360 Dei
778 2336 787 2361 ε
814 2317 868 2361 sit
889 2326 1030 2361 castus
1053 2333 1154 2360 cum
1177 2319 1362 2377 conjuge
1380 2329 1450 2364 to-

59 2386 130 2435 rus
160 2410 169 2436 :
200 2399 243 2434 et
264 2390 297 2434 si
319 2398 382 2434 est
409 2404 512 2433 cura
532 2387 803 2448 propagandi
824 2387 1005 2442 liberos,
1037 2403 1126 2432 non
1161 2388 1214 2432 sit
1237 2389 1447 2435 effrenata

107 2496 114 2511 ¹
137 2501 147 2520 ι
170 2491 242 2521 Cor.
263 2500 294 2523 x,
312 2488 364 2520 31.

195 2566 315 2593 cxix.
1184 2552 1233 2588 532
