1815 3253
358 273 441 313 378
803 285 837 311 s.
872 281 1102 316 Aucvsrtm
1133 285 1315 313 EPISCOPI

354 349 463 393 laret
475 348 639 408 ubique
652 362 769 407 seges
786 347 1017 393 Ecclesiae?
1035 367 1054 390 «
1072 349 1264 394 Audient
1275 383 1285 403 ‚
1301 349 1458 408 inquit,
1473 349 1606 394 verba
1621 364 1732 405 mea,

356 437 377 460 »
412 418 618 478 quoniam
641 418 977 478 praevaluerunt.
1002 435 1023 459 υ
1042 416 1166 463 Unde
1185 417 1536 477 praevaluerunt?
1555 421 1649 463 Jam
1674 418 1737 463 di-

354 488 516 543 ximus,
537 503 636 532 cum
659 488 952 548 praedicantur
977 504 1000 532 a
1028 502 1116 531 non
1138 487 1405 532 timentibus.
1431 489 1547 546 Quid
1570 504 1660 532 non
1679 490 1737 533 ti-

354 558 600 611 mentibus?
628 574 708 602 nec
728 559 851 602 exilia
865 593 877 614 ‚
907 573 986 602 nec
1009 558 1191 612 damna,
1211 572 1290 602 nec
1307 566 1514 613 mortem,
1537 573 1617 602 nec
1638 574 1739 603 cru·
1791 579 1815 595 -“

354 643 463 679 cem.
491 631 589 674 Non
612 628 727 672 enim
747 643 826 672 nec
844 636 1029 672 mortem
1050 625 1184 671 solam
1200 647 1211 683 ς
1230 627 1306 671 sed
1327 643 1406 671 nec
1429 643 1602 671 crucem
1617 662 1629 684 ‚
1651 644 1736 689 qua
1788 662 1789 666 ,

354 706 494 742 morte
508 696 617 740 nihil
631 696 861 741 videbatur
878 695 1174 741 execrabilius.
1208 699 1351 755 Ipsam
1369 697 1578 741 Dominus
1595 713 1740 743 susce·
1800 690 1804 698 ¹

354 768 442 826 pit,
468 782 523 810 ne
547 767 753 826 Discipuli
777 768 866 826 ejus
888 775 1071 810 mortem
1095 765 1273 826 quidem
1296 782 1385 810 non
1407 768 1610 811 timerent
1628 802 1640 821 ‚
1665 768 1740 813 sed
1792 785 1797 790 ·

353 852 434 880 nec
456 851 588 894 genus
606 837 752 880 mortis
766 837 1080 880 horrescerent.
1101 839 1215 894 Ergo
1230 852 1254 879 a
1269 851 1358 880 non
1371 835 1624 883 timentibus
1638 852 1739 881 cum
1798 837 1815 886 ’ζ

355 905 561 950 dicuntur
582 906 676 950 haec
694 904 1035 965 praevaluerunt.
1086 934 1088 936 -

412 977 534 1023 XXI.
560 975 678 1027 Quid
699 991 801 1034 ergo
823 969 983 1019 mortes
1009 973 1094 1018 illae
1116 973 1313 1023 omnium
1342 977 1608 1032 Martyrum,
1632 974 1740 1034 quid
1796 978 1801 987 “

354 1037 577 1089 fecerunt?
599 1044 715 1089 Audi
740 1064 749 1089 :
779 1064 799 1087 «
828 1045 945 1089 Sicut
961 1043 1198 1089 crassitudo
1217 1052 1341 1088 terrae
1364 1043 1558 1104 disrupta
1581 1053 1644 1087 est
1664 1059 1739 1093 su-
1791 1061 1798 1068 ·

360 1134 377 1156 »
412 1130 489 1175 per
506 1124 688 1171 terram,
703 1115 904 1175 dissipata
922 1123 1023 1159 sunt
1035 1117 1160 1178 juxta
1176 1113 1396 1157 infernum
1411 1130 1502 1158 ossa
1520 1116 1735 1163 nostrast.»
1794 1151 1798 1161 ,

355 1186 484 1228 Juxta
500 1183 721 1228 infernum
738 1184 941 1244 dissipata
959 1193 1060 1227 sunt
1076 1199 1168 1228 ossa
1185 1186 1429 1241 Martyrum
1445 1219 1456 1238 ‚
1475 1184 1520 1227 id
1540 1193 1603 1227 est
1617 1219 1628 1239 ‚
1644 1199 1741 1230 eor÷
1789 1202 1796 1207 ·

353 1270 458 1318 pora
482 1256 658 1299 testium
677 1255 851 1304 Christi.
877 1255 1016 1299 Occisi
1039 1263 1140 1298 sunt
1162 1255 1277 1298 enim
1299 1257 1535 1312 Martyres,
1552 1264 1595 1298 et
1616 1254 1739 1319 quasi
1788 1294 1791 1297 .

354 1324 677 1384 praevaluerunt
718 1325 793 1384 qui
825 1324 1095 1368 occiderunt.
1135 1322 1462 1369 Praevaluerunt
1494 1323 1556 1367 illi
1596 1339 1740 1383 perse·
1791 1348 1815 1376 ‚53

354 1394 612 1454 quendo‚Jut
630 1393 914 1454 praevalerent
929 1393 1059 1438 verba
1076 1393 1234 1439 Christi
1247 1393 1539 1451 praedicando.
1560 1396 1616 1437 Et
1633 1393 1740 1454 quid
1791 1399 1815 1463 ’ψ

353 1464 518 1509 factum
560 1474 623 1509 est
656 1464 711 1509 de
746 1465 959 1509 mortibus
980 1465 1260 1508 sanctorum?
1305 1482 1325 1506 «
1361 1463 1480 1508 Sicut
1502 1464 1738 1514 crassitudo
1786 1480 1815 1516 'te

355 1554 375 1577 »
411 1544 534 1579 terrae
555 1533 751 1594 disrupta
767 1543 830 1578 est
851 1549 979 1594 super
1000 1543 1157 1583 terram
1170 1568 1181 1588 ‚
1204 1532 1406 1592 dissipata
1423 1543 1524 1577 sunt
1533 1534 1654 1594 juxta
1671 1534 1738 1582 in-
1801 1560 1815 1587 κ

355 1623 376 1647 »
412 1604 585 1648 fernum
607 1621 700 1649 ossa
722 1614 883 1648 nostra.
913 1622 933 1644 »
959 1602 1073 1656 Quid
1095 1612 1178 1658 est,
1209 1622 1229 1644 «
1250 1602 1489 1648 crassitudo
1512 1602 1636 1647 terrae
1651 1603 1739 1648 dis-
1801 1634 1805 1653 ,

358 1692 378 1716 »
413 1683 541 1734 rupta
584 1684 647 1718 est
684 1689 814 1734 super
854 1674 1045 1717 terram?
1086 1691 1106 1714 »
1142 1673 1353 1718 Novimus
1412 1672 1738 1718 crassitudinem
1800 1702 1803 1722 1

356 1752 502 1801 terrae,
528 1742 873 1803 contemptibilia
895 1758 1083 1802 quaeque
1098 1757 1202 1786 esse.
1230 1744 1338 1794 Quae
1360 1753 1460 1786 sunt
1482 1743 1604 1803 quasi
1629 1759 1738 1787 con-

354 1813 612 1872 temptibilia
626 1813 892 1867 hominibus,
909 1805 1167 1856 foecundant
1182 1820 1351 1856 terram.
1366 1815 1474 1857 Nam
1492 1813 1657 1857 dictum
1675 1822 1738 1857 est
1764 1842 1765 1846 =
1797 1842 1815 1860 s

353 1891 397 1926 et
421 1883 466 1926 in
487 1882 678 1942 quodam
709 1882 878 1927 Psalmo
896 1882 1079 1943 jacuisse
1100 1890 1259 1925 mortes
1280 1891 1549 1940 sanctorum3
1574 1892 1616 1926 et
1647 1898 1735 1935 non
1796 1911 1806 1938 fl

352 1951 436 1996 fuit
458 1953 533 2013 qui
555 1952 768 2012 sepeliret.
793 1953 877 1997 Sed
898 1952 983 1996 illae
1005 1967 1154 1996 omnes
1173 1962 1332 1996 mortes
1351 1951 1478 1996 factae
1497 1961 1598 1996 sunt
1619 1947 1735 1997 cras-¹
1796 1966 1815 2008 Μ’

351 2022 494 2067 situdo
525 2027 690 2067 terrae‘2.
717 2022 948 2076 Quomodo
979 2023 1134 2082 accipit
1162 2032 1275 2066 terra
1298 2023 1532 2083 quamdam
1553 2023 1735 2082 pingue·
1795 2052 1815 2079 ,Ι

350 2087 497 2137 dinem
512 2093 566 2137 de
582 2093 711 2137 rebus
723 2093 1127 2153 contemptibilibus
1140 2103 1182 2137 et
1198 2094 1391 2152 abjectis,
1410 2093 1469 2137 sic
1482 2108 1532 2136 ex
1546 2108 1597 2137 eo
1615 2092 1734 2153 quod
1771 2126 1774 2128 -
1795 2123 1815 2152 Ι,ί

351 2163 610 2221 contempsit
628 2163 698 2206 hic
728 2162 917 2206 mundus
934 2197 945 2216 ,
979 2163 1145 2220 accepit
1171 2162 1498 2206 crassitudinem
1520 2171 1632 2206 terra
1648 2198 1658 2217 ‚
1685 2172 1735 2207 ut
1794 2176 1814 2221 fit

350 2232 453 2275 inde
477 2248 594 2290 seges
616 2231 820 2275 Ecclesiae
842 2231 1027 2275 feracius
1050 2230 1299 2290 pullularet.
1326 2235 1349 2276 J
1355 2247 1421 2275 am
1445 2233 1576 2276 nostis
1593 2267 1604 2287 ‚
1644 2231 1732 2277 fra·
1793 2261 1815 2292 w

350 2312 450 2356 tres,
467 2303 567 2361 quia
582 2301 924 2361 contemptibilia
943 2311 1068 2345 terrae
1080 2302 1224 2362 hujus,
1247 2303 1301 2346 de
1318 2302 1476 2362 quibus
1494 2303 1733 2362 pinguescit
1792 2321 1815 2361 ,[

350 2381 461 2416 terra
478 2407 488 2425 ‚
513 2387 593 2416 nec
608 2371 824 2431 appellare
844 2370 966 2427 volo,
993 2387 1071 2416 nec
1086 2372 1227 2415 dicere
1252 2371 1400 2417 decet:
1425 2371 1518 2416 talis
1536 2382 1599 2417 est
1616 2388 1732 2432 quae·
1792 2403 1815 2432 ,ΗΠ

349 2442 449 2486 dam
467 2442 614 2500 sagina
637 2433 760 2485 terrae
774 2477 784 2493 ‚
799 2451 842 2485 et
862 2441 1066 2502 quaedam
1085 2442 1320 2502 pinguedo3
1338 2451 1380 2486 et
1402 2442 1731 2502 contemptibile
1791 2470 1815 2502 Μ

347 2521 412 2557 est
436 2512 712 2568 hominibUS,
740 2521 783 2556 et
818 2513 940 2573 quasi
966 2512 1189 2558 sordidum
1211 2522 1299 2570 est,
1325 2523 1368 2558 et
1402 2513 1615 2572 abjicitur.
1644 2513 1729 2559 Sed

397 2603 407 2620 ¹
425 2595 506 2628 Psal.
529 2606 600 2638 exn,
616 2606 646 2637 7.
668 2612 709 2619 —
728 2602 741 2618 ²
761 2596 807 2628 Id.
831 2607 965 2637 Lxxvm,
983 2597 1014 2628 3.
