1815 3253
308 240 552 272 ENARRATIO
581 244 630 272 ηπ
661 241 865 273 Pur-mm
894 246 1108 274 cxxxvm.
1325 231 1410 272 315

0 339 1 352 ³
25 325 198 374 possum
220 310 370 369 fugere
392 308 537 355 afacie
557 318 648 355 tua.
675 311 716 356 Si
738 311 785 356 in
796 320 985 356 extrema
1000 310 1127 354 maris
1142 309 1239 355 vult
1260 311 1412 369 fugere

27 399 50 431 a
81 380 192 427 facie
216 381 315 436 Dei,
340 381 400 425 ibi
424 396 512 426 non
537 381 618 425 erit
650 380 722 426 ille
745 398 769 426 a
801 398 890 443 quo
908 381 1048 440 fugit,
1073 380 1129 425 de
1155 396 1246 441 quo
1267 380 1376 426 dixit
1398 400 1408 426 ε

31 472 52 505 (ε,
85 453 128 498 Si
144 451 466 497 descenderoin
489 451 734 508 infernum,
763 452 897 497 ades?
922 472 940 495 »
966 452 1129 496 Mirum
1149 451 1183 494 si
1205 451 1251 494 in
1267 461 1411 495 extre-

0 476 104 573 ‚imis
125 523 254 566 maris
276 537 365 566 non
387 531 471 576 est,
504 522 581 582 qui
607 538 686 567 nec
708 522 826 582 apud
847 520 1008 567 inferos
1031 521 1166 566 deest.
1198 520 1282 566 Sed
1308 522 1411 566 novi

0 593 187 652 ‚inquit‚
224 591 447 652 quomodo
484 590 648 651 fugiam
693 593 746 638 ab
778 593 841 638 ira
869 602 959 637 tua.
1003 590 1281 651 Recipiendae
1309 600 1412 635 sunt

0 682 2 710 ι
26 678 180 724 pennae
207 678 315 707 meae
339 677 428 707 non
456 663 502 706 in
530 670 738 723 pravum,
760 663 836 708 sed
856 664 901 708 in
920 662 1159 717 directum,
1184 672 1234 706 ut
1256 678 1337 706 nec
1364 662 1410 706 in

0 751 4 798 Ι
26 735 253 794 superbam
276 735 416 793 erigar
443 736 828 795 praesumptionem
843 771 855 791 ‚
880 752 960 780 nec
988 735 1033 779 in
1055 734 1269 795 perditam
1294 749 1408 777 mer-

0 804 7 853 i
26 820 98 864 gar
120 803 481 864 desperationem.
508 809 620 858 Quas
643 821 805 864 pennas
821 805 918 850 vult
939 820 1178 859 assumere,
1203 804 1282 848 nisi
1302 805 1411 848 duas

0 871 133 929 κὼς,
167 876 256 919 duo
284 885 500 935 praecepta
529 876 784 921 charitatis?
818 880 870 921 In
902 877 1062 937 quibus
1092 875 1267 920 duobus
1293 890 1409 935 prae·

0 946 154 1016 Jeeptis
178 954 265 990 tota
295 948 383 989 Lex
408 945 570 1004 pendet
592 955 635 990 et
657 948 926 1006 Prophetae1.
956 950 1064 1002 Has,
1101 945 1270 1005 inquit,
1297 946 1409 1000 alas‚

0 1016 99 1064 thas
123 1030 287 1075 pennas
308 1015 341 1058 si
375 1015 579 1074 recipiam
608 1017 667 1060 sic
685 1051 695 1069 ‚
730 1026 772 1060 et
799 1017 1009 1061 habitabo
1037 1017 1082 1060 in
1105 1024 1298 1060 extrema
1320 1031 1413 1058 ma-

0 1067 103 1148 sris,
128 1101 302 1146 possum
327 1084 477 1144 fugere
515 1102 537 1129 a
563 1085 672 1130 facie
694 1095 770 1131 tua
803 1087 858 1131 ad
887 1086 1041 1131 faciem
1078 1100 1222 1140 tuam,
1256 1102 1280 1129 a
1303 1084 1413 1129 facie

7 1149 118 1237 *v'irati
147 1156 201 1201 ad
228 1156 382 1201 faciem
411 1156 584 1216 placati.
619 1157 737 1210 Quid
764 1158 879 1201 enim
903 1167 967 1202 est
990 1166 1231 1201 extremum
1259 1157 1409 1212 maris,

5 1247 8 1253 ¹
26 1227 103 1273 nisi
124 1227 220 1270 finis
244 1227 421 1271 saeculi?
443 1225 552 1271 Illuc
572 1228 664 1287 jam
686 1227 882 1272 volemus
904 1243 979 1288 spe
1000 1237 1044 1271 et
1070 1226 1287 1271 desiderio
1301 1263 1312 1282 ,
1331 1227 1413 1271 ha-

26 1298 174 1346 bentes
199 1296 286 1341 alas
304 1297 490 1357 geminae
511 1298 757 1342 charitatis:
785 1314 874 1343 non
896 1299 950 1344 sit
970 1298 1097 1343 nobis
1119 1298 1311 1358 requieS,
1332 1298 1414 1342 nisi

0 1358 69 1444 *in
105 1377 298 1413 extremo
326 1369 470 1417 maris.
502 1371 611 1413 Nam
635 1369 670 1413 si
692 1368 797 1413 alibi
830 1370 1023 1430 requiem
1052 1369 1342 1424 voluerimus,
1368 1369 1415 1413 in

0 1451 7 1487 Ι
25 1455 141 1492 mare
163 1439 548 1500 praecipitabimur.
575 1441 782 1485 Volemus
804 1457 1035 1502 quousque
1056 1442 1234 1486 finiatur
1261 1456 1380 1485 mare
1399 1475 1412 1495 ,

1 1495 338 1577 isuspendamus
363 1526 440 1555 nos
474 1511 628 1570 pennis
660 1512 844 1568 geminae
875 1511 1119 1557 dilectionis
1145 1531 1153 1556 :
1190 1512 1246 1555 ad
1274 1514 1414 1555 Deum

2 1580 8 1641 i
26 1581 196 1628 interim
219 1597 294 1641 spe
315 1581 526 1637 volemus,
548 1591 591 1625 et
612 1581 736 1626 illum
760 1583 892 1626 finem
915 1583 1044 1627 maris
1067 1598 1142 1642 spe
1164 1581 1284 1626 fideli
1302 1597 1415 1642 prae-

4 1650 300 1703 fmeditemur.
328 1683 330 1685 »

4 1725 10 1768 ἶ
81 1726 206 1768 XIII.
242 1723 349 1777 Quis
378 1732 524 1767 autem
552 1739 630 1767 nos
659 1722 893 1783 perducat,
927 1723 1140 1768 attendite
1166 1743 1175 1768 :
1202 1722 1276 1767 ille
1299 1723 1411 1783 ipse,

6 1794 149 1854 {cujus
175 1792 332 1839 faciem
364 1793 461 1837 irati
481 1792 684 1838 volumus
709 1792 876 1853 fugere.
903 1794 1021 1848 Quid
1050 1795 1165 1838 enim
1191 1793 1416 1853 sequitur?

5 1876 11 1906 ε
33 1882 50 1906 «
86 1863 128 1909 Si
158 1862 424 1908 descendero
456 1864 500 1906 in
533 1863 754 1908 infernum
773 1899 784 1919 ,
809 1864 926 1909 ades.
953 1864 999 1909 Si
1023 1864 1225 1923 recipiam
1251 1879 1417 1924 pennas

22 1914 54 1976 bi
83 1949 200 1979 meas
227 1934 271 1978 in
294 1933 524 1979 directum.
552 1935 797 1993 Roeipiam,
826 1953 847 1975 »
870 1935 1015 1995 inquit
1039 1954 1048 1980 ι
1074 1950 1177 1994 ergo
1198 1935 1412 1980 amiserat.

0 2022 51 2054 iv«
86 2004 129 2049 Si
162 2005 366 2063 recipiam
397 2019 561 2063 pennas
590 2020 707 2048 meas
736 2004 780 2048 in
813 2003 1026 2049 directum
1045 2040 1056 2060 ‚
1077 2014 1121 2049 et
1141 2004 1350 2049 habitabo
1372 2005 1418 2049 in

0 2100 1 2120 t
23 2056 54 2116 1υ
85 2074 316 2118 novissima
339 2074 482 2118 maris.
508 2075 681 2118 Etenim
701 2074 806 2119 illuc
829 2090 984 2119 manus
1007 2084 1082 2119 tua
1105 2074 1296 2120 deducet
1317 2090 1417 2132 me3

0 2170 3 2198 Ι
35 2161 54 2192 η
85 2153 128 2189 et
148 2144 339 2189 adducet
361 2160 430 2188 me
448 2144 623 2189 dextera
647 2148 766 2189 tua2.
791 2164 811 2188 η
833 2149 927 2191 Hoc
948 2145 1213 2191 meditemur
1230 2182 1242 2201 ,
1267 2145 1419 2190 fratres

34 2214 261 2261 charissimi
278 2251 289 2271 ‚
316 2216 412 2260 haec
429 2216 484 2259 sit
500 2231 596 2276 spes
618 2226 786 2272 nostra,
811 2217 906 2262 haec
923 2218 977 2263 sit
996 2216 1236 2262 consolatio
1253 2226 1416 2262 nostra.

0 2321 5 2331 .
35 2286 305 2346 Recipiamus
332 2302 499 2346 pennas
531 2303 609 2347 per
637 2288 918 2344 charitatem,
957 2304 1065 2349 quas
1094 2289 1313 2333 amisimus
1345 2305 1421 2348 per

0 2381 6 2411 1
35 2356 328 2416 cupiditatem.
363 2357 589 2416 Cupiditas
620 2358 734 2403 enim
759 2358 926 2403 viscum
949 2358 1064 2403 facta
1089 2368 1152 2403 est
1176 2374 1418 2419 pennarum

0 2452 7 2483 2
35 2436 273 2475 nostrarum
293 2446 302 2472 :
324 2427 436 2471 elisit
458 2443 536 2471 nos
557 2427 611 2471 de
635 2427 837 2473 libertate
857 2430 965 2474 aeris
983 2430 1144 2485 nostri,
1169 2430 1213 2474 id
1231 2439 1316 2484 est,
1343 2446 1422 2474 au-

0 2515 8 2556 ρ
36 2512 175 2543 rarum
195 2498 369 2543 illarum
390 2499 628 2543 liberarum
659 2500 841 2560 Spiritus
862 2502 954 2546 Dei.
981 2501 1090 2547 Inde
1111 2501 1204 2546 elisi
1228 2500 1421 2561 perdidi-

80 2588 89 2604 ¹
114 2583 227 2616 Matth.
247 2594 327 2624 xxii,
346 2582 401 2625 4ο.
417 2590 484 2607 ——2
504 2583 583 2615 Psal.
610 2594 765 2625 cxxxvm,
790 2595 840 2617 10.

0 2608 30 2751 'i

28 2754 30 2811 ἒ
