1815 3253
323 260 377 301 52
747 275 780 303 s.
816 272 1047 305 Aueusnm
1078 277 1259 306 1-:121500121

317 337 512 383 sentiunt
535 352 579 382 se
600 338 831 400 vapulare,
853 350 896 386 et
914 352 1131 388 noverunt
1150 344 1246 404 quis
1260 343 1386 404 jussit
1403 351 1453 389 ut
1468 344 1699 405 vapulent3

316 417 361 454 et
380 408 635 454 levaverunt
655 409 804 455 oculos
833 426 932 457 suos
954 411 1010 458 ad
1030 429 1130 458 eum
1148 449 1159 469 ,
1183 414 1259 475 qui
1292 414 1459 460 habitat
1491 415 1537 460 in
1559 414 1699 474 coelo3

314 479 433 525 etsie
448 489 552 525 sunt
573 480 688 526 oculi
705 497 856 527 eorum
878 482 923 527 in
940 499 1093 528 manus
1110 484 1281 529 Domini
1303 485 1388 541 sui,
1416 485 1703 546 quoadusque

314 551 594 609 misereatur,
619 553 731 598 sicut
761 553 877 606 oculi
906 570 1127 600 servorum
1160 556 1206 600 in
1241 571 1394 601 manus
1424 556 1703 602 dominorum

312 637 490 668 suorum
503 658 514 679 ,
536 632 579 668 et
595 624 705 670 sicut
735 624 849 670 oculi
877 625 1043 670 ancillae
1063 627 1108 670 in
1126 642 1280 672 manus
1298 627 1486 672 dominae
1503 643 1607 672 suae.
1623 627 1703 672 Vi-

312 692 388 738 des
405 693 549 739 felices
563 693 729 756 aliquos
742 695 786 740 in
800 696 881 741 isto
899 697 1058 742 saeculo
1075 697 1279 753 ridentes,
1295 699 1506 759 jactantes
1528 714 1572 743 se
1587 719 1598 756 3
1614 713 1704 743 non

312 763 521 824 vapulant
554 784 562 810 :
587 764 675 810 imo
697 766 818 826 pejus
844 767 1049 827 vapulant
1073 789 1084 827 3
1105 769 1187 813 hoc
1210 768 1302 827 ipso
1328 768 1496 826 gravius
1523 768 1704 813 caedun-

311 843 398 891 tur,
423 852 512 896 quo
531 852 704 881 sensum
721 837 811 897 jam
829 837 1128 897 perdiderunt.
1145 837 1385 897 Evigilent,
1403 848 1446 883 et
1467 838 1700 899 vapulent3

309 905 498 949 sentiant
527 907 628 967 quia
650 906 877 966 vapulant,
911 909 1049 953 sciant
1071 909 1174 970 quia
1209 908 1438 969 vapulant,
1462 919 1504 954 et
1527 908 1705 953 doleant

310 975 414 1036 quia
441 975 667 1037 vapulant.
691 978 937 1030 «Quoniam
955 980 1032 1039 qui
1050 980 1230 1040 apponit
1249 980 1494 1034 scientiam,
1526 979 1705 1039 apponit

312 1065 332 1089 »
368 1047 561 1092 dolorem
580 1069 590 1106 3
609 1048 692 1092 hoc
707 1048 927 1109 Scriptura
947 1049 1053 1094 dixit
1066 1052 1079 1076 ¹
1103 1068 1142 1094 ν.
1161 1049 1265 1095 Ideo
1277 1050 1539 1094 Dominusin
1557 1053 1705 1094 Evan-

315 1137 335 1161 «
362 1119 473 1178 gelio
496 1137 505 1163 z
531 1119 651 1164 Beati
672 1119 870 1179 lugentes
886 1156 897 1176 ,
922 1121 1130 1181 quoniam
1162 1121 1244 1181 ipsi
1268 1120 1612 1165 consolabuntur
1626 1125 1658 1164 2.
1679 1139 1701 1162 η

367 1192 468 1234 VII.
512 1190 753 1235 Audiamus
787 1207 937 1236 vocem
976 1191 1162 1236 hominis
1196 1192 1272 1252 qui
1315 1191 1510 1251 vapulat,
1544 1199 1586 1235 et
1617 1191 1703 1236 sint

309 1260 401 1304 istae
420 1259 762 1321 uniuscujusque
788 1271 986 1307 nostrum
1013 1277 1139 1307 voces
1161 1271 1204 1306 et
1228 1261 1405 1323 quando
1437 1261 1562 1306 nobis
1584 1261 1700 1305 bene

308 1339 387 1375 est.
409 1334 518 1376 Nam
536 1332 633 1392 quis
656 1347 745 1376 non
766 1332 980 1391 intelligat
1001 1332 1209 1392 vapulare
1232 1349 1275 1377 se
1298 1332 1475 1393 quando
1495 1340 1700 1390 aegrotat,

309 1402 489 1462 quando
516 1402 563 1446 in
585 1417 754 1447 carcere
776 1412 865 1457 est,
905 1403 1084 1463 quando
1106 1403 1217 1447 forte
1239 1403 1283 1446 in
1316 1412 1466 1447 catena
1482 1437 1493 1457 ,
1521 1401 1701 1462 quando
1721 1402 1725 1407 ”
1772 1429 1773 1443 i

309 1473 422 1518 lorte
452 1468 860 1533 latrones'patitur‘?
884 1474 1070 1527 Quando
1099 1474 1154 1518 ab
1189 1473 1407 1534 aliquibus
1432 1474 1641 1533 improbis
1664 1473 1705 1518 ei

312 1544 471 1605 aliquae
500 1544 707 1589 molestiae
740 1545 1009 1603 irrogantur,
1046 1546 1175 1589 sentit
1206 1545 1412 1605 vapulare
1439 1561 1497 1589 se.
1524 1547 1706 1602 Magnus

313 1631 462 1660 sensus
486 1625 574 1671 est,
599 1614 747 1659 videre
770 1616 871 1676 quia
899 1615 1077 1675 vapulat
1104 1625 1146 1660 et
1179 1615 1356 1676 quando
1388 1615 1450 1658 illi
1482 1616 1592 1658 bene
1624 1624 1701 1659 est.

312 1689 411 1733 Non
444 1687 558 1730 enirn
584 1686 643 1730 ait
677 1687 896 1746 Scriptura
925 1687 970 1730 in
996 1686 1106 1741 Job,
1146 1686 1476 1731 Tentationibus
1507 1685 1705 1730 abundat
1764 1678 1766 1731 ἕ

313 1759 400 1803 vita
422 1758 616 1802 humana
642 1776 651 1802 z
676 1757 751 1801 sed
781 1757 860 1812 ait,
891 1756 1157 1817 «Numquid
1178 1772 1269 1801 non
1301 1756 1484 1800 tentatio
1518 1765 1581 1800 est
1615 1755 1705 1800 vita
1762 1753 1764 1798 Ῐ

318 1849 337 1872 n
377 1829 564 1873 humana
581 1842 710 1887 super
732 1829 914 1871 terram3
929 1828 947 1869 ‘3
964 1845 984 1868 »
1012 1829 1163 1871 Totam
1185 1826 1320 1886 ipsam
1343 1826 1476 1871 vitam
1499 1826 1705 1870 tentatio-

312 1914 413 1944 nem
434 1899 556 1944 dixit.
582 1897 734 1942 Omnis
756 1911 856 1956 ergo
872 1898 959 1942 vita
988 1905 1063 1942 tua
1085 1912 1215 1957 super
1236 1907 1393 1941 terram
1408 1932 1418 1952 ,
1448 1896 1586 1956 plagae
1620 1905 1705 1941 tuae

313 1978 429 2016 sunt.
466 1969 628 2028 Plange
649 1967 847 2029 quandiu
870 1968 979 2014 vivis
1007 1969 1052 2013 in
1075 1977 1187 2013 terra
1215 1987 1223 2013 :
1249 1968 1337 2012 sive
1366 1966 1548 2011 feliciter
1569 1967 1701 2023 vivas,

312 2041 399 2086 sive
420 2040 465 2084 in
483 2039 628 2100 aliqua
649 2038 929 2084 tribulatione
951 2039 1212 2083 constitutus
1235 2039 1289 2082 εἰς
1304 2073 1314 2093 ,
1340 2036 1476 2082 clama
1494 2072 1504 2092 ,
1534 2056 1554 2079 «
1572 2037 1640 2081 Ad
1662 2046 1704 2081 te
1754 2051 1756 2077 s

315 2129 336 2154 n
370 2110 511 2156 levavi
530 2108 678 2155 oculos
701 2124 842 2165 meos,
879 2109 954 2169 qui
981 2109 1151 2153 habitas
1173 2110 1217 2152 in
1238 2108 1367 2153 coelo.
1391 2126 1410 2148 »
1446 2107 1515 2152 Ad
1550 2122 1704 2152 manus

313 2181 514 2237 Domini,
531 2181 606 2241 qui
628 2189 670 2224 te
683 2179 810 2240 jussit
831 2179 956 2234 caedi,
975 2178 1045 2224 cui
1059 2179 1164 2223 dicis
1186 2179 1231 2222 in
1250 2177 1332 2223 alio
1351 2177 1544 2232 Psalmo,
1571 2197 1589 2220 «
1608 2181 1706 2222 Pro·
1751 2193 1752 2198 ¹

316 2270 337 2294 »
373 2261 469 2311 pter
490 2250 765 2310 iniquitatem
786 2248 963 2293 erudisti
980 2249 1225 2304 hominem,
1257 2257 1300 2292 et
1322 2249 1542 2292 tabescere
1565 2246 1705 2291 fecisti
1748 2311 1749 2315 Ἰ

315 2341 335 2365 »
369 2321 481 2365 sicut
498 2335 699 2365 araneam
721 2320 909 2363 animam
932 2334 1074 2363 meam
1093 2320 1131 2363 4:
1162 2336 1179 2360 n
1206 2318 1342 2362 clama
1365 2319 1420 2362 ad
1442 2332 1594 2362 manus
1617 2333 1705 2362 cae·

311 2392 479 2446 dentis,
504 2400 548 2435 et
568 2390 660 2445 dic,
687 2390 927 2434 «Miserere
951 2390 1111 2445 nostri,
1138 2389 1342 2444 Domine,
1368 2389 1568 2433 miserere
1601 2404 1704 2432 nos·
1745 2414 1746 2431 i

313 2481 334 2506 »
369 2463 440 2508 tri.
464 2465 620 2508 Nonne
641 2470 743 2505 sunt
765 2461 856 2505 lstae
883 2475 1008 2505 voces
1026 2460 1300 2521 vapulantis?
1322 2424 1524 2506 Illiserere
1546 2459 1699 2515 nostri,

313 2552 335 2579 »
368 2533 577 2588 Domine,
602 2531 804 2576 miserere
826 2529 1020 2575 nostri.»

357 2624 368 2643 ¹
389 2617 612 2664 Eccli.1,1.8
631 2633 672 2642 -
693 2623 706 2643 ²
720 2616 834 2650 Mauh.
847 2627 882 2661 v,
900 2615 930 2649 5.
947 2630 988 2641 -·
1006 2613 1106 2649 ³Job,
1131 2626 1190 2658 vu,
1212 2624 1241 2650 ι.
1261 2632 1304 2640 ·-
1321 2614 1337 2647 4
1356 2612 1436 2649 Psal.
1461 2625 1599 2657 xxxvm,
1614 2623 1665 2647 12.

1742 2486 1744 2509 s
