1856 3268
354 244 410 285 24
785 256 820 287 s.
856 255 1087 288 Avensa-nu
1116 260 1300 289 Emscom

353 322 412 365 sic
428 335 550 366 amor
565 330 738 366 sanctus
747 321 803 367 ad
817 337 1004 382 superna
1017 324 1156 381 levat,
1177 333 1220 369 et
1235 324 1290 369 ad
1301 332 1462 369 aeterna
1477 324 1732 380 inflammat,

354 401 398 437 et
416 391 471 436 ad
488 407 645 452 eaquae
662 408 751 437 non
769 402 995 438 transeunt
1018 410 1162 455 neque
1175 395 1446 447 moriuntur,
1465 395 1620 439 excitat
1644 395 1737 438 ani-

355 478 489 518 mam,
507 472 549 507 et
564 462 617 507 de
630 462 850 523 profundo
863 464 1022 508 inferni
1034 463 1150 510 levat
1165 466 1220 509 ad
1235 465 1412 509 coelum.
1436 464 1578 509 Habet
1589 473 1736 508 tamen

355 535 496 580 omnis
516 550 637 579 amor
657 535 746 579 vim
769 550 890 579 suam
905 571 916 591 ‚
943 551 1024 580 nec
1038 545 1180 595 potest
1199 551 1352 581 vacare
1374 551 1494 580 amor
1525 536 1568 578 in
1596 536 1738 580 anima

355 606 536 650 amantis
562 625 570 650 :
596 621 767 650 necesse
784 616 847 651 est
867 607 1012 652 ducat.
1035 607 1119 652 Sed
1142 608 1202 651 vis
1221 623 1345 652 nosse
1361 607 1501 667 qualis
1518 621 1638 651 amor
1659 607 1739 651 sit?

354 678 466 721 Vide
487 692 575 737 quo
594 676 740 721 ducat.
766 680 863 723 Non
885 693 988 737 ergo
1004 693 1233 723 monemus
1254 687 1303 722 ut
1335 677 1446 721 nihil
1469 678 1618 721 ametis
1641 676 1740 722 :sed

354 762 583 791 monemus
602 763 657 790 ne
675 748 890 791 mundum
909 749 1080 806 ametis3
1098 757 1149 792 ut
1167 763 1267 791 eum
1290 747 1365 806 qui
1382 746 1485 790 fecit
1505 745 1737 802 mundum,

356 817 493 861 libere
516 817 680 861 ametis.
708 816 909 876 Obligata
930 818 1046 861 enim
1065 818 1207 861 anima
1229 831 1374 860 amore
1392 825 1563 860 terreno
1578 851 1589 871 ‚
1621 816 1741 877 quasi

357 888 525 933 viscum
542 888 674 931 habet
695 888 739 931 in
762 888 917 946 pennis
932 923 946 943 ,
971 888 1116 932 volare
1135 903 1225 932 non
1242 895 1398 947 potest.
1413 888 1625 931 Mundata
1640 902 1743 931 vero

357 958 412 1002 ab
436 957 665 1001 affectibus
687 956 987 1002 sordidissimis
1010 957 1156 1002 saeculi
1173 993 1183 1012 ,
1212 967 1417 1017 tanquam
1439 957 1621 1001 extensis
1637 972 1745 1016 pen-

359 1028 425 1072 nis
447 1037 491 1072 et
509 1027 686 1071 duabus
709 1027 785 1071 alis
803 1027 1000 1072 resolutis
1021 1028 1075 1071 ab
1093 1028 1212 1072 omni
1228 1026 1538 1086 impedimento
1552 1062 1562 1082 ,
1588 1026 1634 1071 id
1647 1036 1711 1071 est
1729 1062 1740 1079 ‚

360 1097 534 1142 duobus
567 1098 795 1157 praeceptis
827 1098 1067 1142 dilectionis
1104 1098 1181 1142 Dei
1212 1107 1255 1142 et
1286 1097 1529 1142 dilectionis
1560 1098 1745 1158 proximi

359 1168 477 1213 volat
491 1171 522 1212 ².
549 1171 646 1221 Quo
667 1204 677 1223 ,
704 1168 783 1212 nisi
802 1167 857 1212 ad
879 1159 1018 1212 Deum
1048 1168 1283 1213 ascendens
1303 1168 1492 1213 volando
1509 1204 1520 1223 ,
1556 1169 1656 1229 quia
1676 1184 1744 1213 as-

361 1238 507 1283 cendit
519 1237 736 1283 amando?
754 1237 882 1290 Quod
908 1247 1141 1298 antequam
1165 1239 1320 1298 possit,
1347 1239 1479 1297 gemit
1495 1239 1540 1281 in
1556 1247 1669 1282 terra
1684 1274 1695 1294 ,
1712 1240 1746 1283 si

358 1311 445 1370 jam
468 1309 578 1353 inest
609 1309 648 1352 ei
686 1307 861 1353 volandi
885 1307 1174 1365 desiderium3
1209 1317 1252 1352 et
1273 1308 1378 1352 dicit
1404 1327 1412 1353 z
1443 1327 1462 1350 «
1493 1308 1596 1361 Quis
1625 1309 1746 1353 dabit

367 1400 386 1421 »
411 1380 519 1423 mihi
536 1394 700 1438 pennas
711 1378 823 1422 sicut
841 1377 1071 1431 columbae,
1093 1387 1137 1422 et
1159 1377 1314 1423 volabo
1338 1387 1380 1422 et
1402 1378 1702 1437 requiescam2.
1724 1398 1742 1420 »

361 1455 456 1502 Quo
479 1459 626 1494 autem
636 1448 802 1493 volabit
817 1483 827 1502 ‚
848 1448 929 1491 nisi
946 1447 999 1490 de
1017 1447 1170 1491 mediis
1188 1445 1398 1491 scandalis
1415 1483 1425 1503 ‚
1450 1448 1528 1491 ubi
1551 1448 1748 1505 gemebat

361 1522 491 1565 etiam
513 1521 593 1565 iste
610 1555 620 1575 ‚
646 1520 769 1579 cujus
785 1520 880 1563 haec
902 1534 985 1564 vox
1014 1528 1078 1563 est
1098 1554 1108 1573 ,
1139 1534 1272 1578 quam
1293 1521 1662 1564 commemoravi?
1685 1523 1747 1564 De

362 1591 515 1635 mediis
529 1606 631 1649 ergo
649 1588 875 1644 scandalis,
893 1605 915 1632 a
934 1589 1241 1633 commixtione
1262 1589 1478 1633 malorum
1497 1590 1744 1645 hominum,

363 1663 534 1723 apuleis
567 1663 726 1723 quibus
754 1677 886 1720 grana
913 1662 1145 1705 commixta
1183 1670 1306 1715 sunt,
1342 1659 1487 1705 volare
1518 1660 1637 1715 vult,
1669 1660 1748 1704 uhi

363 1749 454 1779 non
476 1733 664 1792 patiatur
686 1731 1039 1790 conjunctionem
1053 1740 1096 1774 et
1118 1731 1367 1774 societatem
1384 1731 1523 1790 iniqui
1546 1729 1744 1789 alicujus,

364 1805 440 1849 sed
461 1804 578 1848 vivat
594 1803 638 1847 in
661 1810 806 1846 sancta
829 1802 1030 1846 socictate
1051 1800 1319 1860 Angelorum
1338 1801 1498 1846 civium
1519 1801 1564 1844 in
1587 1810 1749 1845 aeterna

366 1873 621 1918 Jerusalem.
1026 1876 1031 1880 ’

425 1948 484 1988 11.
513 1944 616 1988 Ideo
649 1943 844 1987 Psalmus
866 1941 945 1986 iste
963 1977 974 1996 ,
1011 1957 1143 2002 quem
1175 1940 1306 1986 'hodie
1340 1942 1605 2000 suscepimus
1635 1950 1748 1985 trac.-

367 2014 552 2059 tandum
589 2013 814 2057 Sanctitati
845 2014 1030 2064 Vestrae,
1055 2011 1192 2069 ipsam
1227 2011 1466 2055 Jerusalem
1499 2009 1745 2065 desiderat,

366 2083 412 2127 id
432 2092 515 2137 est,
540 2083 619 2126 iste
641 2082 717 2141 qui
739 2080 931 2125 ascendit
948 2081 993 2123 in
1014 2081 1096 2124 hoc
1121 2079 1288 2124 Psalmo
1310 2100 1318 2124 :
1341 2089 1404 2124 est
1426 2080 1538 2123 enim
1557 2115 1566 2133 ,
1598 2099 1617 2122 «
1640 2083 1749 2125 Can-

368 2172 389 2195 »
425 2154 561 2197 ticum
577 2152 788 2211 graduum
805 2172 814 2208 3
834 2169 853 2192 >›
870 2150 990 2210 quod
1004 2165 1117 2209 saepe
1138 2150 1321 2193 diximus
1339 2150 1549 2194 Charitati
1565 2153 1745 2206 Vestrae,

366 2224 467 2284 quia
488 2239 576 2267 non
599 2231 699 2266 sunt
719 2221 875 2280 gradus
903 2221 972 2264 isti
993 2219 1349 2264 descendentium
1368 2255 1378 2274 ‚
1411 2221 1485 2264 sed
1509 2220 1748 2264 ascenden-

365 2294 516 2337 tium3.
546 2292 788 2337 Ascendere
810 2307 912 2349 ergo
935 2290 1030 2335 vult
1062 2291 1153 2334 iste.
1182 2293 1237 2334 Et
1258 2306 1346 2350 quo
1367 2290 1461 2334 vult
1484 2292 1714 2335 ascendere
1734 2326 1745 2347 ‚

363 2364 443 2407 nisi
464 2363 510 2406 in
538 2361 727 2406 coelum?
758 2361 874 2415 Quid
895 2361 1024 2405 estin
1052 2361 1240 2405 coelum?
1264 2363 1419 2404 Utrum
1438 2360 1537 2405 ideo
1563 2360 1657 2405 vult
1679 2377 1748 2405 as-

363 2436 570 2489 cendere,
595 2444 646 2478 ut
667 2435 720 2478 sit
736 2449 836 2478 cum
858 2432 946 2478 sole
970 2442 1013 2477 et
1036 2433 1140 2477 luna
1163 2442 1206 2476 et
1228 2431 1389 2476 stellis?
1411 2432 1549 2476 Absit.
1581 2431 1664 2476 Sed
1686 2440 1749 2476 est

411 2538 419 2553 ¹
440 2531 553 2562 Matth.
568 2540 649 2572 xxii,
673 2530 725 2572 40.
752 2548 790 2552 —
814 2537 825 2552 ²
848 2528 927 2561 Psal.
949 2539 1010 2570 mv,
1027 2539 1056 2570 7.
1072 2545 1110 2551 ——
1128 2527 1140 2552 3
1156 2530 1190 2560 In
1208 2528 1289 2561 Psal.
1316 2539 1444 2569 xxxviii,
1460 2539 1490 2560 n.
1513 2536 1546 2568 2,
1566 2527 1641 2560 etin
1663 2527 1742 2559 psat.

367 2598 452 2628 cxix,
474 2587 600 2620 n.1-3.
