1815 3253
393 226 638 258 umanum
669 231 716 258 nv
746 227 952 260 PsALMUM
982 229 1112 258 ch11.
1353 214 1435 256 411

0 308 10 337 ὲ.
54 314 76 341 »
109 311 209 357 quae
230 303 295 340 est
311 309 363 340 ex
383 295 514 340 fide1.
537 313 558 336 »
584 297 713 350 Ecce,
744 315 763 338 «
788 298 839 340 ln
862 305 936 340 tua
951 294 1119 356 justitia
1140 292 1297 338 exaudi
1320 307 1436 337 me.»

1 391 11 399 -
51 365 121 417 Ad
139 382 209 410 me
231 366 348 410 enim
371 380 472 410 cum
494 365 700 426 respicio,
725 365 833 410 nihil
856 365 975 410 aliud
997 380 1145 409 meum
1173 379 1304 424 quam
1335 378 1439 423 pec-

55 445 200 491 catum
220 436 410 481 invenio.

114 509 191 551 VI.
221 526 241 549 «
267 509 323 551 Et
345 522 400 550 ne
420 506 552 550 intres
577 506 619 550 in
643 505 858 568 judicium
890 521 990 551 cum
1013 520 1136 551 servo
1159 508 1280 550 tu02.
1308 522 1329 546 »
1355 505 1441 558 Qui

2 612 6 620 .
54 593 154 625 cum
177 576 252 621 illo
274 576 430 622 volunt
462 576 622 620 intrare
643 578 687 621 in
715 576 931 638 judicium
951 612 962 633 ,
990 576 1071 621 nisi
1093 576 1170 637 qui
1192 576 1442 634 ignorantes

0 674 8 681 ·
53 648 128 695 Dei
147 647 359 708 justitiam
375 683 385 702 ,
411 663 531 692 suam
549 648 703 693 volunt
725 649 1019 692 constituere?
1046 667 1066 690 «
1089 645 1204 702 Quid
1222 655 1301 701 est,
1322 645 1443 706 quod

0 743 8 752 ·
55 738 76 763 »
104 720 412 780 jejunavimus,
434 729 476 763 et
499 736 587 764 non
609 720 769 775 vidisti,
786 719 1141 766 defraudavimus
1163 719 1326 764 animas
1349 733 1444 762 nos-

46 809 75 851 »
109 800 218 846 tras,
243 800 286 835 ct
305 791 477 836 nescisti
497 793 511 817 ³
530 793 547 835 P
568 811 586 832 »
615 795 839 852 Tanquam
862 791 1076 838 dicentes:
1102 791 1302 836 Fecimus
1323 787 1444 850 quod

0 877 5 885 ·
48 861 226 927 jussisti,
243 876 377 921 quare
395 877 485 906 non
498 861 640 906 reddis
661 861 781 923 quod
806 862 1071 922 promisisti?
1094 861 1347 922 Respondet
1365 859 1444 903 tibi

53 935 168 978 Deus
192 951 200 976 :
229 934 284 975 Ut
309 932 492 991 accipias
521 933 640 993 quod
663 933 866 991 promisi,
892 948 972 991 ego
1000 932 1115 977 dabo
1144 951 1153 977 ;
1179 940 1229 975 ut
1252 929 1414 975 faceres
1431 965 1441 985 ,

53 1018 187 1064 quare
219 1003 454 1062 acciperes,
489 1017 568 1060 cgo
592 1002 708 1048 dedi.
753 1003 952 1064 Denique
975 1002 1173 1063 superbis
1197 1000 1358 1046 talibus
1379 999 1446 1044 lo-

0 1094 2 1119 :
53 1074 204 1135 quitur
238 1074 455 1133 Propheta
483 1094 490 1118 :
520 1093 540 1115 «
572 1073 689 1127 Quid
718 1073 849 1117 vultis
875 1089 1049 1118 mecum
1074 1071 1241 1133 judicio
1263 1080 1447 1116 conten-

0 1171 4 1179 ·
57 1162 77 1186 »
115 1144 217 1188 dere
234 1146 252 1188 P
269 1145 430 1188 Omnes
452 1142 741 1203 dereliquistis
764 1159 833 1187 me
848 1178 859 1198 ,
885 1142 992 1187 dicit
1010 1143 1262 1187 Dominus&
1287 1160 1307 1183 »
1329 1140 1447 1195 Quid

53 1214 185 1262 vultis
221 1229 395 1259 mecum
427 1214 474 1257 in
506 1213 723 1274 judicium
758 1214 946 1268 intrare,
987 1223 1031 1258 et
1065 1222 1228 1258 vestras
1257 1212 1448 1274 justitias

52 1286 420 1331 commemorare?
443 1286 796 1329 Commemorare
814 1285 1003 1344 justitias
1027 1295 1186 1328 vestras
1201 1319 1211 1339 ,
1238 1299 1319 1342 ego
1343 1283 1447 1327 novi

0 1386 2 1392 ›
53 1356 243 1401 facinora
263 1364 418 1400 vestra.
446 1353 678 1408 Quomodo
697 1354 951 1414 approbabo
969 1354 1180 1415 justitiam
1194 1389 1204 1409 ,
1229 1354 1308 1397 ubi
1330 1353 1448 1397 dam-

0 1456 2 1461 *
53 1427 171 1471 nabo
194 1426 479 1486 superbiam?
501 1425 658 1470 Merito
681 1425 759 1469 iste
781 1424 959 1469 humilis
982 1425 1027 1468 in
1050 1439 1232 1484 corpore
1261 1424 1444 1477 Christi,

54 1497 219 1542 discens
237 1513 260 1542 a
279 1497 418 1556 capite
440 1497 647 1556 quoniam
671 1497 785 1540 mitis
808 1506 871 1541 est
892 1506 936 1541 et
953 1495 1129 1540 humilis
1151 1495 1309 1540 corde5
1323 1531 1333 1550 ,
1351 1497 1448 1540 «Ne

57 1587 78 1611 »
113 1569 245 1614 intres
261 1603 272 1623 ,
294 1568 437 1628 inquit
458 1603 468 1623 ,
495 1569 539 1611 in
555 1568 774 1628 judicium
803 1582 904 1612 cum
926 1583 1048 1612 servo
1069 1576 1160 1611 tuo.
1191 1585 1212 1608 »
1236 1569 1335 1612 Non
1356 1565 1448 1610 liti-

55 1654 230 1698 gemus,
265 1637 369 1683 nolo
401 1647 547 1682 tecum
576 1638 738 1682 habere
772 1653 943 1682 causam
964 1674 975 1693 ,
1015 1648 1065 1682 ut
1100 1653 1182 1697 ego
1204 1651 1447 1698 proponam

48 1711 261 1772 justitiam
287 1725 455 1764 meam,
492 1719 541 1753 tu
572 1710 803 1772 convincas
831 1709 1108 1769 iniquitatem
1138 1723 1309 1753 meam:
1341 1726 1361 1749 «
1386 1710 1449 1753 Ne

59 1799 80 1822 »
115 1781 247 1824 intres
264 1780 310 1823 in
328 1780 544 1840 judicium
569 1795 668 1824 cum
692 1795 816 1823 servo
838 1789 932 1823 tuo.
962 1798 981 1820 »
1009 1782 1153 1832 Quare
1175 1779 1292 1823 hoe?
1314 1793 1449 1839 quare

55 1851 212 1896 timet?
237 1869 256 1892 «
283 1851 500 1903 Quoniam
524 1865 613 1894 non
629 1849 941 1909 justificabitur
970 1865 1118 1894 coram
1147 1859 1189 1893 te
1218 1848 1357 1894 omnis
1381 1849 1449 1893 vi-

60 1941 80 1964 »
114 1937 233 1967 vens.
259 1921 410 1966 Omnis
431 1922 580 1965 vivens
598 1956 609 1976 ,
639 1939 659 1962 »
687 1922 758 1965 hic
779 1922 934 1983 utiquc
960 1921 1133 1977 vivens,
1164 1921 1211 1964 in
1232 1936 1362 1965 carne
1386 1921 1450 1965 vi-

15 2043 17 2054 :
55 2008 176 2048 vens,
191 1993 428 2037 moriturus
443 1993 608 2047 vivens,
628 2001 756 2037 natus
776 1992 925 2048 homo,
946 2007 998 2035 ex
1015 1991 1267 2036 hominibus
1280 1992 1447 2046 vivens,

55 2064 110 2108 de
130 2063 293 2118 Adam,
321 2063 459 2107 Adam
481 2063 630 2107 vivens
654 2081 662 2107 :
688 2063 828 2107 omnis
847 2062 907 2107 ita
928 2063 1076 2107 vivens
1089 2062 1318 2122 justificari
1337 2059 1450 2106 forte

56 2143 196 2194 potest
212 2149 359 2178 coram
377 2149 443 2188 se,
469 2148 559 2178 non
581 2148 728 2177 coram
751 2142 809 2176 te.
828 2132 1073 2186 Quomodo,
1094 2147 1241 2177 coram
1264 2134 1338 2176 se?
1359 2132 1451 2177 Sibi

14 2209 15 2215 ’
54 2204 227 2266 placens
245 2239 256 2260 ,
282 2204 361 2248 tibi
383 2203 616 2263 displicens
642 2223 652 2248 ι
681 2222 702 2246 «
737 2205 895 2248 Coram
919 2212 961 2247 te
989 2212 1136 2247 autem
1167 2217 1260 2247 non
1286 2201 1452 2262 justifi-

56 2294 77 2318 »
111 2276 281 2320 cabitur
303 2275 443 2320 omnis
460 2275 622 2320 vivens.
652 2293 672 2315 »
692 2275 792 2321 Noli
814 2289 916 2333 ergo
933 2289 1108 2319 mecum
1125 2274 1286 2318 intrare
1308 2274 1355 2317 in
1371 2274 1449 2334 ju-

53 2347 240 2401 dicium,
266 2346 474 2401 Domine,
506 2349 621 2390 Deus
641 2361 780 2390 meus.
806 2345 1146 2399 Quantumlibet
1172 2354 1318 2389 rectus
1341 2345 1452 2388 mihi

12 2456 13 2466 ,
55 2418 203 2464 videar
218 2453 229 2473 ,
253 2417 458 2477 producis
477 2425 526 2460 tu
548 2415 603 2461 de
621 2418 823 2462 thesauro
847 2426 923 2462 tuo
947 2416 1161 2476 regulam,
1182 2425 1358 2476 coaptas
1380 2430 1451 2459 me

105 2520 116 2537 ¹
132 2514 244 2557 Philip.
261 2525 306 2553 m,
323 2525 356 2556 9.
380 2531 421 2537 -—
441 2521 453 2537 ²
473 2513 552 2546 Psal.
571 2524 650 2545 extu
664 2539 672 2555 ,
693 2523 725 2546 2.
741 2530 782 2536 —
803 2511 906 2547 3lsa'1‘.
928 2524 1028 2555 Lvm,
1054 2513 1084 2546 3.
1106 2530 1149 2536 —
1163 2511 1311 2546 merem.
1333 2523 1372 2554 11,
1391 2519 1449 2554 29.

62 2586 103 2594 —
127 2567 142 2592 ⁵
161 2570 278 2603 Matth.
302 2581 348 2612 xi,
370 2579 424 2613 29.
