1815 3253
340 189 426 231 490
768 199 804 229 s.
838 198 1071 230 Ancus-nm
1100 202 1284 232 macen

337 280 427 311 non
448 263 566 310 fecit.
594 264 685 310 Sub
705 273 750 309 te
771 263 878 309 vivit
907 265 1062 320 homo,
1087 266 1165 325 qui
1185 274 1314 325 negat
1334 280 1378 310 se
1399 280 1489 311 esse
1506 266 1717 312 Christia-

336 351 458 381 num.
489 337 626 394 Negat
639 369 654 391 ,
693 344 737 379 et
758 335 893 380 vivit?
923 335 1116 380 Perdidit
1133 336 1220 395 jam
1243 336 1376 381 vitam
1394 368 1406 391 ,
1433 336 1618 382 cadaver
1639 337 1719 382 tibi

336 406 548 466 loquitur.
572 408 654 458 Qui
675 420 902 464 percussus
920 415 984 450 est
1015 404 1159 464 gladio
1186 406 1472 464 persecutoris
1489 440 1501 462 ‚
1528 406 1685 451 cecidit
1703 441 1715 462 ‚

337 485 381 520 et
402 476 509 521 vivit
533 495 542 521 :
568 476 637 520 cui
658 475 863 536 loqueris,
888 485 986 531 stat,
1007 484 1051 520 et
1072 475 1243 520 cecidit.
1268 478 1371 520 Haec
1389 474 1565 531 faciens,
1589 475 1721 536 quid-

337 547 445 608 quid
474 562 621 606 passus
647 545 781 591 fueris
800 582 811 602 ‚
838 546 996 607 injuria
1017 546 1129 590 erit?
1154 545 1264 592 Nolo
1286 546 1368 590 tibi
1396 546 1632 591 blandiaris
1655 567 1665 592 ε
1687 547 1721 592 si

336 619 430 663 haec
455 617 614 677 injusta
640 626 742 661 sunt
762 617 906 661 omnia
936 632 1035 677 quae
1059 615 1186 672 sacis,
1211 616 1427 677 quidquid
1449 618 1607 676 pateris
1623 617 1721 678 jus-

336 697 433 733 tum
449 687 545 731 erit.
571 686 654 732 Cui
675 696 822 730 autem
839 686 939 730 facit
949 686 1187 746 judicium,
1211 705 1232 729 «
1256 687 1341 739 Qui
1356 687 1549 732 custodit
1568 688 1723 732 verita-

339 775 361 799 »
395 766 484 801 tem
503 757 549 800 in
570 759 818 801 aeternum?
843 757 1048 817 lnjuriam
1072 756 1402 816 accipientibus.
1425 774 1445 798 υ

396 829 540 871 XVII.
579 830 676 871 Jam
707 836 755 871 tu
785 826 1001 886 procede3
1030 835 1074 870 et
1105 826 1176 870 dic
1212 825 1613 871 ratiocinationibus
1639 824 1724 871 illis

339 897 423 942 tuis
447 897 572 941 bonis
589 931 601 952 ‚
633 906 676 941 et
705 897 829 957 quasi
852 897 988 941 acutis
1011 906 1054 940 et
1075 896 1308 940 subtilibus
1327 931 1338 952 ‚
1368 897 1469 956 quia
1492 905 1539 940 tu
1562 897 1720 956 pascis,

338 977 382 1011 et
404 967 473 1011 dic
489 1002 501 1022 ‚
531 967 774 1012 Famelicus
811 976 952 1027 potest
971 982 1165 1027 pascere,
1190 966 1237 1011 id
1254 976 1340 1020 est,
1363 976 1566 1026 peccator
1583 975 1725 1026 potest

337 1038 442 1082 dare
462 1040 691 1082 sanctum?
714 1039 955 1082 Famelicus
978 1047 1124 1098 potest
1142 1039 1345 1097 pascere?
1372 1038 1624 1096 Languidus
1645 1052 1726 1097 po-

337 1117 420 1152 test
441 1111 618 1153 sanare?
633 1109 809 1167 Ligatus
832 1118 974 1168 potest
995 1109 1161 1153 solvere
1175 1110 1287 1152 ⁶?Ista
1299 1117 1400 1152 sunt
1413 1107 1548 1152 veluti
1572 1123 1726 1166 magna

339 1188 382 1222 et
410 1177 581 1222 subtilia
601 1212 612 1232 ‚
645 1179 806 1237 quibus
838 1177 1063 1238 decipiunt
1084 1178 1320 1237 imperitos.
1357 1178 1545 1223 Claudat
1575 1177 1658 1221 illis
1680 1193 1726 1221 os

339 1248 534 1292 Psalmus
556 1248 662 1292 iste:
692 1266 712 1289 «
737 1252 922 1292 Dantem
947 1264 1086 1293 escam
1110 1249 1416 1292 esurientibus.
1445 1266 1465 1290 »
1488 1251 1598 1292 Ecce
1618 1247 1727 1292 nihil

339 1334 363 1362 a
385 1327 428 1362 te
456 1327 635 1376 expecto
655 1352 666 1372 ‚
700 1324 809 1362 Deus
834 1337 855 1360 «
879 1322 963 1363 Dat
991 1334 1132 1363 escam
1164 1320 1470 1363 esurientibus.
1511 1337 1531 1360 »
1558 1319 1727 1372 Quibus

339 1388 656 1433 esurientibus?
691 1389 921 1434 Omnibus.
956 1388 1074 1443 Quid
1109 1399 1199 1444 est,
1237 1390 1477 1434 omnibus?
1511 1389 1728 1434 Omnibus

339 1458 621 1515 animalibus,
649 1459 853 1504 omnibus
875 1460 1126 1504 hominibus
1153 1461 1244 1520 ipse
1267 1460 1344 1504 dat
1365 1475 1505 1504 escam
1524 1480 1535 1516 3
1559 1470 1603 1504 et
1625 1459 1728 1504 nul-

337 1530 426 1574 lam
448 1546 589 1575 escam
614 1539 755 1575 servat
779 1530 946 1576 dilectis
975 1531 1092 1575 suis?
1126 1531 1168 1576 Si
1189 1531 1352 1575 habent
1385 1530 1513 1575 aliam
1536 1529 1724 1586 famem,

338 1602 505 1646 habent
519 1611 562 1646 et
583 1601 712 1645 aliam
734 1617 890 1645 escam.
905 1604 1160 1655 Quaeramus
1175 1602 1314 1660 primo
1331 1600 1490 1645 famem
1512 1601 1724 1660 ipsorum,

342 1682 385 1717 et
406 1672 676 1716 inveniemus
697 1688 837 1717 escam
860 1673 1052 1732 ipsorum
1074 1691 1083 1717 :
1113 1691 1133 1714 «
1155 1673 1274 1721 Beati
1296 1688 1373 1732 qui
1390 1671 1586 1716 esuriunt
1603 1681 1646 1716 et
1666 1672 1727 1716 si-

345 1761 367 1784 »
399 1744 515 1787 tiunt
530 1744 742 1803 justitiam
759 1779 770 1799 ‚
799 1744 1008 1804 quoniam
1035 1744 1115 1803 ipsi
1135 1744 1448 1788 saturabuntur
1466 1746 1497 1787 ¹.
1526 1761 1546 1785 »
1573 1746 1731 1787 Fame-

342 1812 413 1857 lici
435 1814 508 1857 Dei
537 1829 627 1858 esse
657 1813 883 1858 debemus.
911 1817 1024 1858 Ante
1047 1815 1228 1874 januam
1256 1822 1512 1873 conspectus
1540 1813 1656 1857 illius
1683 1814 1729 1857 in

344 1883 614 1928 orationibus
637 1883 933 1928 mendicemus
947 1919 958 1939 ,
985 1885 1108 1943 ipse«
1126 1887 1208 1929 Dat
1228 1899 1368 1928 escam
1390 1883 1724 1928 esurientibus.»

344 1955 460 2008 Quid
482 1965 545 1999 est
567 1954 687 2015 quod
705 1964 747 1999 te
762 1991 772 2010 ‚
792 1956 1018 2011 haeretice,
1038 1957 1189 2016 jactas,
1214 1956 1317 2015 quia
1338 1964 1387 1999 tu
1408 1954 1560 2010 solvis,
1584 1963 1633 1999 tu
1650 1956 1728 1998 eri-

344 2026 405 2084 gis
423 2060 434 2081 ,
461 2035 508 2070 tu
530 2026 782 2071 illuminas?
805 2025 1017 2071 Videlicet
1043 2027 1143 2087 quia
1166 2035 1216 2070 tu
1240 2025 1447 2070 liberatus
1468 2027 1560 2085 jam
1587 2041 1631 2069 es
1651 2061 1662 2080 ‚
1685 2035 1728 2070 et

343 2104 393 2139 tu
414 2104 499 2140 stas
515 2131 525 2151 ‚
558 2106 602 2140 et
631 2105 681 2140 tu
706 2096 856 2141 lumen
875 2098 948 2141 es?
969 2097 1108 2140 Absit.
1137 2095 1342 2154 Superius
1363 2093 1538 2138 attende
1559 2113 1570 2139 2
1595 2114 1615 2137 «
1636 2098 1727 2141 No-

345 2182 366 2207 »
402 2166 478 2210 lite
500 2168 720 2211 confidere
741 2168 786 2211 in
805 2167 1038 2226 principes,
1064 2166 1169 2210 etin
1191 2165 1302 2210 filios
1319 2165 1564 2220 hominum,
1588 2181 1611 2210 a
1633 2166 1728 2226 qui-

345 2253 367 2277 »
402 2235 484 2279 bus
504 2252 593 2280 non
615 2246 679 2280 est
701 2235 831 2281 salus.
856 2254 876 2277 »
901 2239 998 2281 Non
1015 2236 1095 2295 ipsi
1118 2235 1225 2280 dant
1242 2235 1442 2280 salutem.
1469 2238 1585 2294 Ergo
1606 2252 1726 2281 rece-

343 2306 450 2350 dant
475 2306 666 2350 haeretici
698 2307 753 2350 de
780 2305 940 2350 medio.
977 2326 997 2348 «
1032 2307 1239 2350 Dominus
1274 2305 1402 2351 solvit
1428 2307 1723 2365 compeditos,

345 2394 364 2418 »
400 2376 610 2420 Dominus
625 2376 750 2434 erigit
772 2376 912 2430 elisos,
931 2377 1138 2420 Dominus
1151 2376 1361 2435 sapientes
1378 2374 1480 2419 facit
1496 2380 1657 2420 caecos²
1674 2395 1684 2421 :
1702 2393 1723 2418 »

342 2445 389 2490 id
406 2454 490 2501 est,
515 2461 587 2491 eos
609 2446 685 2506 qui
705 2447 809 2490 caeci
830 2455 932 2490 sunt
957 2445 1060 2493 facit
1079 2447 1305 2506 sapienteS.
1320 2446 1495 2505 Optime
1516 2461 1595 2506 per
1614 2445 1727 2491 hanc

392 2536 401 2553 ¹
418 2529 531 2572 Matth.
552 2541 587 2572 v,
604 2530 639 2564 6.
652 2547 694 2554 —
710 2537 723 2554 ²
743 2529 827 2564 Psal.
848 2540 940 2572 cxtv,
959 2532 992 2563 8.
