1815 3253
332 241 387 279 62
757 252 792 278 s.
827 245 1059 279 Avensa-Im
1090 251 1274 280 Emscom

330 333 420 378 quo
440 331 520 361 nos
537 315 632 360 vult
650 316 859 360 Dominus
880 331 1131 375 permenere
1146 351 1157 372 ‚
1189 325 1240 360 ut
1262 329 1568 374 cognoscamus
1596 316 1711 361 veri-

331 397 488 444 tatem3
513 387 595 431 hoc
617 394 682 430 est
707 404 727 427 «
753 385 944 429 Verbum
965 401 1065 431 caro
1087 386 1250 431 factum
1273 394 1358 440 est,
1375 395 1417 430 et
1438 385 1650 431 habitavit
1666 386 1713 430 in

334 475 354 500 »
389 457 528 501 n'obis.
559 475 578 499 »
604 456 753 501 Credis
767 456 812 499 in
833 456 1052 501 Christum
1075 465 1225 501 natum
1244 457 1289 499 in
1319 471 1469 511 carne,
1497 465 1540 500 et
1559 471 1714 515 perve-

329 529 420 573 nies
438 528 494 572 ad
509 528 730 573 Christum
752 536 905 571 natum
926 527 980 571 de
1000 531 1090 573 Deo
1104 563 1114 583 ‚
1140 531 1278 572 Deum
1296 526 1413 586 apud
1436 530 1590 572 Deum.

390 603 472 644 III.
498 599 751 644 Exultantes
777 607 955 643 cantant
970 599 1039 644 isti
1057 615 1165 660 quos
1179 599 1364 658 legimus
1380 634 1391 650 ,
1416 598 1613 642 membra
1633 598 1714 643 ista

260 730 264 734 ἢ
329 671 488 716 Christi
525 670 762 715 exultantia
800 679 976 714 cantant
1008 670 1227 715 Psalmum
1260 671 1405 714 istum.
1444 673 1503 714 Et
1525 670 1621 729 quis
1642 669 1714 714 hie

329 741 508 796 exultat,
528 742 608 785 nisi
621 742 667 784 in
678 756 769 800 spe,
790 741 901 785 sicut
912 741 1001 785 dixi
1015 743 1033 785 Ξ)
1047 745 1102 788 Et
1113 741 1237 785 nobis
1249 750 1367 785 certa
1382 741 1435 784 sit
1455 740 1547 799 ipsa
1562 755 1657 798 spes
1671 748 1714 783 et

329 811 563 856 exultando
581 822 820 856 cantemus.
845 815 942 857 Non
971 813 1087 856 enim
1112 812 1189 871 qui
1213 819 1392 855 cantant
1413 810 1542 854 alieni
1565 819 1668 854 sunt
1689 827 1714 855 a

327 883 477 937 nobis,
503 891 578 925 aut
600 897 689 926 non
712 882 759 925 in
778 883 862 926 hoc
880 882 1050 926 Psalmo
1063 898 1146 927 vox
1162 891 1309 926 nostra
1330 890 1408 926 est.
1443 881 1512 926 Sic
1536 880 1684 925 audite
1698 915 1711 936 ,

327 962 539 1012 tanquam
555 953 757 1011 vosipsos
775 951 958 996 audiatis
983 972 992 997 :
1013 954 1076 997 sic
1104 953 1251 997 audite
1271 988 1281 1008 ‚
1310 961 1521 1012 tauquam
1542 952 1588 995 in
1613 966 1714 1011 spe·
1775 997 1777 1012 1

329 1023 429 1069 culo
444 1024 763 1082 Scripturarum
778 1040 854 1068 vos
869 1023 981 1083 ipsos
994 1024 1240 1068 attendatis.
1254 1026 1366 1068 Cum
1379 1023 1493 1067 enim
1505 1031 1715 1082 tanquam
1774 1078 1776 1092 Ι

329 1094 554 1153 speculum
571 1093 755 1138 attendis
772 1094 1033 1153 Scripturas,
1054 1093 1316 1137 exhilaratur
1334 1092 1463 1137 facies
1483 1103 1557 1137 tua
1585 1108 1593 1134 τ
1613 1108 1715 1137 cum

327 1163 512 1208 similem
534 1173 577 1208 te
594 1164 1069 1208 invenies-‘exultatione
1084 1164 1174 1223 spei
1191 1199 1202 1218 ‚
1222 1164 1427 1208 membris
1450 1162 1715 1224 quibusdam
1772 1212 1774 1218 y

330 1235 518 1290 Christi,
546 1251 644 1295 quae
677 1234 871 1278 membra
902 1234 982 1278 ista
1015 1243 1274 1292 cantarunt3
1299 1234 1381 1278 eris
1402 1243 1445 1278 et
1473 1233 1588 1278 tuin
1614 1233 1715 1292 ipsis

328 1305 536 1349 membris
551 1339 562 1358 ‚
588 1313 631 1348 et
652 1305 846 1349 cantabis
868 1305 961 1349 ista.
980 1307 1071 1349 Cur
1086 1320 1189 1363 ergo
1211 1305 1280 1348 isti
1292 1313 1471 1349 cantant
1488 1305 1566 1348 ista
1590 1302 1714 1348 exul·
1771 1306 1774 1336 ἕ

327 1377 488 1420 tando?
505 1376 613 1429 Quia
633 1385 875 1420 evaserunt.
894 1379 1008 1434 Ergo
1027 1392 1121 1435 spes
1142 1376 1267 1420 estin
1281 1392 1367 1435 qua
1382 1384 1572 1420 cantant.
1601 1377 1715 1419 Cum

327 1437 443 1490 enim
460 1447 531 1490 hic
551 1462 699 1490 sumus
716 1455 759 1489 et
776 1447 1117 1506 peregrinamur,
1138 1445 1337 1490 nondum
1354 1446 1580 1490 evasimus.
1600 1448 1714 1489 Prae-

327 1527 548 1563 cesserunt
578 1517 759 1577 quidem
792 1517 988 1561 membra
1019 1517 1221 1577 quaedam
1245 1516 1301 1560 de
1329 1532 1509 1576 corpore
1536 1516 1636 1571 illo,
1657 1516 1712 1560 de

327 1604 416 1649 quo
439 1597 481 1632 et
503 1603 581 1631 nos
614 1602 763 1630 sumus
781 1621 791 1640 ‚
828 1603 928 1646 quae
963 1596 1143 1645 possunt
1164 1586 1209 1630 in
1230 1588 1409 1630 veritate
1430 1595 1618 1630 cantare.
1655 1589 1712 1631 Et

327 1660 411 1703 hoe
434 1666 666 1702 cantarunt
697 1660 907 1714 Martyres
935 1657 1071 1701 sancti
1094 1675 1102 1701 z
1123 1658 1213 1717 jam
1244 1657 1360 1700 enim
1391 1665 1646 1711 evaserunt,
1667 1665 1710 1701 et

328 1730 372 1773 in
395 1728 659 1772 exultatione
687 1742 785 1771 cum
816 1727 988 1771 Christo
1020 1736 1148 1781 sunt,
1184 1727 1398 1785 recepturi
1423 1727 1708 1786 corporajam
1765 1723 1767 1742 ³

327 1799 598 1858 incorrupta,
622 1797 773 1842 eadem
794 1799 883 1856 ipsa
905 1813 1004 1857 quae
1026 1798 1165 1856 primo
1187 1806 1309 1840 erant
1325 1795 1646 1855 corruptibilia,
1665 1796 1710 1840 in
1764 1791 1767 1805 ‘

327 1870 487 1930 quibus
508 1870 620 1928 passi
637 1877 739 1912 sunt
760 1883 911 1927 poenas
939 1886 948 1911 :
976 1868 1080 1911 inde
1107 1867 1190 1911 illis
1212 1867 1318 1911 fient
1339 1876 1594 1911 ornamenta
1617 1867 1712 1926 jus—

327 1940 449 1983 titiae.
467 1943 582 1998 Ergo
605 1939 692 1982 sive
712 1938 774 1982 illi
780 1938 871 1997 jam
890 1938 936 1981 in
959 1953 1020 1992 re,
1038 1938 1125 1982 sive
1138 1953 1216 1981 nos
1237 1939 1281 1981 in
1304 1953 1378 1996 spe
1399 1938 1712 1997 conjungentes

328 2009 535 2053 affectum
557 2008 726 2052 coronis
742 2023 893 2051 eorum
907 2042 918 2062 ⁷
939 2016 982 2051 et
1003 2006 1296 2051 desiderantes
1309 2006 1440 2051 talem
1451 2007 1584 2051 vitam
1601 2023 1714 2067 qua·
1761 2012 1776 2048 .¹'

326 2078 414 2123 lem
446 2079 518 2122 hic
549 2093 639 2122 non
672 2078 905 2131 habemus,
942 2076 1019 2120 sed
1044 2078 1205 2121 habere
1237 2093 1326 2122 non
1358 2078 1598 2136 poterimus
1626 2077 1711 2122 nisi
1760 2073 1762 2094 ³

327 2163 437 2193 eam.
467 2149 547 2192 Hic
571 2146 975 2201 desideraverimus,
993 2156 1219 2191 cantemus
1241 2147 1369 2191 simul
1387 2162 1558 2202 omnes,
1579 2156 1622 2191 et
1644 2146 1713 2191 di-
1759 2146 1761 2166 ²

327 2233 489 2273 camus,
512 2237 531 2260 «
556 2218 644 2263 Nisi
664 2218 765 2276 quia
789 2218 997 2261 Dominus
1012 2226 1101 2261 erat
1122 2217 1169 2260 in
1190 2217 1350 2261 nobis&
1372 2235 1392 2259 »
1411 2221 1711 2277 Respexerunt
1758 2246 1759 2265 ÷

325 2288 442 2332 enirn
464 2288 673 2348 quasdam
695 2287 996 2332 tribulationes
1014 2302 1120 2346 quas
1146 2287 1257 2345 passi
1278 2296 1407 2342 sunt,
1433 2297 1476 2331 et
1503 2287 1706 2332 conside-
1756 2334 1758 2341 ¹

325 2369 530 2403 raverunt
549 2360 594 2402 in
611 2374 662 2403 eo
673 2360 759 2418 jam
781 2358 878 2402 loco
900 2367 943 2401 et
972 2358 1017 2401 in
1046 2358 1316 2402 beatitudine
1338 2368 1382 2403 et
1412 2359 1458 2403 in
1479 2359 1708 2403 securitate
1756 2354 1758 2360 ’

325 2430 575 2484 constituti,
601 2445 687 2488 qua
710 2428 955 2472 transierint
969 2463 980 2482 ‚
1000 2444 1088 2488 quo
1101 2429 1300 2472 venerint
1324 2448 1332 2472 :
1354 2438 1396 2472 et
1413 2429 1516 2488 quia
1532 2428 1709 2473 difficile
1754 2438 1756 2449 '

324 2509 414 2544 erat
430 2499 532 2544 inde
552 2499 748 2554 liberari,
774 2498 855 2542 nisi
872 2497 1043 2543 vadesset
1056 2513 1208 2542 manus
1224 2497 1469 2554 liberantis,
1490 2499 1535 2542 in
1549 2497 1707 2556 gaudio

374 2588 383 2604 ¹
402 2583 483 2615 Psal.
504 2593 612 2623 cxxiii,
632 2593 661 2614 1.
