1815 3253
386 229 468 267 108
819 239 853 267 s.
888 236 1120 268 Aucus-nm
1152 240 1335 268 EPISCOPI

384 304 540 348 domus
561 303 638 348 Dei
656 340 666 359 ,
703 320 792 349 non
814 303 955 349 solum
974 306 1051 365 qui
1081 305 1213 350 modo
1242 314 1342 349 sunt
1362 339 1373 361 ,
1410 305 1485 349 sed
1506 313 1549 349 et
1570 305 1644 365 qui
1667 314 1762 351 ante

384 390 462 419 nos
484 373 663 418 fuerunt
681 377 821 436 etjam
839 375 1127 430 dormierunt,
1144 385 1186 420 et
1199 376 1273 436 qui
1289 384 1385 434 post
1398 390 1475 419 nos
1495 374 1630 419 futuri
1645 384 1758 432 sunt,

385 444 528 489 adhuc
549 446 624 505 qui
647 446 762 490 nasci
785 446 948 490 habent
969 445 1013 489 in
1035 446 1162 489 rebus
1185 447 1385 489 humanis
1404 460 1541 505 usque
1564 445 1610 488 in
1634 445 1763 490 finem

385 515 552 571 saeculi,
589 516 835 574 congregati
869 517 914 560 in
946 531 1085 560 unum
1113 515 1261 561 fideles
1296 515 1660 569 innumerabiles,
1692 516 1764 561 sed

385 588 571 631 Domino
603 588 842 642 numerati,
879 587 933 631 de
964 588 1125 648 quibus
1157 587 1262 632 dicit
1294 587 1547 647 Apostolus,
1581 605 1602 628 «
1639 587 1764 632 Novit

390 675 411 699 «
446 656 655 701 Dominus
672 658 746 717 qui
764 667 865 701 sunt
882 659 974 717 ejus
988 660 1001 684 ¹
1022 677 1030 702 :
1055 676 1074 699 »
1094 673 1224 716 grana
1237 657 1308 701 illa
1326 673 1425 716 quae
1443 655 1573 701 modo
1589 666 1766 715 gemunt

385 726 500 770 inter
522 727 665 786 paleas
683 762 694 781 ,
719 744 819 787 quae
852 742 1032 771 massam
1069 743 1203 771 unam
1227 726 1394 771 factura
1422 735 1524 770 sunt
1543 761 1554 781 ,
1594 725 1765 786 quando
1786 764 1789 765 ν

387 812 484 840 area
505 797 551 840 in
567 797 654 840 fine
676 798 807 841 fuerit
839 798 1074 842 ventilata²
1099 817 1108 842 ε
1135 797 1274 841 omnis
1297 811 1397 855 ergo
1430 812 1637 841 numerus
1659 796 1766 842 fide-

386 865 495 909 lium
519 876 764 911 sanctorum
782 902 792 922 ,
818 882 868 911 ex
887 868 1140 912 hominihus
1167 867 1576 912 commutandorum
1592 877 1642 911 ut
1664 867 1768 913 fiant

387 935 574 996 aequales
610 938 785 996 Angelis
815 939 917 993 Dei,
963 938 1158 998 adjuncti
1191 938 1320 982 etiam
1352 938 1433 997 ipsi
1460 937 1655 996 Angelis,
1695 938 1767 998 qui

385 1007 517 1052 modo
547 1024 636 1052 non
669 1009 1026 1068 peregrinantur,
1061 1007 1136 1053 sed
1165 1017 1395 1068 expectant
1435 1024 1513 1053 nos
1543 1007 1718 1069 quando
1745 1024 1767 1054 a

386 1079 733 1138 peregrinatione
750 1079 998 1134 redeamus,
1015 1095 1162 1124 omnes
1185 1078 1313 1124 simul
1339 1094 1473 1123 unam
1498 1079 1677 1123 domum
1695 1073 1775 1123 Dei'

389 1147 577 1204 faciunt,
602 1158 653 1193 ut
680 1165 813 1193 unam
835 1150 1070 1194 civitatem.
1106 1153 1202 1209 Ipsa
1230 1159 1293 1194 est
1329 1148 1594 1204 Jerusalem,
1631 1149 1767 1193 Habet

389 1218 588 1262 custodes
610 1238 618 1264 :
640 1219 861 1279 quomodo
878 1220 1012 1264 habet
1033 1219 1296 1264 aedificantes
1310 1255 1321 1274 ‚
1341 1219 1586 1264 laborantes
1598 1228 1648 1262 ut
1669 1217 1767 1262 aedi-

390 1290 567 1347 ficetur,
589 1290 647 1333 sic
671 1290 803 1334 habet
824 1299 867 1334 et
886 1289 1191 1335 custodientes.
1213 1293 1322 1336 Nam
1345 1290 1399 1334 ad
1417 1289 1658 1334 custodiam
1671 1303 1769 1350 per-3

391 1360 500 1403 tinet
535 1359 656 1420 quod
693 1360 799 1404 dicit
829 1360 1090 1420 Apostolus,
1135 1380 1155 1403 «
1188 1362 1334 1405 Timeo
1366 1376 1422 1404 ne
1458 1361 1570 1405 sicut
1603 1353 1769 1419 serpens?
1798 1371 1802 1421 y

395 1448 415 1471 »
442 1432 578 1474 Evam
595 1429 764 1474 seduxit
784 1431 938 1474 astutia
961 1446 1037 1475 sua
1051 1466 1062 1486 ,
1088 1431 1146 1475 sic
1169 1440 1212 1475 et
1232 1440 1386 1475 vestrae
1403 1427 1570 1475 mentes
1586 1429 1767 1484 corium-i

394 1518 414 1540 ))
450 1509 610 1560 pantur
632 1516 655 1544 a
690 1501 887 1544 castitate
907 1536 918 1555 ,
947 1516 1049 1561 quae
1074 1510 1138 1545 est
1167 1501 1212 1544 in
1246 1501 1460 1546 Christo3.
1491 1518 1511 1542 »
1550 1495 1766 1546 Custodiel

391 1572 492 1625 bat,
515 1580 656 1615 custos
684 1579 801 1628 erat,
836 1571 1044 1630 vigilabat
1074 1581 1289 1631 quantum
1321 1580 1515 1630 poterat,
1558 1586 1687 1630 super
1707 1586 1760 1616 eo:
1813 1614 1815 1620 ,

391 1641 551 1701 quibus
573 1650 771 1700 praeerat.
797 1644 850 1685 Et
878 1641 1083 1701 Episcopi
1101 1642 1183 1686 hoc
1206 1640 1388 1686 faciunt.
1409 1644 1518 1687 Nam
1534 1641 1633 1687 ideo
1653 1641 1757 1686 altio*
1813 1651 1815 1655 “

391 1711 511 1756 ‚loeus
543 1712 705 1771 positus
738 1722 802 1756 est
840 1713 1085 1772 Episcopis,
1124 1722 1174 1757 ut
1207 1713 1286 1772 ipsi
1316 1711 1701 1772 superintendant,
1734 1716 1761 1772 es
1811 1718 1815 1724 “

394 1792 600 1841 tanquam
620 1781 866 1826 custodiant
883 1783 1113 1841 populum.
1129 1785 1238 1828 Nam
1262 1791 1305 1826 et
1323 1797 1461 1841 graece
1480 1783 1601 1842 quod
1619 1782 1760 1834 dicitu]
1810 1781 1813 1795 '

393 1853 634 1911 Episcopus
654 1886 664 1905 ,
690 1852 772 1895 hoc
796 1851 926 1895 latine
962 1853 1286 1911 superintentor
1307 1854 1616 1912 interpretatur
1645 1873 1653 1897 :
1678 1853 1757 1912 quis
1809 1850 1811 1860 ¹

393 1922 743 1981 superintendit,
765 1922 865 1981 quia
887 1921 1072 1981 desuper
1107 1922 1239 1966 videt.
1267 1922 1498 1975 Quomodo
1530 1923 1645 1966 enim
1667 1923 1750 1967 vini
1806 1911 1815 1932 ἢ

397 1991 476 2035 tori
486 1990 611 2034 altior
625 1990 802 2034 fitlocus
817 1990 871 2034 ad
885 1991 1215 2035 custodiendam
1230 1992 1415 2045 vineam,
1429 1992 1488 2035 sic
1500 2001 1542 2036 et
1558 1992 1750 2051 Episcopi
1784 1997 1797 2631 1

1751 2057 1754 2074 ι
1811 2052 1815 2071 ἰ

395 2061 522 2105 altior
543 2061 664 2105 loeus
688 2060 826 2105 factus
844 2070 920 2104 est.
948 2064 1004 2105 Et
1028 2061 1081 2105 de
1098 2062 1181 2106 isto
1205 2061 1292 2106 alt-0
1303 2061 1403 2105 loco
1422 2061 1660 2120 periculosa
1678 2061 1748 2106 red
1806 2110 1814 2159 ,ἔ

1806 2194 1815 2222 :E

395 2131 512 2175 ditur
535 2132 642 2175 ratio
659 2167 669 2186 ,
707 2132 786 2176 nisi
810 2147 860 2175 eo
885 2131 1016 2176 corde
1038 2142 1197 2176 stemus
1220 2133 1290 2176 hic
1310 2168 1320 2186 ,
1353 2142 1403 2176 ut
1432 2133 1678 2176 humilitate
1701 2148 1746 2176 su

396 2203 582 2262 pedibus
605 2203 754 2246 vestris
773 2203 926 2255 simus,
953 2211 996 2245 et
1018 2218 1096 2261 pro
1118 2203 1241 2246 vobis
1270 2218 1441 2247 oremus
1458 2238 1469 2257 ,
1493 2212 1542 2247 ut
1570 2204 1644 2262 qui
1662 2218 1743 2248 nov

396 2282 562 2316 mentes
584 2282 745 2317 vestias
768 2273 858 2332 ipse
888 2272 1117 2316 custodiam
1151 2274 1261 2325 Quia
1285 2289 1362 2316 nos
1399 2274 1608 2317 intrantes
1641 2289 1716 2318 vos
1736 2287 1748 2336 q

396 2352 599 2386 exeuntes
625 2358 851 2418 possumus
874 2342 1041 2391 vider-e
1062 2357 1200 2402 usque
1239 2343 1347 2386 adeo
1370 2352 1515 2386 autem
1549 2359 1636 2387 non
1658 2338 1747 2387 vid‹!
1804 2336 1815 2365 Ψ

396 2428 491 2455 mus
504 2411 609 2471 quid
624 2413 818 2470 cogitetis
835 2412 877 2454 in
893 2392 1098 2455 coidilius
1117 2412 1289 2466 vestris,
1307 2422 1356 2455 ut
1370 2428 1513 2472 neque
1531 2412 1638 2472 quid
1651 2420 1745 2494 agatP
1804 2412 1815 2435 “³

396 2482 439 2525 in
458 2481 660 2526 domibus
677 2482 822 2525 vestiis
845 2481 942 2525 vide
939 2496 991 2524 re
1006 2482 1230 2540 possimus
1256 2482 1488 2534 Quomodo
1511 2497 1614 2539 ergo
1639 2490 1743 2536 ειιεῐις
1804 2489 1811 2506 ⁵

445 2566 588 2598 ¹2Tim.
608 2578 644 2605 11,
670 2577 719 2608 ¹9-
742 2583 781 2589 -
802 2566 944 2598 'Mattlr
967 2577 1047 2608 111‚1
1035 2575 1083 2598 12
1108 2564 1304 2599 -32C01.
1328 2567 1426 2608 x1‚3.
1738 2547 1742 2608 l
