1815 3253
366 262 449 302 170
795 277 827 303 8.
863 273 1096 304 AUGUSTINI
1127 278 1308 305 nuscum

363 354 452 382 non
484 337 782 383 delectaberis.
818 342 933 397 Ergo
968 341 1186 399 superflue
1208 342 1433 401 quaerebat
1461 351 1537 386 aut
1560 343 1737 399 arietes,

362 418 438 452 aut
452 418 619 464 tauros,
644 419 718 453 aut
740 408 929 469 aliquam
953 410 1084 454 talem
1100 412 1342 466 victimam,
1366 412 1484 456 unde
1500 411 1744 471 placeretur

365 483 492 524 Deus.
515 480 629 533 Quid
653 496 753 539 ergo
771 516 782 535 ‚
809 481 910 540 quia
932 480 1194 526 holocaustis
1218 498 1307 525 non
1329 481 1571 526 detectatur
1598 486 1711 527 Deus
1726 518 1742 540 ‚

364 566 454 594 non
469 551 624 610 accipit
641 551 895 595 sacrificium
909 587 919 605 ‚
938 561 980 595 et
1002 552 1092 594 sine
1113 552 1320 596 sacrificio
1338 552 1563 611 placatur?
1583 553 1626 597 Si
1649 553 1745 596 nul-

362 619 456 664 lum
479 621 736 664 sacrificium
761 631 823 664 est
840 656 850 676 ‚
876 620 1021 664 nullus
1048 621 1259 666 sace1dos.
1295 622 1338 666 Si
1360 631 1505 666 autem
1534 623 1746 666 habemus

363 692 629 735 sacerdotem
651 692 696 734 in
714 690 834 735 coelis
852 726 863 745 ,
889 692 964 751 qui
985 707 1064 750 pro
1081 692 1203 735 nobis
1235 691 1486 750 interpellat
1513 694 1708 736 Patrcm¹
1732 711 1742 738 ε

363 766 376 816 (
393 762 574 805 Intravit
588 762 704 805 enim
726 762 772 805 in
788 765 940 806 Sancta
959 772 1223 816 sanctorum,
1244 763 1290 806 in
1304 762 1508 806 interiora
1529 763 1613 807 veli
1627 797 1638 818 ‚
1656 779 1746 823 quo

363 847 451 875 non
469 831 658 874 intrabat
681 830 885 875 Sacerdos
907 833 951 875 in
973 833 1107 889 figura
1138 832 1216 875 nisi
1238 831 1369 875 semel
1388 832 1436 875 in
1460 848 1575 876 anno
1593 867 1603 886 ‚
1635 833 1746 877 sicut

364 911 407 945 et
430 902 637 946 Dominus
654 902 699 945 in
722 910 814 946 toto
838 912 1031 962 tempore
1053 903 1184 946 semel
1208 902 1379 946 oblatus
1401 912 1479 946 est.
1507 905 1603 962 Ipse
1621 903 1748 948 obtu-

366 971 465 1016 tulit
481 987 546 1027 se,
569 972 659 1031 ipse
686 972 912 1028 Sacerdos,
938 974 1027 1031 ipse
1049 973 1247 1027 victima,
1275 983 1318 1017 et
1334 973 1512 1017 intravit
1528 974 1572 1016 in
1593 976 1749 1019 Sancta

363 1046 638 1086 sanctorum²
660 1042 812 1096 semel,
839 1044 986 1102 etjam
1009 1059 1097 1087 non
1118 1043 1324 1097 moritur,
1351 1058 1430 1086 nec
1447 1058 1562 1087 mors
1581 1043 1619 1086 ei
1635 1042 1748 1087 ultra

364 1111 700 1167 dominabitur.)
726 1114 872 1156 Securi
899 1129 1046 1156 sumus
1068 1113 1168 1172 quia
1191 1113 1404 1156 habemus
1435 1112 1711 1157 Sacerdotem
1730 1148 1742 1168 ‚

364 1182 426 1224 ibi
444 1181 676 1225 offeramus
693 1192 736 1225 et
759 1183 958 1226 hostiam.
986 1182 1219 1226 Videamus
1247 1182 1366 1242 quod
1389 1183 1647 1227 sacrificium
1665 1183 1745 1226 de-

364 1251 518 1295 hemus
553 1252 710 1296 offerre
748 1271 756 1296 :
801 1253 902 1312 quia
936 1252 1196 1296 holocaustis
1232 1268 1320 1296 non
1355 1252 1597 1297 delectatur
1632 1256 1746 1297 Deus
1774 1259 1776 1265 ’

301 1345 304 1348 >
364 1331 530 1376 noster,
556 1323 666 1366 sicut
693 1321 869 1365 audistis
896 1323 943 1365 in
975 1321 1160 1366 Psalmo.
1189 1322 1272 1366 Sed
1301 1322 1360 1365 ibi
1384 1323 1580 1382 sequitur
1611 1332 1653 1366 et
1676 1339 1746 1367 os·
1772 1333 1774 1377 ζ

363 1392 503 1436 tendit
524 1392 631 1452 quid
647 1392 802 1435 offerat
827 1411 835 1436 :
865 1411 885 1434 «
907 1392 1173 1436 Sacrificium
1205 1395 1296 1436 Deo
1318 1392 1492 1451 spiritus
1513 1394 1744 1437 contribu-
1765 1391 1776 1430 ι’

366 1480 386 1504 »
421 1462 558 1508 latus:
581 1479 655 1507 eor
677 1464 911 1508 contritum
925 1473 968 1507 et
987 1462 1262 1506 humiliatum
1277 1465 1388 1506 Deus
1403 1478 1492 1506 non
1511 1463 1740 1522 spernit³.»
1770 1468 1772 1518 j
1813 1486 1815 1501 1

365 1534 407 1578 Si
439 1549 541 1592 ergo
575 1534 850 1578 humiliatum
872 1550 947 1578 cor
967 1534 1225 1578 sacrificium
1249 1537 1337 1577 Deo
1372 1542 1462 1588 est,
1488 1534 1744 1578 sacrificium
1770 1564 1771 1571 .

362 1602 550 1659 obtulit,
595 1605 670 1664 qui
709 1604 836 1660 dixit,
878 1605 1140 1659 «Domine,
1171 1619 1261 1647 non
1298 1613 1361 1647 est
1394 1603 1632 1647 exaltatum
1671 1619 1744 1648 cor

366 1692 386 1715 n
421 1689 583 1718 meum.
623 1693 643 1715 »
681 1674 791 1718 Vide
821 1674 905 1719 alio
942 1675 1038 1719 loco
1072 1675 1131 1719 sic
1173 1674 1444 1718 offerentem.
1482 1675 1593 1718 Dicit
1628 1678 1739 1731 Deo,

364 1764 384 1787 «
419 1745 528 1789 Vide
549 1745 840 1789 humilitatem
867 1761 1007 1789 meam
1030 1755 1073 1789 et
1092 1745 1287 1789 laborem
1317 1760 1487 1800 meum,
1508 1754 1551 1788 et
1572 1745 1743 1789 dimitte

362 1833 382 1856 »
419 1817 562 1859 omnia
582 1826 754 1875 peecata
773 1817 908 1860 mea4.
938 1834 958 1856 »

418 1888 470 1929 V.
497 1905 515 1927 «
537 1886 734 1939 Domine,
749 1901 838 1929 non
852 1894 913 1928 est
928 1884 1162 1929 exaltatum
1181 1900 1255 1928 cor
1270 1899 1416 1928 meum
1428 1919 1439 1939 ,
1456 1900 1599 1944 neque
1620 1885 1665 1928 in
1684 1884 1741 1928 al-

364 1974 383 1996 »
409 1965 501 1999 tum
521 1956 619 2000 elati
634 1966 736 2000 sunt
748 1956 862 2000 oculi
876 1957 981 2013 11161,
999 1972 1140 2016 neque
1153 1955 1366 2012 ingressus
1386 1969 1481 1998 sum
1499 1955 1544 1998 in
1560 1955 1739 2012 magnis,

363 2044 382 2067 »
408 2042 550 2086 neque
564 2027 606 2070 in
624 2026 896 2070 mirabilibus
911 2041 1039 2084 super
1056 2041 1138 2069 me.
1158 2044 1177 2066 »
1202 2028 1295 2069 Hoc
1308 2025 1480 2084 planius
1495 2025 1680 2079 dicatur,
1699 2033 1742 2069 et

359 2096 576 2140 audiatur.
615 2099 711 2140 Non
738 2095 801 2139 fui
833 2097 1049 2154 superbus
1068 2130 1079 2149 ,
1118 2094 1241 2139 nolui
1263 2095 1385 2153 quasi
1403 2095 1448 2138 in
1471 2094 1742 2139 mirabilibus

356 2166 626 2210 innotescere
647 2166 925 2222 hominibus3
958 2181 1038 2209 nec
1075 2165 1254 2225 quaesivi
1277 2163 1443 2223 aliquid
1480 2179 1608 2223 supra
1631 2165 1740 2208 vires

358 2252 487 2291 meas,
504 2237 621 2280 unde
636 2252 703 2280 me
715 2236 830 2295 apud
847 2236 1066 2295 imperitos
1080 2238 1304 2294 jactarem.
1326 2234 1531 2278 Intendat
1545 2235 1740 2279 Charitas

355 2309 542 2352 Vestra:
579 2323 735 2365 magna
749 2323 812 2351 res
851 2306 1197 2352 commendatur.
1225 2305 1457 2359 Quomodo
1492 2307 1639 2350 Simon
1666 2304 1739 2348 ille
1776 2303 1778 2307 ’

356 2393 506 2436 magus
528 2379 573 2421 in
591 2378 860 2422 mirabilibus
882 2377 1047 2435 ingredi
1070 2377 1244 2422 volebat·
1275 2392 1403 2436 super
1425 2391 1468 2420 se
1487 2378 1502 2402 ⁵
1521 2411 1532 2430 ,
1558 2386 1737 2435 propte-

355 2464 431 2493 rea-
449 2448 546 2508 plus
580 2448 974 2508 illumpgdelectavit
1006 2448 1199 2507 potentia
1236 2446 1567 2507 Apostolorum,
1604 2460 1735 2506 quam

401 2547 408 2561 ¹
434 2544 532 2576 Hebr.
552 2555 596 2586 ix,
621 2554 672 2577 12.
699 2561 739 2567 —-
767 2551 779 2567 ²
807 2547 895 2576 nom.
921 2555 965 2585 w,
984 2554 1017 2585 ς).
1037 2560 1080 2567 --
1101 2542 1113 2566 3
1135 2542 1214 2575 Psat.
1233 2554 1262 2584 1,,
1281 2554 1331 2585 19.
1353 2559 1394 2565 -
1414 2541 1495 2574 4111.
1512 2552 1601 2584 xxiv,
1622 2541 1674 2574 18.
1696 2557 1737 2564 —

353 2594 373 2623 ⁵¹
388 2603 461 2634 Act.
482 2612 549 2642 vm,
572 2600 623 2633 18.
