1815 3253
7 187 11 275 Ι
356 225 598 256 ENARRATIO
630 229 676 256 m
707 228 913 258 PsALMUM
943 230 1099 259 cxxxii.
1327 224 1405 260 221

0 325 3 336 ξ
29 303 148 340 catus
168 328 179 348 ‚
212 293 387 339 humilis
404 330 415 348 ‚
447 295 656 351 tolerans,
688 312 768 356 pro
791 313 1016 342 murmure
1042 311 1214 356 precem
1244 299 1408 343 fundit.

29 367 136 410 Nam
159 375 497 410 murmuratores
520 381 668 410 omnes
692 368 920 426 magnifice
948 367 1150 427 descripti
1175 378 1276 412 sunt
1298 384 1412 429 quo-

1 434 128 480 ⁴dam
164 434 262 479 loco
296 435 615 495 Scripturarum
652 456 661 481 ε
701 456 721 479 «
753 438 996 482 Praecordia
1034 436 1143 482 fatui
1175 438 1287 482 sicut
1320 448 1413 483 rota

33 525 53 549 »
87 506 239 550 earri1.
268 524 287 547 »
314 506 430 560 Quid
460 517 548 562 est,
581 508 823 553 Praecordia
856 508 967 553 fatui
999 509 1111 553 sicut
1142 519 1234 554 rota
1273 510 1415 554 carri?

0 604 1 617 i
31 580 218 622 Foenum
236 587 402 637 portat,
429 587 472 622 et
494 589 752 624 murmurat.
772 582 869 625 Non
894 580 1009 623 enim
1029 588 1171 639 potest
1193 589 1285 624 rota
1304 580 1414 624 carri

29 649 247 709 quiescere
282 664 306 692 a
338 664 578 694 murmure.
610 650 678 694 Sic
706 659 807 694 sunt
830 649 957 694 multi
979 650 1154 705 fratres,
1180 666 1269 694 non
1291 650 1415 694 liabi-

31 728 124 764 tant
145 719 189 762 in
214 734 352 762 unum
373 719 453 763 nisi
475 735 671 779 corpore.
696 719 780 765 Sed
797 720 1021 780 quisunt,
1047 721 1121 780 qui
1146 721 1346 764 habitant
1371 721 1415 763 in

30 805 184 834 unum.
208 788 277 833 Illi
295 789 348 833 de
361 790 521 849 quibus
541 790 707 835 dictum
725 801 810 835 est:
826 810 846 833 «
864 794 918 835 Et
938 800 1028 835 erat
1045 790 1127 835 illis
1150 791 1292 835 anima
1308 807 1411 846 una,

34 878 54 902 »
87 875 162 904 cor
190 875 328 903 unum
360 860 404 902 in
434 864 573 904 Deum
610 880 618 905 :
651 871 694 906 et
727 877 855 906 nemo
884 861 1056 906 dicebat
1088 861 1252 922 aliquid
1287 877 1415 906 suum

33 949 53 972 »
88 945 198 985 esse,
218 929 293 974 sed
311 939 432 974 erant
456 930 536 974 illis
556 932 699 976 omnia
722 932 971 976 communia
987 935 1048 975 2.»
1062 932 1281 989 Designati
1296 941 1413 986 sunt,

0 1024 1 1028 ¹
31 999 231 1060 descripti
253 1009 353 1045 sunt
377 1000 453 1061 qui
475 1001 724 1060 pertineant
746 1002 800 1046 ad
830 1003 1033 1058 barbam,
1066 1003 1142 1062 qui
1171 1003 1418 1061 pertineant

31 1071 85 1116 ad
107 1087 224 1116 oram
248 1072 492 1116 vestimenti
512 1107 522 1127 ,
555 1073 631 1132 qui
655 1082 943 1117 numerentur
963 1074 1078 1117 inter
1105 1082 1274 1117 montes
1295 1073 1414 1118 Sion.

31 1142 121 1187 Etsi
143 1151 245 1187 sunt
278 1143 339 1186 ibi
368 1142 439 1186 alii
476 1152 818 1187 murmuratores
837 1179 847 1198 ‚
883 1143 1164 1187 meminerint
1196 1142 1301 1188 dicti
1329 1147 1418 1188 Do-

34 1230 54 1254 »
89 1213 220 1257 mini:
240 1231 259 1254 «
288 1215 407 1257 Unus
431 1223 699 1269 assumetur,
726 1224 769 1258 et
789 1229 903 1257 unus
922 1213 1240 1274 relinquetur3.
1269 1232 1288 1255 »

99 1285 225 1327 XIII.
264 1302 284 1325 «
312 1283 528 1337 Quoniam
562 1285 622 1327 ibi
657 1284 880 1328 mandavit
906 1285 1117 1328 Dominus
1150 1283 1419 1328 benedictio-

35 1372 54 1395 »
89 1369 189 1397 nem
204 1355 236 1399 4.
265 1372 285 1395 »
313 1355 398 1399 Ubi
423 1356 677 1400 mandavit?
714 1359 764 1400 In
796 1356 1005 1400 fratribus
1042 1355 1118 1416 qui
1152 1356 1351 1399 habitant
1375 1355 1421 1398 in

0 1463 2 1466 ,
30 1439 185 1468 unum.
216 1424 284 1468 lbi
309 1426 516 1484 praecepit
537 1424 888 1469 benedictionem
904 1461 914 1476 ‚
950 1426 1012 1469 ibi
1044 1425 1310 1469 benedicunt
1331 1429 1421 1469 Do-

0 1509 2 1538 r
31 1495 199 1538 minum
224 1495 298 1555 qui
321 1495 522 1539 habitant
543 1497 832 1540 concorditer.
867 1499 975 1541 Nam
1013 1496 1058 1539 in
1086 1495 1299 1540 discordia
1332 1512 1421 1540 non

0 1543 251 1608 {lbenedicis
276 1566 525 1608 Dominum.
556 1566 656 1610 Sine
679 1582 806 1610 causa
829 1566 934 1610 dicis
956 1567 1059 1626 quia
1080 1566 1229 1624 lingua
1254 1575 1327 1610 tua
1350 1582 1422 1611 so-

0 1642 4 1678 t
33 1645 107 1680 nat
128 1636 478 1680 benedictionem
507 1638 705 1693 Domini,
732 1638 765 1682 si
797 1637 927 1682 corde
950 1654 1040 1682 non
1062 1654 1202 1684 sones.
1230 1640 1316 1682 Ore
1341 1639 1422 1682 be-

0 1726 1 1729 *
35 1706 220 1762 nedicis,
246 1716 289 1751 et
317 1708 448 1752 corde
472 1707 706 1752 maledicis.
737 1727 757 1750 «
787 1710 873 1752 Ore
900 1724 979 1753 suo
1013 1709 1354 1764 benedicebant,
1380 1718 1422 1753 et

38 1795 58 1819 »
92 1777 221 1822 corde
255 1794 334 1822 suo
373 1777 691 1822 maledicebant
712 1781 743 1822 ⁵.
784 1797 804 1820 »
842 1779 1070 1840 Numquid
1104 1781 1236 1824 verba
1277 1789 1424 1824 nostra

36 1850 164 1892 sunt?
188 1849 426 1908 Significati
447 1858 548 1894 sunt
565 1848 763 1910 quidam.
790 1850 1016 1894 Benedicis
1038 1851 1291 1906 Dominum,
1322 1866 1423 1895 cum

17 1920 154 1988 joras,
187 1929 230 1964 et
251 1921 441 1981 sequeris
470 1921 515 1964 in
537 1936 665 1980 prece
688 1930 784 1976 tua,
818 1931 861 1966 et
883 1920 1104 1965 maledicis
1127 1923 1304 1966 inimico
1326 1932 1419 1966 tuo.

18 1990 128 2053 ξΗοο
150 1999 213 2035 est
235 1991 356 2050 quod
380 1991 557 2036 audistis
580 1992 634 2036 ab
664 1992 757 2051 ipso
784 1992 971 2036 Domino
993 1991 1010 2037 ;’
1033 2011 1053 2034 «
1080 1992 1256 2051 Diligite
1277 1992 1425 2036 inimi-

0 2054 62 2102 ὲ’»
93 2076 163 2106 cos
199 2070 362 2106 vestros
381 2063 396 2088 ⁶
418 2064 435 2103 ἶ)
461 2063 541 2107 »Si
565 2072 710 2107 autem
740 2063 896 2118 facias,
929 2073 973 2107 et
1005 2063 1156 2121 diligas
1193 2063 1424 2108 inimicum

0 2159 2 2177 ι
37 2139 158 2175 tuum
174 2167 184 2187 ‚
206 2142 250 2176 et
271 2148 363 2177 ores
393 2148 471 2191 pro
494 2148 544 2177 eo
562 2167 573 2181 ,
603 2152 622 2175 «
645 2132 712 2177 Ibi
734 2133 960 2177 mandavit
980 2134 1191 2178 Dominus
1215 2134 1424 2178 benedic-

0 2221 4 2228 ·
42 2219 60 2243 ›>
92 2203 258 2247 tionem
280 2218 401 2246 suam
424 2222 433 2247 ι
460 2221 480 2245 »
508 2204 570 2247 ibi
592 2203 773 2247 habebis
801 2222 821 2245 «
841 2204 987 2247 Vitam
1004 2204 1048 2247 in
1071 2203 1281 2248 saeeulum
1298 2239 1308 2259 ,
1335 2223 1355 2245 »
1381 2203 1426 2247 id

0 2293 5 2301 ·
39 2282 120 2328 est,
149 2274 192 2317 in
221 2283 449 2317 aeternum.
476 2273 605 2318 Multi
635 2275 752 2318 enim
775 2284 969 2318 amantes
992 2274 1125 2319 vitam
1151 2275 1303 2330 istam,
1329 2291 1426 2319 ma-

1 2347 6 2382 l
39 2342 232 2387 ledicunt
253 2343 437 2387 inimicis
459 2343 543 2387 suis
566 2363 574 2387 :
596 2359 674 2402 pro
697 2361 783 2404 qua
807 2360 875 2399 re,
901 2345 981 2388 nisi
1004 2360 1083 2404 pro
1107 2345 1186 2388 ista
1209 2345 1294 2389 vita
1314 2381 1324 2399 ,
1346 2345 1427 2389 nisi

0 2425 8 2441 '-
41 2429 117 2473 pro
148 2413 386 2458 commodis
423 2412 733 2458 saecularibus?
764 2415 848 2458 Ubi
880 2423 923 2458 te
952 2416 1196 2473 angustavit
1227 2416 1428 2459 inimicus

0 2501 8 2524 P

89 2516 97 2532 ¹
129 2510 227 2542 Eccli.
255 2520 366 2550 xxxm,
397 2507 429 2541 5.
463 2525 503 2530 --
527 2515 540 2530 ²
559 2508 639 2540 Act.
660 2518 704 2548 iv,
731 2508 783 2540 32.
811 2525 852 2531 —
873 2506 886 2531 3
911 2509 1022 2542 Matih.
1045 2521 1143 2550 κέων,
1167 2508 1222 2550 [10.
1246 2526 1287 2531 —
1312 2508 1427 2540 41³sa1.

43 2575 156 2607 cuim,
176 2567 207 2598 3.
229 2583 270 2589 —
289 2564 303 2589 5
322 2566 368 2598 Id.
391 2577 451 2607 tx1,
469 2565 501 2598 5.
521 2582 562 2588 -
581 2563 595 2587 fi
613 2564 730 2597 Mutth.
750 2575 782 2607 v,
802 2564 857 2607 44.

24 2614 26 2663 ι

25 2718 27 2775 i

25 2782 27 2835 1
