1815 3253
330 224 412 266 104
763 234 797 262 s.
833 233 1062 264 Aucus'nm
1093 236 1275 264 Emscopr

325 321 347 345 »
383 303 516 358 bant,
545 302 765 361 mittentes
800 302 963 346 semina
985 318 1074 346 sua.
1103 320 1124 344 »
1150 307 1290 356 Quare
1310 337 1321 356 ‚
1350 320 1371 344 «
1390 301 1611 347 Mittentes
1633 316 1701 345 se-
1760 321 1763 325 ·

326 392 348 415 »
383 375 499 418 mina
523 376 628 418 sua?
652 392 672 414 »
699 373 809 427 Quia
825 407 836 428 ,
864 373 981 426 «Qui
1001 374 1214 418 seminant
1234 374 1279 417 in
1296 372 1510 430 lacrymis,
1532 372 1577 416 in
1598 387 1703 430 gau-

325 462 346 486 »
382 445 453 489 dio
475 453 654 488 metent.
683 461 703 485 »

380 518 478 559 XV.
505 518 592 559 Isto
611 513 780 558 Psalmo
803 511 1015 558 exhortati
1032 529 1106 558 vos
1128 514 1335 558 fuerimus
1358 514 1543 557 maxime
1565 512 1620 557 ad
1634 513 1701 557 fa-

322 585 519 630 ciendam
542 584 877 628 misericordiam
892 619 903 638 ‚
929 585 1030 644 quia
1064 585 1164 629 hinc
1187 585 1432 629 ascenditur
1451 605 1461 641 3
1487 593 1530 628 et
1550 583 1702 629 videtis

321 657 422 716 quia
440 655 513 699 ille
535 664 680 700 cantat
701 655 931 700 Canticum
951 654 1179 713 graduum,
1195 656 1270 716 qui
1287 654 1703 701 ascenditMemen-

319 736 436 785 tote3
470 726 605 770 nolite
638 741 780 769 amare
803 725 1064 770 descendere
1091 735 1134 770 et
1156 741 1246 770 non
1270 726 1499 769 ascendere
1515 760 1526 780 ,
1550 726 1626 770 sed
1647 725 1702 770 de

323 797 571 842 ascensione
594 796 780 855 cogitate
807 815 816 840 z
849 796 950 856 quia
972 796 1048 855 qui
1076 789 1365 840 descendebat
1387 795 1441 839 ab
1463 795 1703 840 Jerusalem

320 869 366 911 in
387 867 561 912 Jericho
577 902 588 922 ,
610 865 762 910 incidit
776 867 822 909 in
842 865 1030 910 latrones
1049 868 1078 910 ².
1094 869 1190 912 Non
1212 866 1492 911 descenderet
1509 902 1520 922 ,
1546 876 1590 911 et
1611 882 1702 911 non

319 939 530 984 incideret
549 938 595 982 in
615 937 819 982 latrones.
851 940 947 981 Jam
970 953 1072 996 ergo
1095 937 1236 982 Adam
1257 937 1479 981 descendit
1495 972 1505 992 ‚
1526 946 1570 981 et
1589 937 1702 981 inci-

319 1010 384 1055 dit
404 1011 450 1054 in
471 1010 659 1055 latrones
683 1029 692 1054 :
717 1024 866 1054 omnes
888 1009 1003 1054 enim
1027 1024 1104 1053 nos
1127 1010 1267 1053 Adam
1288 1024 1451 1054 sumus.
1480 1008 1565 1053 Sed
1579 1018 1701 1053 tran-
1763 1003 1765 1035 ³

318 1081 388 1125 siit
409 1080 606 1125 sacerdos
622 1115 633 1135 ‚
660 1089 703 1124 et
721 1079 1008 1139 contempsit3
1027 1079 1196 1124 transiit
1218 1080 1365 1124 Levita
1381 1115 1392 1135 ,
1413 1088 1455 1123 et
1477 1089 1702 1139 contemp-

320 1152 376 1196 sit
401 1187 412 1206 ,
442 1152 545 1211 quia
576 1154 663 1195 Lex
693 1166 843 1195 sanare
878 1166 968 1194 non
1001 1150 1160 1210 potuit.
1196 1150 1381 1194 Transiit
1412 1150 1700 1194 Samaritanus

319 1222 499 1283 quidam
513 1256 524 1276 ,
543 1221 589 1265 id
605 1230 683 1277 est,
709 1221 919 1265 Dominus
941 1230 1086 1266 noster
1107 1224 1230 1264 Jesus
1246 1221 1441 1265 Christus
1468 1240 1476 1265 :
1501 1220 1564 1264 illi
1585 1221 1701 1264 enim
1763 1235 1764 1241 ¹

320 1293 489 1337 dictum
511 1301 574 1336 est
598 1311 608 1336 ι
638 1310 658 1333 «
677 1294 831 1337 Nonne
853 1307 1005 1336 verum
1028 1290 1211 1335 dicimus
1228 1306 1332 1347 nos,
1354 1291 1455 1351 quia
1477 1292 1701 1336 Samarita-
1762 1329 1764 1350 ς

322 1383 343 1407 »
379 1380 459 1408 nus
480 1379 523 1407 es
548 1372 594 1406 tu
614 1398 625 1417 ‚
651 1371 694 1407 et
711 1361 977 1406 daemonium
994 1362 1159 1406 habes?
1183 1380 1204 1403 »
1231 1362 1310 1406 Ille
1331 1377 1420 1406 non
1443 1361 1551 1406 dixit
1577 1365 1702 1408 :Non

318 1451 414 1480 sum
437 1434 728 1479 Samaritanus
753 1453 762 1478 ε
789 1433 864 1477 sed
886 1434 992 1477 dixit
1017 1453 1025 1478 :
1056 1452 1077 1475 «
1101 1436 1195 1492 Ego
1217 1433 1484 1478 daemonium
1508 1449 1593 1477 non
1620 1434 1701 1478 ha-

322 1524 343 1547 »
379 1506 462 1549 beo
474 1508 506 1548 2.
535 1522 555 1546 »
579 1504 805 1549 Samarites
833 1503 949 1547 enirn
971 1503 1304 1563 interpretatur,
1329 1513 1488 1549 custos.
1517 1504 1559 1548 Si
1580 1504 1701 1549 dice-

319 1586 385 1620 ret
407 1595 415 1620 :
435 1578 533 1621 Non
555 1589 650 1619 sum
674 1575 991 1632 Samaritanus3
1016 1574 1179 1619 diceret
1204 1593 1213 1618 ε
1233 1577 1331 1619 Non
1353 1590 1449 1618 sum
1470 1584 1628 1619 custos,
1645 1577 1702 1619 Et

321 1648 417 1708 quis
457 1647 564 1690 alius
603 1645 840 1690 custodiret
867 1647 886 1689 Ξ)
921 1645 1086 1689 Deinde
1124 1661 1288 1705 ponens
1330 1645 1660 1690 similitudinem
1687 1665 1697 1691 z

323 1737 343 1760 «
380 1717 564 1761 Transiit
586 1716 811 1761 Samarites
831 1750 841 1771 ‚
864 1725 906 1760 et
930 1714 1031 1760 fecit
1049 1731 1149 1760 cum
1166 1716 1240 1760 illo
1258 1715 1589 1760 misericordiam
1605 1717 1620 1742 ³
1637 1751 1648 1771 ,
1672 1734 1693 1759 n

319 1788 430 1832 sicut
462 1787 591 1831 scitis.
622 1786 800 1830 Jacebat
834 1795 977 1829 autem
999 1787 1044 1829 in
1075 1786 1144 1829 via
1175 1785 1455 1840 vulneratus,
1481 1787 1583 1846 quia
1605 1785 1702 1831 des-

319 1858 492 1913 cendit,
526 1858 752 1901 Transiens
778 1858 1069 1902 Samaritanus
1090 1872 1189 1901 non
1209 1873 1286 1901 nos
1314 1858 1572 1917 contempsit
1593 1876 1602 1900 ε
1627 1873 1705 1901 cu-

318 1929 431 1973 ravit
453 1944 552 1981 noS‚
588 1928 746 1972 levavit
766 1928 810 1971 in
827 1929 1076 1987 jumentum
1093 1962 1104 1982 ‚
1135 1927 1179 1972 in
1202 1943 1331 1972 carne
1363 1943 1437 1971 sua
1467 1947 1475 1972 :
1502 1927 1726 1986 perduxit

321 1999 378 2043 ad
400 1998 642 2053 stabulum,
664 1999 708 2042 id
731 2007 814 2053 est,
837 1997 891 2042 ad
913 1999 1150 2042 Ecclesiam
1175 2017 1183 2042 :
1208 1998 1529 2042 commendavit
1551 1999 1703 2042 stabu-

321 2070 444 2122 lario,
465 2069 509 2113 id
530 2079 616 2123 est,
643 2068 852 2127 Apostolo
874 2087 882 2112 :
907 2067 1026 2112 dedit
1043 2068 1151 2112 duos
1168 2067 1365 2112 denarios
1389 2067 1506 2111 unde
1528 2084 1702 2112 curare-

322 2149 416 2193 tur,
438 2139 691 2183 charitatem
715 2138 791 2180 Dei
813 2147 855 2181 et
877 2138 1130 2182 charitatem
1152 2139 1335 2196 proximi
1356 2159 1366 2195 3
1391 2157 1410 2180 t(
1439 2142 1487 2181 In
1513 2139 1576 2182 his
1599 2138 1704 2183 duo-

324 2228 344 2251 »
381 2210 462 2253 bus
494 2210 608 2253 enim
642 2209 865 2268 praeceptis
901 2218 989 2253 tota
1020 2212 1107 2252 Lex
1129 2209 1288 2268 pendet
1310 2218 1351 2253 et
1374 2210 1602 2269 Prophetae
1618 2212 1650 2253 ⁴.
1679 2228 1699 2251 »
1758 2265 1760 2273 Ι

322 2278 437 2324 Dixit
459 2287 601 2321 autem
622 2278 856 2322 stabulario
882 2297 890 2322 :
921 2297 941 2320 «
968 2278 1139 2338 Sigjquid
1162 2278 1345 2337 amplius
1364 2278 1602 2336 erogaveris
1622 2313 1632 2333 ‚
1657 2279 1704 2322 in
1758 2278 1760 2288 ¹

324 2366 345 2389 »
381 2347 605 2392 redeundo
627 2347 804 2392 reddam
826 2348 903 2392 tibi
921 2350 950 2391 ⁵.
972 2349 1205 2408 »Amplius
1228 2350 1422 2407 erogavit
1441 2348 1671 2409 Apostolus
1689 2367 1698 2394 ε

321 2419 423 2479 quia
456 2434 556 2463 cum
585 2419 787 2463 omnibus
821 2419 1035 2479 Apostolis
1065 2421 1321 2480 permissum
1349 2430 1481 2475 esset,
1518 2430 1565 2464 ut
1588 2420 1702 2465 acci·
1756 2454 1758 2467 ,

369 2498 378 2514 ¹
401 2493 478 2523 Luc.
499 2502 532 2531 x,
555 2492 656 2524 3o.—
670 2499 683 2516 ²
702 2495 793 2526 Joan.
813 2504 883 2535 vm,
898 2491 953 2535 48,
972 2492 1074 2536 49-
1093 2492 1106 2517 3
1122 2495 1199 2526 Luc.
1220 2505 1251 2535 x,
1271 2494 1371 2526 33.-
1388 2492 1405 2524 4
1428 2494 1540 2526 Matth.
1557 2504 1632 2535 xxn,
1645 2493 1698 2535 40.

325 2562 367 2570 —
381 2544 397 2569 ⁵
414 2548 489 2580 Luc.
511 2558 546 2589 x,
565 2547 619 2581 35.
