1815 3253
395 252 637 284 ENARRATIO
670 257 716 284 IN
747 254 951 284 PsALMUM
983 255 1123 282 CXXIV.
1395 242 1449 282 85

69 331 113 368 et
132 336 298 381 semper
330 335 475 365 servus
497 322 605 365 ero?
627 321 800 365 Faciam
833 337 936 381 ergo
959 330 1002 365 et
1032 334 1111 378 ego
1146 319 1448 380 iniquitatem,

16 414 17 428 ι
68 393 169 455 quia
190 391 299 436 nihil
321 391 498 452 prodest
516 401 663 436 tenere
680 392 908 452 justitiam.
944 394 1008 436 Ne
1029 400 1174 434 autem
1204 391 1289 435 hoc
1311 390 1448 447 dicat,

66 465 311 509 insinuatur
332 462 394 507 illi
416 463 546 517 fides,
567 464 668 524 quia
691 462 745 507 ad
760 472 930 524 tempus
945 471 1087 522 potest
1103 476 1190 505 esse
1211 462 1331 521 virga
1350 478 1453 523 pec-

66 544 261 581 catorum
296 549 425 594 super
453 542 612 578 sortem
637 535 871 594 justorum.
912 553 932 576 «
973 536 1069 579 Non
1102 548 1198 577 eam
1235 532 1454 594 relinquet

67 624 90 649 »
124 606 333 652 Dominus
350 621 479 666 super
495 614 655 650 sortem
672 607 893 666 justorum
908 640 918 659 ,
938 613 986 648 ut
999 620 1088 648 non
1101 603 1337 648 extendant
1346 605 1454 665 justi

66 694 88 719 »
121 678 167 721 in
188 677 460 738 iniquitatem
483 691 636 720 manus
658 691 755 720 suas
776 695 784 721 :
805 694 825 717 n
846 675 921 719 sed
941 683 1119 719 teneant
1142 674 1197 718 ab
1220 674 1452 735 iniquitate

64 762 218 792 manus
243 763 365 802 suas,
399 756 443 791 et
462 746 604 791 ferant
640 746 938 806 iniquitatem,
973 761 1062 789 non
1091 743 1269 789 faciant.
1295 745 1453 790 Melius

64 827 127 862 est
148 818 261 862 enim
284 817 536 876 injustitiam
555 817 669 861 serre
689 832 821 877 quam
844 816 999 860 facere.
1027 815 1152 860 Unde
1171 831 1261 860 non
1283 831 1453 876 semper

63 888 173 933 erit?
194 907 214 929 «
236 888 345 941 Quia
369 903 459 932 non
477 887 752 948 derelinquet
767 888 978 932 Dominus
991 887 1154 946 virgam
1170 895 1452 947 peccatorum

64 976 87 1000 »
120 973 249 1018 super
265 966 424 1002 sortem
442 959 676 1017 justorum.
706 977 726 1000 »

120 1031 198 1072 IX.
231 1030 324 1073 Hoc
345 1027 535 1086 cogitant
561 1027 637 1088 qui
659 1028 764 1072 recti
781 1036 884 1072 sunt
895 1026 1027 1072 corde
1042 1062 1053 1083 ,
1069 1027 1124 1071 de
1138 1028 1299 1087 quibus
1316 1028 1450 1088 paulo

61 1108 161 1143 ante
182 1098 297 1154 dixi,
313 1098 388 1158 qui
401 1096 672 1142 voluntatem
690 1098 768 1142 Dei
783 1107 1049 1158 sequuntur,
1070 1113 1160 1142 non
1178 1097 1450 1143 voluntatem

61 1185 198 1215 suam.
222 1169 304 1214 Sed
326 1168 402 1229 qui
426 1169 549 1228 sequi
573 1172 712 1213 Deum
736 1167 890 1213 volunt
905 1204 917 1224 ,
947 1168 1117 1213 faciunt
1138 1167 1262 1213 illum
1284 1185 1450 1229 praece-

61 1239 235 1284 dentem
249 1275 260 1294 ,
279 1248 320 1283 et
333 1254 376 1283 se
391 1248 620 1300 sequentes
638 1260 648 1297 3
670 1255 759 1283 non
781 1249 928 1283 autem
949 1255 992 1283 se
1006 1240 1318 1299 praecedentes,
1339 1249 1382 1284 et
1392 1237 1450 1283 il-

60 1310 152 1354 lum
176 1318 431 1370 sequentem
466 1329 474 1354 :
499 1319 543 1354 et
565 1310 611 1353 in
633 1310 836 1354 omnibus
867 1325 967 1354 eum
1002 1309 1169 1354 bonum
1191 1309 1445 1367 inveniunt,

59 1380 146 1425 sive
162 1380 465 1425 emendantem
478 1417 488 1435 ,
515 1382 601 1425 sive
613 1381 926 1437 consolantem,
947 1381 1036 1426 sive
1055 1390 1343 1437 exercentem,
1359 1382 1448 1426 sive

58 1461 364 1507 coronantem,
399 1453 487 1497 sive
516 1462 774 1512 purgantem
791 1488 803 1508 ,
830 1453 920 1497 sive
951 1452 1299 1509 illuminantem,
1336 1453 1449 1498 sicut

10 1538 13 1552 ¹
57 1523 290 1583 Apostolus
306 1523 379 1578 ait,
412 1542 431 1564 «
454 1524 618 1568 Scimus
635 1523 842 1583 quoniam
861 1522 1140 1581 diligentibus
1158 1526 1298 1568 Deum
1311 1559 1321 1579 ,
1350 1540 1447 1569 om-

60 1611 81 1636 »
105 1594 175 1638 nia
192 1603 482 1654 cooperantur
493 1594 750 1638 inbonum1.
766 1613 786 1636 »
804 1597 860 1638 Et
872 1594 1188 1655 ideosequitur,
1204 1614 1224 1636 «
1237 1595 1442 1651 Benefac,

60 1681 81 1705 »
116 1664 320 1718 Domine,
342 1664 489 1719 bonis,
516 1674 559 1709 et
576 1664 702 1709 rectis
720 1663 892 1709 corde2.
918 1683 938 1706 >›

113 1737 169 1779 X.
198 1737 316 1780 Sicut
338 1745 481 1780 autem
505 1735 696 1780 declinat
719 1753 741 1780 a
764 1735 900 1789 malo,
927 1745 970 1780 et
992 1734 1097 1795 facit
1114 1735 1281 1780 bonum
1301 1746 1445 1781 rectus

57 1806 229 1861 corde³‚
255 1807 356 1866 quia
380 1822 468 1850 non
491 1806 601 1850 zelat
621 1806 667 1850 in
690 1806 1014 1866 peccatoribus,
1051 1822 1204 1866 pacem
1238 1817 1444 1866 peccato-

10 1899 12 1918 ÷
56 1886 201 1922 torum
224 1879 422 1922 intuens⁴
450 1898 458 1922 ι
481 1879 540 1922 sic
563 1879 684 1937 pravi
698 1878 860 1934 cordis,
885 1879 961 1938 qui
978 1878 1352 1923 scandalizaturin
1364 1880 1444 1924 viis

55 1949 249 2004 Domini,
276 1948 464 1993 declinat
482 1965 504 1992 a
528 1952 640 2004 Deo,
657 1959 699 1993 et
717 1949 1022 2004 facitmalum,
1049 1958 1092 1993 et
1113 1949 1330 1994 inescatur
1343 1949 1445 1994 dul-

55 2019 207 2064 cedine
229 2018 375 2064 saeculi
393 2055 404 2074 ,
430 2029 473 2063 et
495 2035 543 2064 ea
576 2019 835 2081 illaqueatus
862 2029 905 2064 et
926 2029 1077 2079 captus
1100 2035 1266 2065 amaras
1288 2037 1443 2080 poenas

52 2089 150 2134 luit.
175 2089 418 2134 Declinanti
442 2101 589 2135 autem
612 2108 634 2135 a
658 2095 762 2146 Deo,
785 2093 907 2152 cujus
929 2090 1201 2151 disciplinam
1221 2092 1335 2136 ferre
1359 2107 1442 2136 no-

53 2161 136 2205 luit
153 2197 164 2216 ,
188 2162 237 2206 fit
257 2161 319 2205 illi
333 2177 408 2222 per
419 2162 633 2222 judicium
657 2163 735 2207 Dei
757 2179 885 2208 verus
907 2163 1089 2223 laqueus
1108 2162 1213 2207 falsa
1228 2163 1442 2208 malorum

54 2232 252 2276 felicitas.
278 2233 402 2277 Unde
427 2235 637 2279 continuo
658 2234 884 2295 subjungit
907 2254 915 2278 :
947 2253 966 2275 «
994 2233 1269 2279 Declinantes
1297 2244 1444 2279 autem

56 2320 77 2343 »
112 2302 158 2346 in
180 2304 565 2362 strangulationem
591 2305 781 2350 abducet
802 2305 1014 2350 Dominus
1038 2321 1137 2349 curn
1162 2306 1444 2365 operantibus

57 2390 78 2414 »
112 2372 391 2433 injustitiam⁵
414 2394 424 2419 ι
451 2393 471 2416 »
498 2375 543 2419 id
565 2384 650 2432 est,
673 2391 862 2437 quorum
884 2375 1168 2421 factaimitati
1190 2386 1314 2435 sunt,
1338 2377 1443 2437 quia

54 2457 204 2488 eorum
226 2453 457 2503 praesentes
486 2444 658 2490 laetitias
690 2456 966 2502 amaverunt,
993 2456 1036 2491 et
1059 2445 1206 2492 futura
1230 2446 1440 2507 supplicia

102 2546 110 2562 ¹
132 2543 220 2572 Rom.
242 2552 308 2586 yur,
330 2542 385 2573 28.
406 2560 441 2564 -›
462 2549 474 2563 ²
496 2543 572 2573 real.
595 2555 703 2586 cxxiv,
728 2545 759 2586 (4.
781 2562 819 2566 —-
842 2544 854 2567 3
873 2546 918 2577 ld.
937 2557 1046 2586 xxxvi,
1062 2555 1116 2587 27.
1132 2563 1172 2569 —
1191 2545 1205 2569 A
1222 2546 1270 2578 Id.
1291 2556 1385 2581 Lxxu.
1406 2546 1436 2577 3.

58 2612 97 2619 —
112 2594 348 2635 ⁵1d.cxx1v‚23.
