1815 3253
362 241 446 280 282
783 249 818 279 s.
852 249 1083 281 Aucus’rnn
1115 252 1299 281 zmscon

363 336 384 359 »
419 314 650 376 imagInem
679 318 859 374 terreni,
895 327 1117 378 portemus
1145 328 1188 363 et
1209 318 1440 376 imaginem
1470 319 1561 379 ejus
1589 316 1665 378 qui
1686 315 1741 360 de
1790 375 1791 378 Ἰ

364 406 385 430 »
421 388 533 433 coelo
557 398 634 433 est.
664 406 683 430 »
711 388 779 432 Ibi
806 397 951 433 autem
979 404 1108 448 supra
1130 389 1295 433 dixerat
1319 408 1328 434 t
1357 408 1377 431 «
1407 388 1492 434 Sed
1512 404 1601 433 non
1623 387 1754 447 prius*

367 479 385 501 »
421 459 541 519 quod
555 458 745 519 spiritale
762 468 840 514 est,
858 458 934 503 sed
951 459 1067 519 quod
1084 458 1282 515 animale,
1299 468 1444 519 postea
1458 458 1647 519 spiritale
1666 460 1697 502 1.
1717 475 1738 498 n

363 529 607 574 Animalem
626 539 771 574 autem
789 531 990 574 eumdem
1010 529 1129 585 dicit,
1150 546 1279 591 quem
1303 530 1519 575 carnalem
1536 527 1739 574 ostendit.

364 603 507 645 Homo
529 601 605 661 qui
620 601 827 655 nascitur,
849 600 1045 645 animalis
1067 617 1155 645 esse
1177 602 1342 661 incipit,
1367 600 1548 646 carnalis
1569 615 1658 644 esse
1679 599 1743 643 in‹

362 673 480 732 cipit.
507 674 549 718 Si
571 689 615 716 se
637 682 862 717 convertat
888 689 910 716 a
933 674 1178 732 captivitate
1198 672 1467 731 Babyloniae,
1491 673 1538 716 in
1555 671 1743 715 reditum

363 743 624 799 Jerusalem,
655 753 910 798 renovatur,
949 752 991 787 et
1027 744 1076 787 fit
1110 744 1330 788 renovatio
1363 742 1564 803 quaedam
1587 757 1744 787 secun-

363 813 470 856 dum
486 829 647 858 novum
665 814 966 858 etinteriorem
981 814 1202 858 hominem
1224 834 1233 858 :
1254 823 1298 858 et
1318 815 1366 857 fit
1379 814 1520 857 minor
1532 822 1742 871 tempore,

364 885 501 943 major
516 893 741 943 potestate.
769 887 885 943 Ergo
907 885 1023 928 Esaii
1045 900 1192 928 omnes
1215 884 1405 928 carnales
1420 920 1430 939 ,
1451 884 1587 928 Jacob
1601 891 1743 926 autem

364 969 514 998 omnes
529 955 744 1014 significat
759 955 970 1014 spiritales
994 975 1003 1000 ι
1029 956 1217 1000 minores
1234 954 1384 1009 electi,
1400 956 1581 1015 majores
1602 952 1664 997 illi
1680 968 1747 997 re-

363 1025 551 1084 probati.
579 1025 685 1069 Vult
707 1035 750 1069 et
773 1026 863 1085 ipse
888 1025 1020 1084 eligi?
1042 1026 1138 1070 Fiat
1160 1026 1317 1070 minor.
1343 1025 1484 1070 Edom
1507 1033 1651 1068 autem
1667 1038 1746 1082 ap-

365 1094 552 1153 pellatus
577 1104 640 1139 est
664 1095 718 1139 de
731 1095 830 1139 cibo
848 1095 1037 1155 quodam
1061 1095 1280 1140 lenticulae
1302 1096 1452 1151 rubro,
1469 1095 1513 1139 id
1531 1093 1608 1149 est,
1625 1109 1748 1138 roseo

363 1164 553 1224 quodam
575 1166 689 1210 cibo.
716 1168 831 1209 Bene
853 1175 975 1210 cocta
993 1176 1084 1210 erat
1099 1166 1304 1211 lenticula
1327 1166 1556 1220 defricata,
1581 1175 1747 1210 concu-

362 1235 471 1294 pivit
491 1236 570 1279 iste
591 1237 704 1280 Esaii
727 1253 749 1280 a
771 1235 903 1280 fratre
923 1252 1000 1281 suo
1024 1236 1185 1292 Jacob,
1215 1246 1258 1280 et
1279 1237 1404 1280 cessit
1427 1235 1490 1279 illi
1511 1236 1747 1295 primatum
1813 1240 1815 1245 '

363 1322 489 1350 suum
505 1342 516 1362 ‚
554 1307 694 1351 victus
728 1308 1077 1367 concupiscentia
1113 1306 1431 1351 manducandae
1466 1307 1581 1350 illius
1614 1306 1748 1351 lenti-

364 1463 514 1492 norem
539 1448 776 1508 dignitatis.
800 1453 864 1493 Ita
883 1465 934 1493 ex
958 1449 1117 1509 placito
1140 1449 1331 1510 quodam
1355 1450 1466 1493 inter
1495 1464 1567 1493 eos
1583 1447 1747 1494 factum
1771 1476 1774 1514 Ι
1812 1468 1815 1495 i

363 1527 442 1573 est,
464 1528 513 1562 ut
527 1517 599 1563 ille
622 1520 773 1579 major,
794 1519 866 1563 ille
884 1520 1026 1564 minor
1047 1521 1116 1574 sit,
1134 1528 1183 1563 ut
1203 1521 1341 1580 major
1357 1519 1535 1564 serviret
1556 1519 1713 1564 minori
1736 1537 1745 1564 :
1772 1515 1773 1520 ¹

364 1598 408 1632 et
429 1588 670 1648 appellatus
692 1599 755 1634 est
776 1590 916 1635 Edom
943 1592 974 1635 ².
1002 1593 1318 1649 Interpretatur
1343 1598 1510 1645 autem,
1535 1598 1749 1649 quantum

365 1659 519 1704 dicunt
541 1660 617 1720 qui
639 1660 758 1706 illam
776 1660 969 1719 linguam
986 1669 1219 1713 noverunt,
1240 1659 1398 1715 Edom‚
1419 1660 1592 1718 sanguis
1616 1679 1624 1705 :
1649 1674 1751 1704 nam

364 1740 407 1774 et
429 1730 587 1789 punice
609 1730 773 1787 Edom‚
794 1731 967 1790 sanguis
990 1730 1164 1776 dicitur.
1192 1731 1291 1776 Noli
1310 1730 1468 1775 mirari.
1491 1729 1560 1774 Ad
1581 1731 1751 1788 sangui-

362 1816 463 1844 nem
485 1802 706 1860 pertinent
722 1817 872 1845 omnes
893 1800 1100 1846 carnales.
1131 1821 1150 1844 «
1176 1803 1287 1846 Caro
1309 1810 1352 1845 et
1372 1801 1545 1860 sanguis
1567 1815 1748 1858 regnum
1770 1824 1775 1861 χ

362 2165 508 2199 centes
537 2157 785 2214 praesentia,
818 2156 1109 2215 insequuntur
1140 2170 1212 2198 eos
1239 2170 1349 2213 quos
1377 2153 1528 2198 vident
1551 2152 1774 2241 meditari*

361 2234 536 2270 aeterna.
560 2227 721 2270 Contra
744 2226 822 2269 hos
844 2226 923 2270 iste
946 2225 1174 2285 respiciens
1191 2225 1235 2268 in
1253 2224 1508 2279 Jerusalem,
1529 2233 1572 2267 et
1594 2238 1748 2282 rogans

363 2298 499 2338 Deum
528 2305 578 2339 ut
610 2304 787 2339 eruatur
823 2313 845 2341 a
868 2296 1143 2355 captivitate,
1169 2294 1276 2355 quid
1298 2293 1429 2339 dicit?
1459 2313 1479 2335 «
1503 2296 1745 2348 Memento,

367 2387 383 2406 »
420 2366 617 2421 Domine,
642 2364 831 2410 filiorum
853 2365 1010 2410 Edom‚
1030 2384 1049 2408 »
1076 2366 1229 2409 Libera
1256 2380 1334 2409 nos
1354 2380 1377 2408 a
1398 2364 1665 2418 carnalibus,
1689 2362 1745 2407 ab

410 2537 418 2552 ¹
440 2541 452 2562 1
474 2533 545 2563 Cor.
568 2541 607 2563 xv
621 2557 630 2574 ‚
653 2530 767 2574 46-49.
792 2548 831 2554 ——
855 2538 868 2554 ²
890 2533 971 2564 Gen.
987 2541 1067 2573 xxv,
1081 2528 1197 2573 29-34,
1217 2535 1370 2571 etxxv11‚
1386 2529 1442 2571 36,
1462 2529 1514 2569 37.
1537 2545 1580 2550 -
1603 2526 1616 2552 3
1637 2539 1649 2560 1
1669 2529 1763 2596 Con,

362 2596 404 2619 xv
418 2611 428 2628 ‚
452 2587 503 2619 50.

1753 2851 1758 2981 J

1752 2984 1756 3086 f
