1815 3253
361 161 445 200 242
797 170 830 197 s.
866 169 1095 199 AUGUSTINI
1126 171 1308 199 Emscom

355 253 446 281 non
462 236 543 280 sim
571 249 777 280 onerosus
795 268 806 289 ,
827 233 934 278 dum
954 234 1119 294 explico
1146 244 1195 279 ut
1224 242 1398 294 potero.·
1424 235 1538 277 Ecce
1571 232 1616 276 in
1636 225 1738 290 ipsis

351 306 601 350 hominibus
620 320 795 365 possum
818 319 1055 363 agnoscere
1074 339 1085 358 ,
1111 306 1214 366 quia
1239 323 1260 346 «
1286 305 1337 346 In
1360 301 1472 346 coelo
1494 311 1538 346 et
1557 302 1605 345 in
1625 310 1739 345 terra

356 395 376 418 »
413 377 559 421 omnia
584 390 874 436 quaecumque
902 374 1042 420 voluit
1064 373 1182 420 fecit.
1211 393 1231 416 )>
1261 373 1434 418 Coelum
1458 373 1573 416 enim
1603 372 1740 415 aethe-

353 462 476 491 reum
496 482 507 502 ,
528 446 736 506 spiritales
759 445 943 505 accipio,
961 455 1121 488 terram
1136 479 1146 499 ,
1166 444 1357 488 carnales
1379 462 1388 488 :
1411 458 1464 487 ex
1483 443 1548 486 his
1565 442 1739 486 duobus

353 526 562 577 tanquam
579 516 690 560 coelo
708 524 751 558 et
773 525 886 559 terra
903 523 1072 558 constat
1082 514 1273 558 Ecclesia
1285 513 1378 568 Dei,
1400 521 1444 556 et
1460 512 1515 556 ad
1532 505 1742 571 spiritales

353 589 541 646 pertinet
575 585 852 645 praedicatio,
893 583 949 628 ad
977 583 1167 628 carnales
1189 579 1377 642 pertinet
1405 580 1735 627 obsecundatio.

358 675 379 699 «
412 658 522 701 Nam
545 664 588 699 et
615 654 715 699 coeli
737 663 939 706 enarrant
962 653 1142 711 gloriam
1167 654 1273 707 Dei,
1306 661 1349 697 et
1380 653 1495 696 facta
1528 664 1740 694 manuum

357 743 377 766 »
412 727 502 785 ejus
522 724 754 768 annuntiat
771 724 1098 767 firmamentum
1113 725 1144 767 ¹.
1163 741 1184 765 »
1204 723 1246 768 Si
1259 731 1405 766 autem
1422 730 1535 766 terra
1559 720 1635 765 Dei
1654 735 1743 764 non

352 806 463 840 esset
485 795 607 854 plebs
630 795 731 848 Dei,
752 810 843 838 non
865 794 1028 838 diceret
1057 792 1312 853 Apostolus,
1340 812 1361 835 «
1388 793 1464 836 Dei
1484 790 1738 845 aedificatio,

360 884 381 907 »
416 866 494 912 Dei
516 863 781 923 agricultura
804 863 901 908 estis
932 883 940 907 ε
966 864 1076 908 sicut
1104 863 1270 922 sapiens
1294 862 1552 907 architectus
1579 860 1741 904 funda-

359 955 379 977 »
416 945 612 979 mentum
634 934 781 994 posui,
807 934 914 978 alius
935 933 1294 993 supe1·aedificat·2.
1335 951 1354 974 »
1376 936 1493 991 Ergo
1510 931 1744 976 aedificium

356 1006 433 1050 Dei
466 1021 638 1060 sumus,
679 1014 722 1048 et
744 1019 842 1061 ager
879 1004 955 1047 Dei
978 1019 1140 1047 sumus.
1174 1004 1345 1058 «Quis,
1381 1002 1549 1062 inquit,
1573 1001 1743 1060 plantat

361 1093 381 1116 »
415 1078 587 1120 vineam
603 1110 613 1130 ,
640 1084 683 1118 et
704 1073 759 1117 dc
778 1074 926 1118 fructu
953 1074 1043 1133 ejus
1070 1089 1158 1117 non
1181 1073 1397 1133 percipit?
1418 1076 1513 1131 Ego
1535 1071 1744 1132 plantavi,

359 1163 380 1186 »
415 1144 573 1204 Apollo
596 1144 770 1203 rigavit,
796 1144 871 1188 sed
894 1147 1007 1188 Deus
1039 1144 1355 1187 incrementum
1387 1142 1509 1186 dedit
1528 1144 1560 1185 ³.
1585 1160 1605 1183 »
1631 1145 1746 1199 Ergo

359 1224 403 1258 et
424 1215 469 1258 in
488 1214 679 1259 Ecclesia
702 1229 802 1268 sua,
825 1223 868 1257 et
887 1214 934 1256 in
955 1212 1311 1272 praedicatoribus
1333 1213 1440 1267 suis,
1465 1221 1508 1256 et
1534 1213 1581 1255 in
1601 1211 1745 1271 plebi-

357 1286 439 1329 bus
463 1286 570 1339 suis,
592 1295 802 1344 tanquam
816 1284 862 1327 in
874 1283 988 1328 coelo
1003 1293 1046 1327 et
1064 1284 1111 1327 in
1128 1292 1240 1328 terra
1254 1319 1265 1339 ,
1284 1284 1429 1328 omnia
1451 1297 1744 1344 quaecumque

360 1355 501 1400 voluit
521 1355 638 1398 fecit.
665 1358 824 1398 Parum
849 1363 912 1397 est
933 1354 979 1396 in
1009 1354 1067 1398 eis
1094 1373 1102 1399 :
1134 1373 1154 1395 «
1180 1357 1232 1398 In
1259 1354 1364 1398 mari
1393 1363 1436 1398 et
1464 1354 1510 1397 in
1544 1353 1751 1409 omnibus

365 1444 385 1467 »
422 1425 586 1483 abyssis
619 1425 764 1468 omnia
796 1439 1087 1484 quaecumque
1120 1423 1259 1468 voluit
1295 1423 1411 1468 fecit.
1452 1443 1471 1465 »
1504 1427 1623 1469 Mare
1650 1432 1752 1467 sunt

362 1512 511 1541 omnes
524 1495 739 1549 infideles,
756 1510 905 1539 omnes
923 1495 1120 1539 nondum
1137 1495 1387 1552 eredentes,
1409 1505 1454 1539 et
1468 1495 1514 1538 in
1531 1495 1591 1539 eis
1614 1513 1632 1536 «
1650 1496 1753 1538 Om-

366 1586 387 1609 »
422 1567 493 1610 nia
517 1580 806 1626 quaecumque
825 1565 964 1609 voluit
994 1563 1111 1608 fecit.
1140 1583 1160 1605 »
1186 1567 1283 1610 Non
1306 1566 1424 1609 enim
1441 1565 1626 1609 saeviunt
1647 1565 1750 1608 infi-

363 1637 506 1692 deles,
543 1637 621 1680 nisi
644 1637 970 1694 permittantur,
997 1645 1071 1679 aut
1103 1636 1350 1680 vindicatur
1378 1636 1423 1679 in
1447 1651 1541 1690 eos,
1569 1635 1747 1695 quando

364 1707 552 1767 perversi
584 1713 714 1759 sunt,
754 1706 837 1750 nisi
864 1706 1038 1765 jusserit
1069 1705 1141 1749 illc
1164 1706 1240 1766 qui
1268 1705 1371 1750 fecit
1398 1721 1548 1750 omnes
1582 1714 1749 1764 gentes.

368 1783 478 1823 Puta
500 1777 603 1838 quia
626 1791 743 1820 mare
764 1785 849 1829 est,
871 1783 914 1819 et
936 1791 1024 1820 non
1048 1785 1159 1821 terra
1175 1811 1186 1831 ,
1212 1776 1427 1836 numquid
1448 1775 1546 1820 ideo
1568 1792 1590 1820 a
1609 1785 1756 1835 potes·

369 1858 456 1893 tate
478 1847 555 1891 Dei
572 1845 881 1904 omnipotentis
903 1845 1090 1889 alienum
1115 1847 1206 1890 est?
1222 1865 1242 1889 «
1264 1848 1320 1891 Et
1339 1847 1387 1891 in
1403 1847 1512 1890 mari
1534 1856 1576 1890 et
1597 1847 1644 1890 in
1665 1862 1756 1891 om-

373 1937 394 1960 »
430 1918 558 1961 nibus
587 1917 749 1973 abyssis
779 1931 878 1974 quae
910 1915 1049 1960 voluit
1083 1915 1200 1960 fecit.
1240 1935 1260 1957 »
1299 1917 1384 1969 Qui
1405 1925 1506 1960 sunt
1543 1917 1755 1974 abyssus?

372 1988 568 2032 Larentia
591 1984 722 2030 corda
752 1985 1002 2029 mortalium
1023 2020 1033 2040 ,
1057 1984 1289 2044 profundae
1310 1986 1591 2044 cogitationes
1615 1986 1755 2030 homi-

371 2074 494 2102 num.
521 2056 748 2111 Quomodo
770 2064 814 2099 et
834 2055 894 2098 ibi
921 2055 1027 2099 facit
1053 2058 1166 2099 Deus
1202 2055 1323 2115 quod
1344 2055 1465 2100 vult?
1491 2075 1510 2097 «
1532 2057 1642 2109 Quia
1664 2060 1754 2100 Do-

378 2147 398 2170 »
434 2129 575 2172 minus
596 2127 1008 2184 interrogatjustum
1030 2134 1072 2169 et
1093 2126 1277 2184 impium
1303 2145 1312 2170 :
1338 2127 1414 2185 qui
1440 2135 1586 2170 autem
1617 2126 1775 2185 diligit,

379 2217 399 2240 »
435 2197 707 2256 iniquitatem
725 2229 736 2249 ,
769 2195 861 2238 odit
894 2195 1083 2238 animam
1105 2211 1226 2239 suam
1245 2197 1277 2240 4.
1306 2214 1326 2237 »
1353 2199 1409 2240 Et
1430 2196 1506 2240 ubi
1528 2196 1651 2240 illum
1686 2197 1778 2241 in-*·

377 2268 597 2326 terrogat?
622 2265 736 2310 Alibi
770 2265 977 2325 scriptum
1000 2275 1088 2321 est,
1115 2287 1136 2309 «
1171 2270 1221 2310 In
1266 2267 1598 2325 cogitationibus
1632 2268 1754 2327 impii

379 2337 657 2395 interrogatio
681 2335 801 2379 erit⁵.
817 2337 933 2394 Ergo
954 2344 997 2379 et
1017 2335 1063 2378 in
1077 2336 1279 2380 omnibus
1294 2338 1456 2394 abyssis
1475 2338 1619 2382 omnia
1642 2354 1758 2398 quae-

427 2439 436 2456 ¹
467 2432 549 2464 Psal.
576 2442 676 2470 xviu,
702 2439 734 2462 2.
763 2445 805 2452 --
825 2435 838 2452 ²
862 2440 873 2461 ι
894 2431 966 2462 Cor.
990 2442 1040 2471 111,
1059 2440 1093 2472 9,
1117 2441 1167 2463 10.
1190 2447 1230 2453 —
1261 2429 1274 2454 3
1304 2431 1383 2464 lbid.
1405 2443 1457 2474 ix,
1479 2443 1495 2474 7
1511 2457 1519 2473 ‚
1546 2437 1579 2465 et
1593 2444 1641 2475 ιιι,
1659 2432 1693 2466 6.
1726 2451 1759 2457 —
1785 2458 1789 2463 .
1811 2448 1813 2463 ι

382 2487 399 2517 4
417 2487 495 2520 Psal.
522 2498 554 2528 x,
574 2485 607 2517 6.
629 2502 669 2507 —
694 2482 709 2507 ⁵
725 2487 799 2526 sap.
820 2495 844 2522 1,
862 2494 894 2525 9.
