1815 3253
423 249 666 280 ENARRATIO
699 253 744 280 m
777 249 982 281 rsALMUM
1012 253 1160 280 cxxiv.
1407 243 1463 280 77

16 346 18 365 l
79 318 373 365 movebuntur
400 316 533 377 pedes
559 318 719 374 nostri,
746 327 789 362 et
821 319 871 363 fit
903 319 948 363 in
970 318 1094 363 nobis
1131 317 1466 364 ascendentibus

16 426 17 449 3
79 388 195 434 unde
218 388 351 448 coepit
382 388 463 432 iste
487 387 712 444 Psalmus,
745 407 765 431 «
791 388 873 442 Qui
900 388 1132 433 confidunt
1168 388 1214 432 in
1248 390 1435 435 Domino
1452 424 1463 445 ,

81 479 101 503 »
135 461 247 506 sicut
268 475 392 505 mons
417 459 519 505 Sion
537 495 547 515 ‚
573 476 663 505 non
680 460 1076 506 commovebuntur
1099 460 1144 504 in
1166 469 1380 505 aeternum
1396 464 1426 506 ².
1443 479 1463 502 »

138 535 216 577 111.
243 533 327 587 Qui
341 541 442 578 sunt
463 533 566 577 isti?
593 552 610 572 «
638 533 723 586 Qui
745 533 992 577 inhabitant
1003 531 1259 576 Jerusalem.
1275 533 1362 592 Ipsi
1378 549 1468 578 non

80 619 100 646 »
125 605 521 649 commovebuntur
531 603 574 647 in
584 612 797 647 aeternum
807 603 884 663 qui
895 603 1393 647 inhabitantJerusalem
1404 607 1434 647 ².
1446 623 1465 646 n

80 693 101 717 »
138 675 179 719 Si
192 675 305 719 hanc
321 674 559 718 Jerusalem
579 673 941 728 intellexerimus,
961 688 1110 717 omnes
1136 674 1212 733 qui
1234 672 1324 718 illic
1342 673 1469 718 inha-

77 745 297 801 bitabant,
324 744 447 789 bellis
469 754 512 789 et
539 744 763 790 eversione
789 744 922 805 ipsius
941 744 1125 789 civitatis
1144 744 1306 789 exclusi
1325 754 1427 789 sunt
1458 765 1467 790 :

76 815 209 861 modo
221 816 378 876 quaeris
393 815 597 859 Judaeum
610 815 655 859 in
668 815 841 860 civitate
853 813 1111 870 Jerusalem,
1125 824 1167 859 et
1180 831 1269 860 non
1283 815 1465 860 invenis.

77 890 220 941 Quare
237 902 340 946 ergo
364 905 382 927 «
395 889 492 932 Non
514 887 810 931 movebuntur
831 887 876 930 in
893 896 1107 931 aeternum
1126 887 1204 947 qui
1221 887 1472 932 inhabitant

78 975 99 999 η
135 956 390 1012 Jerusalem,
400 975 420 998 »
435 956 518 1001 nisi
530 957 632 1017 quia
643 967 707 1002 est
724 957 804 1001 alia
814 956 1070 1012 Jerusalem,
1083 956 1137 1001 de
1149 973 1236 1018 qua
1249 957 1388 1002 multa
1404 974 1471 1003 so-

75 1028 170 1073 letis
186 1028 359 1073 audire?
374 1031 470 1088 Ipsa
488 1036 552 1072 est
574 1037 882 1083 maternostra,
899 1028 970 1072 cui
984 1029 1251 1088 suspiramus
1273 1037 1316 1072 et
1338 1029 1470 1087 gemi-

75 1114 173 1144 mus
184 1099 230 1142 in
246 1099 324 1143 ista
333 1098 698 1158 peregrinatione,
711 1108 761 1142 ut
779 1097 833 1141 ad
847 1097 965 1141 illam
986 1097 1230 1142 redeamus.
1243 1100 1472 1143 Erravera-

14 1183 16 1214 z
76 1184 172 1213 mus
190 1169 244 1213 ab
253 1178 366 1224 ea,et
387 1168 499 1213 viam
509 1184 598 1213 non
615 1168 884 1212 habebamus
898 1187 905 1213 :
919 1171 1010 1211 Rex
1032 1167 1166 1227 ipsius
1186 1168 1323 1224 venit,
1339 1177 1382 1213 et
1402 1168 1471 1213 via

77 1240 203 1286 nobis
220 1238 357 1284 factus
379 1249 465 1294 est,
482 1249 533 1284 ut
549 1239 604 1284 ad
626 1238 745 1284 illam
766 1238 907 1283 redire
927 1239 1151 1298 possimuS.
1174 1243 1270 1299 Ipsa
1293 1249 1357 1284 est
1378 1239 1467 1295 illa,

80 1330 100 1353 «
127 1311 210 1356 Ubi
224 1320 384 1355 stantes
400 1321 524 1355 erant
544 1310 676 1370 pedes
693 1311 829 1356 nostri
843 1311 888 1354 in
903 1311 1021 1354 atriis
1032 1310 1273 1355 Jerusalem
1287 1312 1348 1367 ³,>›
1361 1313 1472 1356 sicut

15 1423 17 1430 ,
77 1383 255 1427 audistis
282 1383 327 1426 in
360 1382 531 1427 Psalmo
561 1382 844 1427 Canticorum
868 1383 1085 1440 graduum
1108 1383 1331 1442 superiore
1347 1419 1358 1439 ,
1378 1385 1469 1444 jam

75 1452 196 1497 vobis
218 1452 412 1512 exposito
435 1462 478 1496 et
499 1461 682 1497 tractato
712 1453 788 1513 qui
811 1451 1068 1497 interfuistis
1091 1472 1099 1498 :
1123 1453 1194 1497 cui
1222 1453 1469 1513 suspirabat

76 1523 149 1568 ille
170 1524 246 1583 qui
264 1523 468 1568 cantabat
487 1543 496 1568 :
523 1543 542 1566 «
564 1523 803 1568 Jerusalem
826 1540 926 1584 quae
951 1523 1196 1568 aedificatur
1216 1534 1265 1569 ut
1284 1525 1434 1570 civitas
1455 1561 1465 1579 ,

16 1590 17 1646 j
79 1612 100 1636 n
135 1595 259 1654 cujus
278 1594 548 1654 participatio
571 1595 661 1654 ejus
689 1594 734 1637 in
758 1593 949 1653 idipsum
967 1595 998 1638 4.
1029 1612 1049 1636 »
1074 1595 1159 1648 Qui
1185 1610 1286 1653 ergo
1309 1595 1368 1639 ibi
1390 1596 1471 1640 ha-

76 1664 219 1708 bitant
238 1699 248 1719 ,
265 1684 284 1706 «
303 1666 401 1709 Non
423 1664 718 1708 movebuntur
740 1664 786 1707 in
808 1673 1040 1723 aeternum.
1066 1682 1086 1706 »
1114 1665 1199 1718 Qui
1221 1675 1368 1710 autem
1392 1667 1472 1711 ha-

78 1735 273 1780 bitarunt
295 1735 340 1778 in
357 1735 436 1779 ista
453 1735 710 1791 Jerusalem,
727 1736 835 1780 moti
857 1745 975 1791 sunt,
998 1736 1137 1796 primo
1158 1736 1304 1792 corde,
1322 1747 1472 1797 postea

16 1837 17 1850 i
79 1805 219 1851 exilio.
246 1806 433 1859 Quando
456 1805 564 1850 moti
595 1814 696 1849 sunt
719 1805 874 1861 corde,
901 1815 946 1850 et
967 1807 1249 1863 ceciderunt,
1275 1817 1382 1853 tunc
1400 1825 1471 1853 re-

16 1880 17 1921 }
81 1892 178 1936 gem
214 1876 345 1936 ipsius
365 1891 564 1936 supernae
587 1875 826 1920 Jerusalem
849 1877 1179 1921 crucifixerunt.
1213 1881 1310 1921 Jam
1344 1879 1471 1939 spiri-

81 1946 223 1991 taliter
250 1947 355 1991 foris
384 1956 506 1990 erant
526 1981 536 2001 ,
579 1956 622 1990 et
661 1946 803 2006 ipsum
839 1962 985 2006 ‘regern
1017 1946 1132 1992 foras
1160 1947 1467 1995 excludebant.

15 2011 17 2066 ]
79 2019 316 2078 Ejecerunt
342 2017 455 2062 enim
476 2016 600 2061 illum
622 2026 740 2062 extra
763 2017 983 2062 civitatem
1006 2034 1152 2074 suam,
1178 2028 1221 2063 et
1245 2019 1349 2064 foris
1366 2037 1468 2066 cru-

79 2089 306 2134 cifixerunt
326 2090 356 2132 ⁵.
383 2091 440 2132 Et
468 2087 558 2147 ipse
581 2087 706 2147 ejecit
727 2086 823 2132 illos
850 2097 968 2132 extra
992 2089 1211 2134 civitatem
1238 2106 1359 2135 suam
1382 2127 1392 2147 ,
1426 2093 1472 2138 id

80 2168 170 2215 est,
202 2168 408 2204 aeternam
431 2157 669 2202 Jerusalem
696 2167 881 2202 matrem
914 2159 1112 2204 omnium
1134 2169 1334 2206 nostrum
1370 2179 1471 2223 quae

81 2238 145 2274 est
171 2229 217 2273 in
240 2229 375 2274 coelis.

142 2303 217 2344 IV.
244 2300 390 2354 Qualis
419 2310 483 2346 est
508 2300 589 2345 ista
623 2299 891 2344 Jerusalem?
912 2300 1106 2345 Breviter
1127 2301 1334 2347 describit
1355 2319 1467 2350 eam.

87 2389 108 2414 «
131 2374 298 2416 Montes
313 2371 359 2414 in
375 2371 558 2416 circuitu
580 2372 717 2431 ejus.»
735 2373 945 2428 Magnum
963 2370 1144 2431 aliquid,
1160 2388 1237 2417 nos
1259 2389 1347 2419 esse
1360 2375 1405 2420 in
1424 2393 1473 2421 ea

84 2441 256 2486 civitate
271 2475 282 2497 ,
307 2457 439 2501 quam
457 2440 843 2486 circumdederunt
863 2444 1064 2486 montes?
1087 2445 1183 2502 Ipsa
1207 2454 1270 2489 est
1291 2455 1382 2491 tota
1403 2447 1472 2491 fe-

131 2543 140 2561 ¹
162 2536 241 2570 Psal.
261 2547 370 2580 cxxiv,
398 2547 425 2569 ι.
447 2552 487 2561 -
503 2542 517 2560 ²
536 2535 619 2571 lbid.
638 2544 669 2569 2.
696 2553 738 2560 —
753 2534 831 2571 ³1d.
850 2545 980 2580 cxx1,2.
999 2554 1042 2562 —
1061 2536 1078 2570 ⁴
1096 2538 1179 2574 lbid.
1200 2542 1232 2573 3.
1258 2558 1301 2565 -
1317 2540 1334 2568 ⁵
1355 2543 1470 2578 matth.

87 2603 187 2635 nvn,
207 2593 262 2627 33.
