1815 3253
369 244 454 285 506
798 254 833 285 s.
868 254 1100 286 ,mensum
1130 258 1313 288 EPISCOPI

325 378 329 381 ν
369 339 392 363 »
425 336 516 367 vos.
539 339 560 364 »
586 323 645 366 Et
665 320 774 382 quid
789 320 950 366 dicturi
965 331 1065 367 sunt
1085 322 1133 366 in
1153 323 1254 379 fine,
1274 322 1353 383 qui
1373 321 1553 368 audient
1569 357 1580 378 ,
1607 340 1628 365 «
1649 323 1749 368 Non

369 409 390 434 υ
425 391 528 437 novi
557 394 658 437 vos?
680 392 884 448 Domine,
910 408 1057 437 nonne
1081 393 1128 436 in
1156 394 1332 438 nomine
1363 402 1441 438 tuo
1467 393 1748 453 prophetavi-

369 480 391 505 »
425 476 548 520 mus,
575 474 618 509 et
648 464 695 508 in
726 465 902 510 nomine
932 474 1009 510 tuo
1038 464 1254 509 daemonia
1275 465 1505 524 ejecimus,
1529 473 1573 509 et
1599 465 1647 508 in
1666 479 1750 509 no-

369 552 391 576 »
426 535 543 579 mine
569 544 648 580 tuo
680 536 861 580 virtutes
893 535 1052 580 multas
1086 534 1297 580 fecimus?
1329 555 1348 578 »
1382 539 1435 580 In
1464 536 1641 581 nomine
1671 544 1751 581 tuo

369 606 515 650 omnia
535 606 630 650 ista.
663 608 720 651 Et
741 606 848 666 quid
870 604 985 651 dicet
1006 607 1090 651 eis?
1115 625 1136 649 «
1159 609 1392 667 Nunquam
1415 606 1518 652 novi
1536 622 1612 652 vos
1626 641 1637 662 ,
1662 606 1752 668 dis-

370 685 392 718 »
426 675 566 720 cedite
591 692 616 721 a
650 692 720 721 me
747 678 823 737 qui
853 677 1092 736 operamini
1118 677 1391 738 iniquitatem
1427 679 1457 721 ¹.
1496 695 1517 718 »
1545 677 1663 730 Quid
1689 686 1753 722 est

368 761 470 805 ergo
487 762 577 791 esse
593 748 682 807 jam
703 747 854 792 lumen
874 748 974 792 coeli
996 747 1222 792 consolans
1246 757 1435 803 noctem,
1456 756 1499 792 et
1520 747 1642 808 quod
1663 763 1753 792 non

367 817 569 862 vincatur
601 834 624 862 a
646 819 800 862 nocte?
831 837 851 860 «
885 818 1064 874 Adhuc,
1098 818 1263 879 inquit,
1294 818 1753 877 supereminentiorem

371 904 393 928 »
428 887 542 932 viam
566 887 690 932 vobis
712 887 962 933 demonstro
980 892 1012 932 ².
1041 889 1083 934 Si
1104 887 1264 947 linguis
1284 888 1514 933 hominum
1535 888 1690 948 loquar
1711 897 1754 932 et

371 975 392 998 »
427 957 713 1017 Angelorum,
738 959 993 1003 charitatem
1015 967 1160 1003 autem
1177 974 1267 1003 non
1283 958 1484 1012 habeam,
1504 957 1644 1002 factus
1658 973 1755 1001 sum

371 1045 392 1069 »
418 1036 468 1072 ut
489 1039 777 1073 aeramentum
798 1044 978 1085 sonanS,
1000 1038 1075 1073 aut
1095 1028 1345 1087 cymbalum
1369 1028 1574 1073 tinniens.
1589 1027 1756 1081 »Quale

369 1097 538 1144 donum
561 1110 625 1144 est
651 1100 773 1160 loqui
800 1100 960 1159 linguis
985 1100 1252 1161 Angelorum
1275 1109 1319 1144 et
1345 1099 1599 1145 hominum?
1625 1118 1645 1141 «
1671 1101 1755 1143 Ta-

373 1188 393 1211 »
428 1185 530 1214 men
558 1171 592 1215 si
614 1171 868 1215 charitatem
884 1206 895 1227 ,
928 1172 1095 1231 inquit,
1116 1183 1206 1216 non
1228 1171 1412 1215 habeam
1422 1206 1437 1226 ,
1469 1179 1756 1214 aeramentum
1786 1214 1787 1232 Ξ

372 1258 393 1282 »
428 1256 525 1284 sum
548 1257 721 1297 sonanS,
747 1251 823 1286 aut
843 1242 1095 1300 cymbalum
1111 1242 1316 1287 tinniens.
1347 1242 1390 1287 Si
1412 1241 1569 1296 sciero,
1593 1241 1753 1301 inquit,
1786 1252 1788 1272 ff
1813 1264 1815 1269 v

371 1329 392 1352 »
429 1312 574 1356 omnia
605 1321 871 1357 sacramenta
893 1322 936 1357 et
958 1327 1133 1357 omnem
1155 1312 1377 1357 scientiam
1393 1346 1405 1367 ,
1436 1321 1479 1356 et
1500 1311 1533 1355 si
1559 1311 1756 1356 habuero
1786 1305 1789 1319 ”
1814 1336 1815 1339 =

371 1395 393 1424 »
429 1397 603 1426 omnem
626 1379 933 1443 phophetiam,
969 1392 1013 1427 et
1040 1398 1214 1428 omnem
1237 1382 1391 1437 fidem,
1425 1382 1485 1426 ita
1505 1390 1556 1426 ut
1586 1391 1756 1427 montes
1786 1375 1788 1421 ῗ

372 1470 392 1494 ))
428 1452 713 1511 transferam,
746 1456 934 1514 (quanta
961 1453 1040 1498 ista
1072 1453 1186 1498 dona
1221 1455 1371 1511 suntP)
1403 1453 1658 1497 charitatem
1681 1468 1758 1497 au·
1786 1452 1789 1476 '·

373 1540 394 1564 »
430 1531 517 1567 tem
539 1539 629 1568 non
651 1524 837 1568 habeam
853 1559 864 1579 ,
888 1524 1057 1584 inquit,
1083 1523 1192 1567 nihil
1209 1538 1320 1568 sum.
1348 1541 1368 1565 »
1395 1521 1532 1576 Quale
1555 1532 1620 1566 est
1646 1521 1757 1567 illud
1814 1551 1815 1567 t

369 1592 537 1638 donum
571 1595 792 1652 martyrii,
838 1604 882 1639 et
914 1594 1227 1639 distributionis
1264 1609 1410 1638 rerum
1436 1594 1638 1638 suarum?
1663 1597 1758 1638 «Et

371 1681 393 1706 »
428 1672 575 1708 tamen
607 1664 640 1708 si
661 1664 925 1709 distribuero
942 1700 952 1720 ,
978 1665 1146 1726 inquit,
1173 1665 1317 1710 omnia
1342 1679 1438 1708 mea
1466 1663 1754 1723 pauperibUS,
1787 1671 1790 1686 *

373 1753 393 1776 »
428 1744 472 1779 et
487 1734 707 1781 tradidero
722 1751 879 1796 corpus
895 1751 1042 1780 meum
1064 1745 1115 1780 ut
1136 1735 1324 1791 ardeam,
1345 1736 1599 1780 charitatem
1612 1744 1756 1779 autem
1814 1758 1815 1761 =

372 1824 393 1848 »
428 1822 518 1851 non
549 1807 754 1863 habeam,
797 1807 907 1852 nihil
938 1808 1046 1852 mihi
1082 1807 1257 1868 prodest
1292 1808 1323 1851 3.
1362 1825 1383 1848 »
1418 1806 1504 1860 Qui
1533 1820 1636 1865 eigo
1667 1821 1758 1850 non

367 1863 500 1922 habet
521 1879 793 1935 charitatem,
819 1888 862 1923 et
879 1879 914 1923 si
931 1877 987 1922 ad
1007 1887 1178 1938 tempus
1200 1878 1334 1921 habet
1354 1878 1448 1922 haec
1471 1875 1603 1932 dona,
1632 1875 1758 1920 aufe-
1786 1875 1789 1902 ἲ

370 1957 522 1992 rentm
550 1949 603 1992 ei.
637 1948 872 1994 Auferetur
898 1949 938 1993 ei
969 1948 1091 2009 quod
1120 1949 1277 2004 habet,
1303 1948 1409 2009 quia
1439 1945 1649 2007 quiddam
1669 1962 1759 1991 non
1786 1938 1789 1984 ἕ
1814 1980 1815 1991 ,

368 2019 518 2063 habet.
553 2022 610 2064 Et
640 2020 782 2081 ipsum
804 2019 1014 2081 quiddam
1045 2021 1129 2064 hoc
1158 2035 1247 2064 non
1274 2019 1431 2075 habet,
1456 2017 1574 2061 unde
1602 2026 1758 2062 caetera
1786 2019 1789 2053 ³1

369 2099 625 2146 teneantur,
651 2100 695 2135 et
715 2092 805 2151 ipse
827 2107 917 2136 non
935 2100 1098 2150 pereat.
1125 2089 1238 2143 Quid
1259 2099 1324 2133 est
1344 2087 1455 2132 illud
1477 2086 1597 2148 quod
1626 2088 1758 2132 modo
1786 2103 1789 2139 ρ’

370 2160 430 2204 ait
451 2161 662 2205 Dominus
697 2180 706 2205 :
735 2180 755 2203 «
780 2161 866 2214 Qui
888 2161 1046 2214 habet,
1073 2159 1259 2204 addetur
1280 2159 1318 2202 ei
1346 2178 1354 2203 :
1388 2159 1471 2219 qui
1495 2167 1641 2202 autem
1669 2160 1789 2224 non!

1787 2225 1789 2243 1

373 2247 393 2270 »
429 2230 579 2285 habet,
600 2239 642 2275 et
655 2231 774 2290 quod
795 2230 930 2274 habet
948 2230 1171 2273 auferetur
1192 2229 1245 2273 ab
1268 2244 1319 2273 eo
1333 2229 1381 2271 ⁴?
1405 2247 1425 2270 »
1448 2228 1530 2282 Qui
1547 2244 1650 2287 ergo
1669 2243 1758 2273 non
1786 2248 1789 2274 ι

370 2299 520 2355 habet,
543 2309 586 2344 et
603 2299 724 2361 quod
741 2301 875 2344 habet
897 2299 1119 2344 auferetur
1142 2301 1196 2343 ab
1220 2315 1286 2344 eo.
1308 2299 1450 2344 Habet
1468 2299 1648 2358 gratiam
1666 2313 1759 2358 pos·
1786 2276 1789 2333 l

370 2368 555 2426 sidendi,
573 2370 649 2415 sed
666 2387 756 2416 non
773 2371 906 2415 habet
927 2371 1181 2415 charitatem
1198 2370 1351 2414 utendi
1370 2389 1378 2415 :
1405 2369 1508 2430 quia
1528 2384 1632 2428 ergo
1648 2364 1759 2414 illud
1787 2385 1789 2393 ¹

371 2456 461 2486 non
494 2442 649 2498 habet,
681 2452 736 2487 et*
761 2441 882 2503 quod
915 2442 1049 2486 habet
1078 2441 1302 2486 auferetur
1338 2441 1393 2484 ab
1428 2455 1495 2485 eo.
1527 2443 1758 2500 Propterea
1786 2460 1789 2471 ‹

419 2542 428 2559 ¹
449 2537 562 2570 Matth.
589 2548 647 2580 vn,
666 2546 726 2579 22,
741 2538 795 2572 23.
826 2556 866 2562 —-
887 2546 899 2563 ²
918 2550 930 2572 1
953 2541 1025 2573 Cor.
1042 2548 1086 2571 xu
1100 2563 1109 2579 ,
1129 2537 1182 2570 31.
1204 2554 1245 2560 —-
1267 2535 1279 2560 3
1298 2537 1343 2570 Id.
1364 2547 1435 2578 xm,
1457 2535 1525 2571 1-3.
1549 2551 1591 2559 —
1608 2532 1626 2565 4
1642 2534 1757 2568 Matth.
1786 2553 1788 2558 ·

370 2602 439 2635 xui,
462 2602 512 2627 12.
1216 2604 1219 2609 '

1786 2061 1789 2101 Ι
1814 2068 1815 2071 ,
