1815 3253
386 225 469 264 356
787 234 836 263 ls.
873 235 1085 264 Ancus-rm
1117 238 1297 264 Emscox‘l

1798 62 1802 78 0

1796 149 1800 240 ,ἶ

388 317 407 341 »
442 307 588 342 mente
628 308 725 356 tua3
758 308 802 343 et
840 299 991 359 diliges
1027 301 1271 359 proximum
1306 309 1429 344 tuum
1474 310 1681 361 tanquam
1718 309 1771 345 te¹
1810 333 1815 361 Ι

385 457 405 480 «
441 441 492 482 In
510 438 574 482 his
591 438 764 483 duobus
781 440 1006 499 praeceptis
1022 448 1113 484 tota
1127 442 1213 483 Lex
1227 439 1386 500 pendet
1404 449 1447 484 et
1461 441 1755 500 Prophetae².»
1794 432 1795 454 ³

383 509 607 570 Quidquid
629 525 728 568 ergo
751 509 981 554 salubriter
1008 519 1154 554 mente
1174 511 1437 570 concipitur,
1473 510 1542 555 vel
1565 526 1637 556 ore
1659 526 1763 570 pro-

382 580 540 636 fertur,
560 579 630 625 vel
647 580 701 624 de
722 580 919 641 qualibet
938 581 1081 626 divina
1101 581 1255 640 pagina
1277 580 1542 640 exculpitur,
1573 597 1662 626 non
1689 582 1764 625 ha-

383 651 458 696 bet
489 651 621 694 finem
643 651 721 695 nisi
743 652 1012 696 charitatem.
1038 653 1141 695 Haec
1165 661 1309 696 autem
1330 652 1514 696 charitas
1544 667 1634 697 non
1655 667 1765 712 qua-
1790 673 1791 677 ¹

382 722 624 781 liscumque
661 731 738 766 est.
782 724 891 767 Nam
929 731 973 766 et
1004 721 1116 766 male
1156 723 1348 766 viventes
1391 723 1644 766 irretiuntur
1682 722 1764 767 sibi
1788 728 1789 774 ξ

381 792 583 837 societate
604 791 784 851 perditae
797 792 1070 836 conscientiae
1086 827 1097 847 ‚
1116 801 1158 836 et
1175 791 1382 837 dicuntur
1404 808 1546 837 amare
1557 809 1600 837 se
1614 829 1624 849 ,
1644 791 1761 837 nolle
1786 803 1788 813 ‘

383 862 602 908 discedere
618 862 672 906 ab
690 862 899 917 invicem,
923 863 1009 907 suis
1027 862 1390 908 collocutionibus
1412 863 1652 918 conciliari,
1682 863 1761 907 de-
1785 881 1786 884 ¹

383 1006 461 1050 iste
487 1013 698 1049 tartareus
720 1014 798 1048 est.
823 1005 1000 1049 Viscum
1024 1005 1156 1049 habet
1172 1041 1182 1060 ‚
1210 1020 1295 1065 quo
1325 1004 1496 1064 dejiciat
1516 1002 1785 1064 inprofun-‘

384 1075 490 1120 dum
508 1097 518 1135 3
537 1091 624 1120 non
642 1091 821 1135 pennas,
844 1075 1003 1135 quibus
1023 1074 1137 1120 levat
1156 1076 1201 1119 in
1218 1075 1396 1119 coelum.
1416 1078 1523 1128 Quae
1539 1084 1601 1119 est
1619 1085 1763 1120 autem
1781 1092 1800 1110 ·

385 1147 585 1202 charitas,
612 1156 661 1190 ut
679 1163 701 1190 a
724 1149 905 1201 caeteris,
928 1163 1030 1206 quae
1051 1145 1325 1205 appellantur
1346 1146 1574 1190 charitates
1591 1181 1601 1200 ‚
1622 1161 1782 1203 segre-

387 1227 511 1276 getur
534 1226 576 1260 et
598 1216 918 1274 distinguatur?
935 1220 997 1260 Ea
1015 1233 1113 1276 quae
1131 1217 1314 1260 charitas
1337 1215 1496 1259 dicitur
1509 1232 1608 1260 vera
1625 1216 1781 1260 Chris-

385 1288 630 1342 timorum,
650 1303 673 1330 a
697 1286 832 1330 Paulo
850 1286 1027 1330 definita
1050 1296 1133 1342 est,
1159 1295 1289 1346 atque
1316 1286 1374 1329 ita
1394 1286 1478 1330 suis
1506 1285 1813 1363 quibusdampu

386 1358 580 1403 ‘terminis
614 1357 935 1416 circumscripta
953 1393 963 1412 ‚
1000 1373 1100 1401 cum
1135 1357 1189 1401 sit
1221 1356 1445 1401 divinitate
1487 1357 1679 1413 infinita,
1719 1366 1778 1403 ut
1792 1377 1812 1418 Et

388 1429 565 1472 omnino
587 1427 857 1472 discernatur
879 1443 902 1471 a
922 1427 1099 1471 caeteris.
1127 1446 1147 1469 «
1169 1426 1286 1471 Finis
1309 1427 1422 1471 enim
1440 1462 1451 1482 ‚
1471 1427 1635 1487 inquit,
1657 1443 1776 1487 prae-

387 1570 493 1614 locis
510 1570 585 1613 ubi
599 1578 806 1629 tanquam
824 1568 1059 1612 scientibus
1075 1567 1358 1628 loquebatur,
1379 1568 1465 1611 huc
1484 1583 1620 1627 usque
1633 1567 1741 1611 dixit
1758 1586 1766 1613 :
1788 1585 1815 1634 fig(

395 1661 416 1684 «
450 1639 683 1685 Plenitudo
698 1675 709 1694 ‚
733 1639 898 1700 inquit,
915 1639 1038 1697 Legis
1052 1638 1277 1683 charitasss.
1308 1657 1327 1679 »
1353 1641 1408 1682 Et
1431 1654 1521 1682 non
1540 1638 1648 1682 dixit
1669 1653 1773 1698 qua-1
1787 1633 1814 1700 p}3

390 1712 443 1756 lis
465 1711 664 1756 charitas.
693 1710 797 1754 Ideo
819 1709 879 1753 ibi
895 1725 985 1753 non
1004 1708 1136 1764 dixit,
1162 1708 1264 1769 quia
1286 1707 1390 1752 dixit
1410 1708 1526 1752 alibi.
1547 1711 1645 1753 Non
1658 1709 1771 1753 enim
1785 1727 1815 1772 ch!

392 1782 558 1841 ul)ique
580 1780 723 1824 omnia
760 1778 844 1823 dici
866 1788 941 1823 aut
962 1788 1168 1839 possunt,
1205 1787 1279 1823 aut
1311 1778 1489 1822 debent.
1525 1781 1641 1837 Ergo
1672 1779 1770 1834 hic=

395 1851 627 1896 Plenitudo
644 1851 769 1909 Legis
783 1850 980 1894 charitas.
1004 1849 1237 1902 Quaerebas
1259 1847 1371 1892 forte
1393 1883 1403 1903 ,
1429 1864 1527 1908 quae
1556 1849 1741 1893 charitas
1755 1852 1761 1865 ⁴

395 2077 471 2106 nes
490 2061 679 2105 habeant
699 2060 951 2103 charitatem
971 2058 1025 2103 de
1039 2075 1149 2118 puro
1170 2059 1315 2103 corde.
1341 2062 1503 2102 Purum
1517 2075 1590 2102 cor
1611 2060 1656 2102 in
1679 2060 1764 2108 cha,
1779 2093 1815 2123 53ssss

396 2133 522 2176 ritate
543 2132 626 2175 hoc
648 2140 710 2174 est
726 2165 736 2185 ‚
758 2129 934 2190 quando
952 2129 1093 2187 diligis
1109 2129 1327 2172 hominem
1344 2128 1583 2173 secundum
1601 2133 1738 2174 Deum
1760 2117 1815 2194 'nont'

398 2203 499 2262 quia
520 2213 558 2244 ct
584 2210 622 2244 te
639 2202 781 2259 ipsum
803 2200 861 2243 sic
883 2198 1014 2242 debes
1036 2199 1237 2257 diligere,
1262 2209 1311 2242 ut
1343 2215 1432 2243 non
1454 2209 1566 2244 erret
1598 2187 1762 2258 reg-ulai

403 2293 422 2314 «
459 2272 617 2330 Diliges
639 2271 885 2330 proximum
907 2279 1032 2314 tuum
1054 2279 1262 2330 tanquam
1281 2279 1323 2313 te
1344 2269 1525 2328 ipsum&
1551 2289 1570 2311 »
1597 2271 1637 2315 Si
1663 2271 1759 2322 enir.

400 2342 513 2386 male
536 2351 577 2385 tc
610 2340 749 2398 diligis
777 2350 820 2384 et
846 2339 1082 2396 inutiliter,
1116 2341 1174 2384 ita
1209 2349 1251 2383 et
1282 2341 1524 2400 proximum
1557 2341 1758 2400 diligend

452 2515 459 2530 ¹
481 2507 595 2539 Matth.
619 2517 683 2538 xxn
699 2531 707 2547 ‚
726 2504 843 2547 37-40.
867 2522 906 2529 —
927 2513 940 2528 ²
964 2517 975 2538 1
999 2506 1078 2538 Tim.
1096 2517 1128 2546 1,
1152 2505 1181 2537 5.
1204 2522 1244 2527 -
1265 2504 1277 2528 3
1298 2509 1387 2538 Rom.
1409 2517 1477 2547 xm,
1499 2517 1544 2539 ιο.
1571 2524 1609 2529 ——
1629 2506 1643 2537 4
1663 2507 1748 2540 Mau}

403 2574 479 2605 xxii,
502 2564 551 2604 39.
