1815 3253
363 248 606 283 ramniu-no
635 254 682 286 ΙΝ
713 251 916 283 numum
946 254 1142 282 cxxxvn.
1337 241 1425 280 299

0 322 3 350 ¹
41 318 180 374 timidi
215 327 529 368 remanserunt.
572 320 745 371 Quanta
782 318 843 366 ira
880 318 1157 363 inimicorum
1191 317 1423 372 saeviebat,

0 395 2 420 ³
39 390 216 452 quando
239 389 412 449 sanguis
435 392 678 446 Martyrum
703 388 999 435 fundebatur?
1020 386 1251 442 Quomodo
1273 403 1317 431 se
1338 403 1425 446 pua

0 472 4 481 ·
39 462 189 508 tabant
223 476 384 509 nomen
416 461 758 506 Christianorum
793 459 937 505 delere
969 459 1024 504 de
1057 461 1200 503 terra?
1237 477 1258 501 c<
1286 461 1424 518 Super

0 551 3 564 ·
41 550 62 588 >p
96 532 204 580 iram
232 531 508 576 inimicorum
533 546 728 578 meorum
752 529 980 575 extendisti
1002 544 1180 578 manum
1203 538 1323 573 tuam
1341 563 1351 583 ‚
1382 538 1427 574 et

0 621 2 635 ¹
41 620 63 650 η
95 600 261 646 salvum
283 616 353 645 me
385 600 488 645 fecit
515 600 688 646 dextera
711 611 800 646 tua.
829 619 850 641 »
876 603 989 645 Ecce
1016 598 1079 644 1111
1111 599 1188 659 qui
1210 601 1426 656 Martyres

37 673 432 734 persequebantur,
461 673 690 717 memorias
711 675 955 730 Martyrum
979 670 1229 731 inquirunt,
1255 679 1330 714 aut
1346 670 1426 714 ubi

0 764 5 772 ·
37 743 248 799 adorent,
273 753 348 788 aut
370 744 447 788 ubi
468 759 512 788 se
534 744 786 788 inebrient:
811 751 1018 803 quaerunt
1046 751 1207 787 tamen.
1233 760 1254 784 ι(
1289 743 1428 801 Super

0 815 6 843 ³
39 833 60 864 η
94 816 200 858 iram
224 814 500 878 inimicorum
530 829 727 860 meorum
751 812 983 859 extendisti
1011 827 1190 859 manum
1211 821 1362 869 tuam²
1383 821 1427 857 et

0 869 6 919 1
40 902 61 935 η
89 883 256 928 salvum
285 899 355 927 me
382 883 482 927 fecit
513 884 686 928 dextera
709 893 854 928 tua.»
883 881 1137 928 Secundum
1165 847 1428 929 desiderium

0 965 7 982 ²
41 972 62 997 a
97 953 272 1000 Salvum
299 968 370 997 me
399 952 505 998 fecit
533 954 710 1002 dextera
732 963 872 998 tua.»
899 956 977 998 Est
1009 952 1213 1012 quaedam
1244 952 1390 996 salus
1379 968 1426 997 in

0 1026 7 1060 ¹
37 1024 211 1072 dextera
232 1044 241 1068 :
262 1039 362 1068 nam
385 1033 449 1068 est
470 1023 603 1068 altera
623 1024 736 1069 salus
758 1025 802 1068 in
825 1024 1009 1068 sinistra.
1038 1023 1161 1068 Salus
1178 1022 1428 1082 temporalis

37 1100 79 1139 et
99 1093 303 1148 carnalis,
330 1095 375 1137 in
398 1094 566 1138 sinistra
584 1104 671 1151 est3
702 1093 816 1138 salus
846 1102 1008 1137 aeterna
1031 1107 1132 1137 cum
1154 1091 1354 1150 Angelis,
1379 1092 1427 1140 in

0 1177 7 1192 ⁹
38 1164 212 1210 dextera
232 1174 310 1209 est.
338 1165 443 1209 Ideo
455 1166 545 1225 jam
567 1166 612 1209 in
635 1167 726 1225 ipsa
748 1163 1076 1209 immortalitate
1092 1163 1257 1223 positus
1279 1163 1428 1208 Chris-

0 1237 7 1273 1
38 1244 130 1289 tus,
156 1234 316 1280 dicitur
342 1234 490 1279 sedere
520 1236 574 1280 ad
607 1236 826 1284 dexteram
858 1234 935 1278 Dei
968 1236 999 1278 ¹.
1033 1236 1132 1279 Non
1161 1234 1277 1277 enim
1311 1236 1428 1277 Deus

0 1307 8 1345 l
37 1306 170 1357 habet
188 1306 234 1349 in
256 1321 301 1350 se
323 1306 416 1365 ipso
438 1305 659 1351 dexteram
682 1315 756 1350 aut
773 1306 990 1350 sinistram
1015 1324 1024 1349 z
1051 1305 1128 1350 sed
1153 1303 1326 1349 dextera
1350 1304 1429 1348 Dei

0 1390 7 1403 ·*
36 1375 196 1426 dicitur
228 1375 411 1420 felicitas
443 1375 538 1432 illa,
571 1392 671 1436 quae
715 1376 923 1435 quoniam
962 1373 1133 1419 ostendi
1165 1373 1301 1418 oculis
1339 1389 1429 1418 non

0 1459 8 1475 ⁹
35 1455 200 1506 potest,
223 1445 309 1490 tale
339 1462 500 1498 nomen
532 1447 712 1505 aceepit.
749 1449 840 1491 Hac
870 1446 1044 1493 dextera
1068 1453 1142 1496 tua
1167 1444 1334 1490 salvum
1359 1459 1429 1488 me

0 1505 8 1551 1
37 1514 198 1570 fecisti,
234 1532 324 1560 non
356 1516 597 1567 seeundum
627 1514 1134 1575 salutemtemporalem.
1168 1517 1279 1565 Nam
1309 1515 1428 1559 Cris-

3 1609 8 1628 !
36 1588 135 1646 pina
157 1586 296 1640 occisa
319 1596 384 1630 est
413 1605 422 1630 :
457 1586 530 1637 sed
554 1585 773 1646 numquid
799 1585 991 1630 deseruit
1013 1584 1134 1635 illam
1158 1586 1301 1631 Deus?
1332 1587 1430 1629 Non

35 1655 153 1704 illam
174 1655 278 1700 fecit
299 1655 461 1710 salvam
483 1657 530 1705 in
557 1656 751 1711 sinistra,
777 1656 854 1700 sed
887 1655 992 1700 fecit
1026 1655 1071 1699 in
1105 1654 1296 1704 dextera.
1332 1657 1430 1705 Ma«

16 1742 17 1745 ’
36 1727 200 1772 chabaei
216 1735 380 1787 quanta
403 1735 618 1774 tormenta
634 1726 823 1786 perpessi
838 1736 940 1770 sunt
954 1728 992 1767 ²!
1016 1728 1119 1771 Tres
1140 1735 1287 1770 autem
1305 1725 1430 1785 pueri

1 1812 10 1836 τ
35 1797 80 1847 in
92 1796 245 1844 mediis
255 1797 430 1856 ignibus
443 1797 768 1842 deambulando
790 1797 1084 1846 laudaverunt
1105 1800 1244 1842 Deum
1262 1798 1294 1840 ³.
1322 1795 1430 1842 Illo-,

0 1867 11 1910 1
37 1874 131 1919 rum
152 1867 266 1912 salus
288 1867 332 1913 in
351 1869 527 1917 dextera
542 1903 552 1920 ‚
568 1868 750 1912 istorum
769 1868 898 1912 etiam
916 1868 961 1911 in
977 1867 1161 1919 sinistra.⁴
1178 1865 1429 1926 Aliquando

0 1938 21 1995 ἱι
36 1952 135 1996 ergo
155 1953 245 1986 non
281 1937 368 1982 salv
374 1946 418 1982 at
444 1938 490 1981 in
512 1937 683 1985 sinistra
717 1946 887 1981 sanctos
909 1952 1035 1993 suos,
1061 1935 1137 1980 sed
1156 1951 1325 2014 semper
1345 1935 1428 1981 sal-

2 1966 143 2080 ilvat
133 2024 179 2056 ln
205 2007 395 2054 dextera.
420 2010 579 2069 Impios
608 2018 755 2053 autem
784 2007 1047 2068 plerumque
1067 2007 1242 2051 salvat
1233 2023 1279 2059 in
1307 2007 1431 2052 sinis-

0 2084 22 2112 ῐ
37 2088 127 2137 tra
151 2094 242 2133 non
262 2077 430 2124 salvat
420 2095 466 2122 1n
497 2078 689 2124 dextera.
717 2080 830 2129 Nam
861 2077 926 2122 1111
948 2078 1025 2138 qui
1052 2077 1429 2156 persequebantur

0 2156 11 2192 ss
38 2149 300 2210 Crispinam,
325 2150 417 2194 sani
438 2159 563 2195 erant
582 2150 628 2194 in
653 2165 873 2209 corpore:
898 2149 972 2195 illa
1002 2149 1143 2194 occisa
1164 2158 1250 2206 est,
1276 2148 1339 2200 illi
1360 2147 1429 2195 vi-

1 2228 12 2260 2
39 2230 160 2273 vunt.
200 2220 382 2265 Illorum
419 2220 533 2266 salus
564 2221 610 2265 in
632 2221 824 2276 sinistra,
856 2219 971 2265 illius
1004 2220 1049 2274 in
1081 2183 1274 2274 dextera.
1315 2238 1335 2261 «
1372 2222 1430 2273 Et

3 2304 11 2324 ·
41 2308 62 2344 η
93 2290 261 2336 salvum
282 2306 353 2344 me
373 2290 479 2336 fecit
495 2290 670 2335 dextera
692 2300 784 2335 tua.
813 2309 833 2332 »

0 2369 12 2398 ὓ
94 2363 191 2408 XV.
219 2380 240 2403 «
265 2361 466 2416 Domine,
482 2361 694 2405 retribues
714 2377 794 2421 pro
810 2375 881 2405 me
905 2362 921 2385 4
948 2380 966 2402 »
992 2362 1087 2419 Ego
1103 2375 1193 2404 non
1212 2359 1426 2419 retribuo²

0 2423 13 2470 :i
43 2439 88 2476 tu
103 2432 314 2476 retribues
342 2447 422 2491 pro
447 2446 530 2475 me.
559 2431 748 2476 Saeviant
774 2430 968 2485 inimici,
992 2429 1322 2490 quantumlibet
1343 2451 1352 2474 ;
1380 2439 1430 2473 tu

0 2533 12 2560 Ιι
86 2535 96 2551 ¹
111 2529 218 2561 Marc.
238 2540 305 2569 xm,
325 2539 376 2571 19·
396 2545 439 2552 -—·
456 2535 469 2552 ²
483 2537 502 2561 2
520 2528 624 2560 Maeli.
644 2539 702 2567 vn,
716 2527 734 2561 3
753 2532 786 2561 et
804 2538 891 2571 seqq.
912 2544 953 2550 —
977 2525 991 2550 3
1012 2531 1091 2560 Dan.
1111 2537 1157 2569 m,
1177 2526 1233 2569 24.
1259 2543 1298 2560 -,-
1314 2525 1330 2556 lo
1346 2525 1426 2558 Psal.

44 2593 186 2625 cxxxvu,
211 2584 244 2615 8.
