1815 3253
1 2486 15 2559 l

420 239 664 271 ENARRATIO
694 242 741 269 IN
772 239 976 270 PsALMUM
1007 241 1102 268 ext..
1368 226 1452 266 363

12 341 15 346 ,
68 310 153 354 sior
170 308 225 353 ad
247 308 455 363 salutem,
473 307 690 367 irrupitin
717 306 899 351 domum
931 305 1130 350 alienam.
1164 303 1247 348 Sed
1275 303 1349 348 ille
1378 303 1455 363 qui

11 404 16 435 3
68 379 128 424 ibi
150 378 456 424 discumbebat
472 413 482 432 ,
512 393 601 422 11011
623 387 714 421 erat
744 376 925 420 alienus.
951 378 1046 420 Non
1082 384 1283 418 extranea
1305 389 1455 433 quem-

9 441 15 481 ²,
67 449 177 494 libet
203 449 455 503 convivam,
482 447 558 491 sed
589 447 744 492 ancilla
770 447 1003 491 Dominum
1034 459 1161 489 suum
1192 453 1339 487 secuta
1371 453 1450 487 est.

13 568 15 571 ,
67 521 258 566 Accessit
293 519 349 564 ad
378 518 537 579 pedes,
575 520 677 579 quia
709 520 800 578 ejus
830 518 1009 576 vestigia
1042 516 1165 576 sequi
1200 514 1407 574 cupiebat
1441 533 1451 559 :

10 578 16 622 ¹,
66 591 386 650 lavitlacrymis
403 626 414 646 ,
432 591 551 634 tersit
569 589 748 650 capillis.
771 590 906 634 Pedes
928 588 1089 633 Christi
1119 587 1195 646 qui
1219 595 1347 640 sunt,
1372 585 1453 629 nisi

67 677 144 721 per
175 677 285 721 quos
315 661 558 721 peragravit
592 670 733 704 totum
770 658 1016 702 mundum?
1043 676 1062 699 «
1101 659 1242 710 Quam
1274 655 1456 714 speciosi

13 756 16 766 ·
70 750 90 773 »
127 732 258 791 pedes
277 747 427 776 eorum
449 767 460 785 ,
492 732 566 792 qui
597 731 860 776 annuntiant
882 744 1056 790 pacem,
1088 729 1164 788 qui
1192 726 1456 771 annuntiant

70 821 90 844 »
126 803 241 846 bona
262 805 274 828 ¹
294 803 302 846 l
332 801 466 846 Pedes
485 817 586 859 ergo
614 801 784 846 Domini
807 801 958 861 quanti
973 807 1278 858 susceperunt,
1300 806 1351 841 ut
1367 811 1458 841 sus-

67 871 267 932 cipiendo
289 874 455 932 justum
478 872 523 915 in
543 873 720 917 nomine
749 871 855 931 justi
884 869 1130 914 mercedem
1155 868 1263 929 justi
1283 868 1456 926 accipe-

67 946 190 988 rent?
212 947 270 987 Et
291 953 577 1002 susceperunt
599 944 857 1003 prophetam
876 942 921 985 in
944 942 1121 986 nomine
1138 940 1387 999 prophetae,
1407 948 1458 983 ut

67 1014 313 1059 mercedem
353 1015 579 1073 prophetae
611 1015 871 1073 acciperent.
910 1032 930 1054 «
974 1016 1032 1057 Et
1060 1012 1331 1072 quicumque
1373 1026 1457 1070 po-

70 1104 91 1127 »
125 1094 219 1129 tum
257 1085 454 1138 dederit,
495 1084 661 1144 inquit,
700 1084 777 1127 uni
805 1099 856 1126 ex
894 1083 1081 1126 minimis
1123 1082 1239 1136 istis,
1279 1079 1457 1124 calicem

70 1173 91 1197 »
127 1171 253 1216 aquae
277 1154 443 1212 frigidae
461 1163 632 1198 tantum
655 1154 701 1198 in
724 1154 902 1197 nomine
936 1151 1171 1211 Discipuli,
1207 1166 1334 1194 amen
1358 1149 1458 1194 dico

63 1231 92 1269 '»
125 1226 266 1281 vobis,
283 1242 372 1270 non
395 1225 547 1285 perdet
564 1225 809 1269 mercedem
833 1225 992 1268 suam2.
1016 1241 1036 1264 »
1063 1222 1149 1275 Qui
1163 1238 1266 1280 ergo
1288 1220 1364 1265 tali
1379 1222 1459 1265 hu-

68 1297 276 1341 manitate
298 1297 428 1356 pedes
451 1296 623 1341 Domini
646 1296 859 1354 suscepit,
885 1294 993 1354 quid
1014 1293 1245 1353 impendit,
1263 1293 1345 1336 nisi
1359 1308 1459 1352 quae

68 1368 260 1412 habebat
283 1369 326 1411 in
342 1368 473 1412 domo
491 1367 740 1426 superflua?
761 1367 917 1410 Merito
940 1366 1039 1426 quia
1064 1364 1209 1424 capilli
1238 1364 1361 1423 quasi
1383 1378 1458 1407 su-

69 1439 227 1499 perflui
250 1449 352 1483 sunt
373 1474 383 1493 ‚
409 1437 512 1481 inde
533 1438 607 1481 illa
633 1437 767 1497 pedes
794 1437 966 1480 Domini
1000 1435 1266 1492 detergebat.
1297 1436 1459 1494 Super-

69 1509 157 1553 ssua
182 1519 256 1553 tua
285 1510 523 1554 necessaria
554 1510 667 1552 fiunt
698 1508 777 1552 tibi
799 1543 809 1562 ,
853 1508 887 1551 31
919 1506 1022 1551 inde
1058 1504 1190 1549 fueris
1226 1505 1460 1549 obsecutus

69 1578 257 1640 pedibus
281 1580 470 1624 Domini.
492 1583 608 1637 Ergo
629 1579 700 1624 illa
731 1579 873 1623 curari
889 1577 1091 1631 volebat⁷
1113 1576 1283 1620 conscia
1314 1575 1461 1633 magni

70 1651 274 1695 vulneris.
309 1651 393 1695 Sed
412 1650 628 1711 numquid
649 1665 858 1707 magnum
876 1648 1036 1692 vulnus
1052 1683 1061 1701 ‚
1081 1657 1124 1691 et
1146 1662 1303 1706 parvus
1326 1646 1462 1689 medi-

70 1724 169 1766 cus?
191 1722 393 1766 Pharisaei
411 1732 555 1766 autem
579 1721 789 1765 nolebant
810 1736 854 1764 se
878 1719 996 1778 tangi
1019 1719 1073 1762 ab
1098 1718 1358 1772 immundis,
1392 1717 1460 1761 vi-

70 1793 223 1837 tabant
241 1808 416 1837 omnem
439 1801 689 1836 contactum
713 1800 1017 1850 pcccatorum3
1042 1789 1121 1832 etsi
1143 1788 1322 1848 quando
1347 1787 1460 1832 forte

69 1863 324 1907 necessitate
345 1862 640 1921 tangebantur
660 1896 671 1909 ,
690 1860 930 1904 abluebant
952 1875 1011 1903 sc.
1038 1862 1095 1903 Et
1111 1874 1248 1918 prope
1268 1858 1462 1918 baptiza-

71 1933 178 1978 bant
198 1949 273 1992 per
296 1949 445 1977 omnes
468 1934 594 1977 horas
628 1948 717 1976 non
748 1941 918 1975 tantum
944 1946 1010 1984 36,
1045 1929 1120 1973 sed
1157 1938 1202 1973 et
1232 1945 1334 1973 vasa
1357 1944 1459 1983 sua,

71 2003 204 2048 lectos
226 2019 325 2047 suos
342 2039 353 2055 ‚
376 2002 530 2047 calices
544 2038 554 2056 ,
576 2001 847 2062 paropsides,
879 2001 990 2045 sicut
1012 1999 1222 2044 Dominus
1243 2000 1289 2042 in
1317 2002 1463 2043 Evan—

73 2073 182 2132 gelio
199 2074 552 2118 commemorat?
578 2075 691 2117 Cum
714 2088 817 2130 ergo
840 2071 913 2114 ille
928 2071 1169 2115 Pharisaeus
1192 2078 1336 2114 nosset
1349 2070 1464 2114 hanc

0 2177 1 2188 i
72 2143 314 2197 mulierem,
335 2159 434 2203 quae
448 2143 601 2204 utique
612 2143 646 2186 si
663 2143 717 2186 ad
728 2141 984 2202 pedesillius
1005 2141 1207 2185 Pharisaei
1219 2139 1460 2194 accederet,

0 2354 23 2473 τί·

72 2215 300 2276 repelleret
333 2218 449 2268 eam‚
485 2230 540 2258 ne
573 2215 777 2259 sanctitas
810 2214 901 2273 ejus
936 2212 1238 2272 pollueretur3
1273 2211 1465 2255 habebat

74 2287 186 2330 enim
206 2302 301 2346 eam
323 2286 368 2329 in
387 2300 590 2344 corpore⁷
611 2300 701 2328 non
722 2285 767 2328 in
786 2283 917 2328 corde
933 2319 943 2338 ,
969 2292 1013 2327 61
1030 2282 1132 2343 quia
1153 2298 1244 2326 11011
1272 2283 1465 2326 habebat

75 2371 166 2400 eam
199 2358 245 2399 in
273 2357 427 2410 corde,
461 2356 614 2415 utique
651 2354 802 2398 falsam
826 2354 1018 2398 habebat
1039 2354 1082 2397 in
1111 2368 1293 2412 corpore
1320 2372 1329 2397 ε
1361 2353 1463 2412 quia

74 2441 174 2486 ergo
192 2425 263 2470 illc
281 2442 375 2470 eam
398 2425 651 2485 repulsurus
669 2434 799 2479 esset,
826 2440 926 2469 cum
950 2425 1034 2468 hoc
1056 2424 1265 2468 Dominus
1287 2422 1377 2467 nbn
1395 2422 1463 2466 fe-

75 2496 153 2551 cit,
178 2496 436 2540 existimavit
457 2510 561 2539 eum
583 2495 748 2538 nescire
770 2510 868 2554 quae
894 2493 968 2538 illa
991 2503 1124 2549 esset,
1149 2502 1193 2537 et
1214 2492 1323 2537 dixit
1346 2491 1465 2552 apud

123 2589 131 2603 ¹
153 2582 223 2614 lsai.
250 2593 303 2619 tn,
323 2593 355 2623 7,
379 2588 409 2613 et
428 2584 517 2614 Rom.
539 2591 571 2622 x,
593 2581 642 2613 15.
664 2598 705 2602 —
725 2587 738 2602 ²
758 2579 871 2611 Matth.
893 2590 928 2618 x,
948 2578 1002 2619 41,
1023 2578 1077 2619 42.
1102 2595 1143 2601 —
1165 2577 1178 2600 3
1196 2578 1243 2610 Id.
1265 2589 1359 2619 xxm,
1375 2577 1428 2609 25.
