1815 3253
342 236 422 275 404
772 248 804 275 s.
842 249 1071 277 Acoosnm
1104 250 1284 276 EPlSCOPt

336 328 426 356 nou
445 312 525 355 erit
547 312 651 371 quid
670 312 731 356 ibi
753 328 943 370 agamus.
970 317 1066 359 Non
1085 312 1183 358 dieo
1200 312 1270 356 die
1293 328 1340 356 ac
1358 321 1506 364 noete,
1532 313 1608 356 uhi
1630 329 1716 358 nox
1765 307 1767 310 ¹

337 397 426 425 non
448 390 510 425 est
532 402 543 440 3
567 381 642 426 sed
661 391 752 426 toto
774 382 865 435 die,
901 399 1000 426 eum
1024 398 1136 427 unus
1158 383 1247 426 dies
1270 391 1362 437 est,
1387 398 1476 426 non
1502 383 1582 427 erit
1610 383 1717 442 quid

333 451 394 496 ibi
417 467 593 510 agamus
609 487 619 507 ,
645 452 726 496 nisi
746 452 975 497 laudemus
999 468 1130 512 quem
1151 451 1392 511 diligimus,
1419 452 1521 512 quia
1543 462 1649 497 tunc
1673 462 1717 497 et

332 521 592 566 videbimus.
620 522 753 567 Modo
775 539 866 568 non
891 524 1032 567 visum
1051 521 1366 577 desideramus,
1391 531 1435 566 et
1450 521 1677 583 laudamus
1702 538 1711 564 :

335 600 440 635 tune
458 592 598 636 visum
625 592 747 652 quod
775 609 967 637 amamus
983 628 994 648 ‚
1031 591 1253 653 quomodo
1280 591 1595 636 laudabimus?
1617 592 1717 637 Sine

331 662 418 705 fine
440 662 521 705 erit
542 661 636 706 laus
656 697 666 717 ,
692 663 793 722 quia
816 664 906 708 sine
924 663 1009 706 fine
1027 678 1161 711 amor.
1184 662 1294 716 Quia
1310 677 1413 721 ergo
1436 663 1520 707 hoc
1541 662 1601 706 ibi
1622 677 1718 721 age·

332 747 428 776 mus
447 766 457 786 ‚
490 731 611 787 ideo,
638 751 658 774 «
683 733 808 777 Educ
825 732 880 777 de
902 749 1070 778 earcere
1086 734 1274 777 animam
1293 748 1432 777 meam
1453 768 1463 788 ‚
1498 742 1548 777 ut
1576 733 1716 777 confi-

333 820 353 843 »
389 811 531 846 teatur
552 803 718 847 nomini
749 812 840 848 tuo.
868 805 988 848 Beati
1017 805 1137 848 enim*
1170 804 1246 864 qui
1278 804 1479 848 habitant
1506 804 1552 847 in
1584 804 1716 848 domo

332 889 353 914 »
377 882 466 928 tua,
484 873 530 916 in
543 873 700 918 saecula
716 873 976 918 saeculorum
997 874 1244 918 laudabunt
1258 884 1300 919 te
1316 877 1374 917 1.»
1389 875 1522 919 Modo
1535 874 1717 933 impedit

331 959 496 999 career,
524 945 625 1004 quia
645 980 655 999 ,
680 947 886 1005 «Corpus
910 945 1030 1006 quod
1051 945 1364 1005 corrumpitur,
1392 954 1596 1004 aggravat
1617 944 1715 988 ani-

331 1033 351 1057 »
363 1031 500 1060 mam:
516 1034 534 1056 »
549 1031 636 1060 non
651 1032 806 1075 corpus
819 1025 1020 1075 aggravat
1034 1016 1221 1060 animam
1230 1018 1348 1074 (nam
1365 1026 1406 1059 et
1422 1025 1524 1060 tune
1538 1015 1717 1059 habebi-

327 1101 424 1130 mus
435 1102 591 1146 eorpus
610 1105 619 1131 z
634 1091 647 1143 )
662 1087 737 1130 sed
754 1102 910 1146 eorpus
924 1086 1043 1147 quod
1054 1087 1483 1146 corrumpitur.Ergo
1498 1100 1714 1130 carcerem

327 1156 430 1201 facit
448 1172 537 1201 non
555 1172 728 1216 corpus,
744 1156 819 1200 sed
836 1158 1072 1217 corruptio.
1089 1176 1108 1198 (ι
1127 1157 1251 1201 Educ
1269 1156 1323 1200 de
1335 1172 1382 1200 ea
1391 1172 1506 1200 rcere
1524 1155 1713 1200 animam

332 1245 350 1267 n
386 1242 552 1280 meam,
579 1236 628 1270 ut
648 1228 907 1270 confiteatur
929 1227 1094 1270 nomini
1127 1235 1220 1271 tuo.
1245 1245 1264 1267 n
1291 1230 1387 1270 Jam
1415 1243 1498 1270 vox
1532 1242 1631 1286 quae
1646 1241 1715 1270 se-

326 1296 476 1356 quitur
495 1331 507 1352 ‚
532 1312 582 1340 ex
599 1297 739 1355 capite
751 1305 875 1341 sonat
892 1297 1062 1340 Domini
1084 1296 1219 1340 nostri
1241 1298 1343 1340 Jesu
1363 1296 1541 1341 Christi.
1571 1299 1626 1340 Et
1648 1305 1714 1341 est

324 1360 421 1411 talis
443 1367 549 1425 ipsa,
577 1367 715 1427 qualis
735 1367 933 1411 hesterna
956 1366 1123 1410 ultima.
1155 1369 1364 1410 Hesterna
1387 1368 1502 1410 enim
1528 1365 1681 1411 ultima
1700 1401 1710 1422 ‚

326 1438 360 1481 si
401 1438 656 1482 meministis
673 1473 684 1494 ,
722 1439 816 1482 haee
842 1437 927 1482 fuit
959 1456 967 1482 :
1001 1456 1021 1479 «
1060 1437 1297 1496 Singularis
1330 1453 1410 1496 ego
1443 1452 1539 1481 sum
1571 1437 1713 1482 donec

323 1527 343 1550 »
381 1518 593 1553 transeam
609 1513 641 1552 2.
669 1529 684 1550 »
713 1511 769 1552 Et
790 1509 860 1552 hie
881 1524 981 1568 quae
999 1517 1063 1553 est
1089 1507 1270 1552 ultima?
1296 1527 1314 1550 «
1329 1511 1399 1553 Me
1421 1508 1706 1554 sustinebunt

327 1598 348 1622 »
379 1580 815 1641 justi,quoadusque
842 1580 1055 1624 retribuas
1075 1579 1196 1624 mihi.
1227 1597 1246 1621 »

381 1695 388 1712 ¹
411 1692 486 1732 Sap.
505 1698 552 1732 lx,
571 1691 619 1722 15.
643 1706 684 1712 —-
702 1696 714 1712 ²
738 1688 817 1722 Psal.
838 1699 910 1732 exn,
933 1699 982 1722 10.
