1815 3253
389 237 631 269 ENAanAno
663 242 708 269 m
739 240 943 270 rsALMnM
975 242 1099 269 chv.
1335 229 1420 270 483

37 326 58 351 »
93 321 217 353 suam
238 306 313 351 :in
332 304 409 351 illa
436 305 505 350 die
537 307 746 366 peribunt
772 316 932 352 'omnes
968 306 1250 365 cogitationes
1268 306 1372 366 ejus.
1399 325 1422 349 »

90 380 172 423 Xt.
211 375 328 430 Quid
365 391 467 434 ergo
498 374 708 431 facimus,
747 376 781 421 si
816 377 861 420 in
894 375 1005 420 filios
1042 375 1300 430 hominum,
1325 377 1359 420 si
1381 377 1427 421 in

34 447 251 509 principes
291 463 382 492 non
413 456 477 491 est
509 447 805 506 sperandum?
833 446 950 499 Quid
978 445 1194 490 facimus?
1223 465 1243 487 «
1269 449 1428 491 Beatus

36 535 58 561 »
94 519 218 579 cujus
235 520 346 562 Deus
368 517 503 562 Jacob
526 517 700 579 adjutor
721 526 785 561 est
801 518 892 577 ejus
909 518 969 561 ¹.»
982 519 1080 562 Non
1101 516 1174 560 itle
1197 517 1329 561 homo
1353 526 1429 562 aut

35 588 109 634 ille
125 590 281 644 homo,
307 604 396 633 non
417 587 490 632 ille
508 589 699 649 Angelus
723 598 798 633 aut
819 587 893 632 ille
915 586 1106 646 Angelus
1123 608 1133 646 3
1153 588 1245 643 sed,
1277 606 1297 629 «
1315 591 1425 632 Bea-

37 677 60 701 »
94 668 164 704 tus
186 660 308 719 cujus
336 662 446 703 Deus
468 660 604 724 Jacob
627 660 802 719 adjutor
823 668 886 703 est
912 678 920 703 ε
952 678 971 701 »
999 659 1103 719 quia
1128 667 1170 702 et
1191 659 1271 718 ipsi
1290 659 1425 703 Jacob

35 729 94 774 sic
117 728 201 774 fuit
223 730 394 790 adjutor
411 765 422 785 ,
449 739 500 774 ut
522 729 576 774 de
599 731 733 774 Jacob
758 729 913 774 faceret
935 728 1081 773 Israel.
1108 732 1318 788 Magnum
1346 729 1426 774 ad-

25 800 274 860 jutorium,
308 800 439 844 Israel
468 802 560 861 jam
595 799 748 845 videns
777 803 931 845 Deum.
971 800 1051 844 Hic
1075 815 1175 858 ergo
1197 801 1362 860 positus
1385 809 1428 844 et

35 870 292 930 peregrinus
313 870 512 915 nondum
533 870 684 916 videns
718 874 856 915 Deum
873 907 883 926 ,
904 871 939 916 si
960 871 1162 915 habueris
1185 871 1429 931 adjutorem

37 941 177 985 Deum
202 940 338 985 Jacob
356 976 368 994 ,
399 956 449 984 ex
470 941 606 985 Jacob
621 941 703 985 eris
726 941 858 986 Israel
878 977 889 997 ,
915 951 957 986 et
979 942 1060 987 eris
1082 941 1233 986 videns
1257 945 1396 986 Deum
1419 960 1428 986 :

39 1018 84 1054 et
105 1010 245 1070 periet
281 1010 422 1055 omnis
442 1010 567 1055 labor
588 1020 632 1055 et
657 1011 796 1056 omnis
830 1012 1016 1070 gemitus
1033 1047 1044 1067 ,
1085 1013 1295 1056 transient
1315 1028 1432 1057 curae

37 1080 280 1134 mordaces,
298 1080 533 1125 succedent
548 1081 698 1125 laudes
717 1081 878 1126 felices.
890 1101 909 1123 «
921 1085 1076 1125 Beatus
1095 1083 1217 1142 cujus
1238 1086 1349 1126 Deus
1363 1086 1387 1126 J
1392 1099 1434 1127 a-

41 1166 65 1191 »
100 1150 184 1194 cob
202 1150 374 1210 adjutor
396 1159 460 1194 est
476 1151 566 1209 ejus
582 1169 591 1195 :
609 1169 628 1191 »
656 1151 787 1211 hujus
809 1152 961 1195 Jacob.
988 1154 1132 1204 Quare
1149 1152 1228 1195 iste
1252 1152 1435 1196 beatus?

42 1220 225 1264 Interim
245 1221 389 1264 adhuc
405 1221 451 1264 in
472 1221 553 1265 hac
569 1221 657 1265 vita
680 1237 856 1280 gemens
883 1241 891 1266 :
918 1240 938 1264 «
965 1218 1068 1281 Spes
1090 1221 1207 1266 illius
1228 1222 1274 1265 in
1294 1221 1438 1266 Domi-

44 1307 66 1332 »
102 1306 208 1335 num
234 1294 374 1336 Deum
397 1291 544 1351 ipsius.
573 1310 593 1332 »
621 1292 725 1336 Ideo
748 1293 901 1336 beatus
918 1327 929 1347 ,
952 1292 1055 1352 quia
1075 1311 1094 1334 «
1118 1295 1221 1352 Spes
1238 1293 1372 1352 ipsius
1389 1293 1436 1337 in

44 1377 67 1402 »
102 1362 341 1405 Dominum
371 1365 508 1406 Deum
539 1362 688 1421 ipsius.
721 1381 742 1404 »
771 1366 822 1407 In
844 1378 933 1423 quo
956 1371 1019 1406 est
1040 1378 1134 1422 spes
1156 1364 1316 1423 ipsius,
1345 1365 1436 1423 ipse

43 1432 126 1476 erit
163 1448 228 1477 res
255 1434 404 1493 ipsius.
448 1436 645 1489 Fratres,
683 1450 738 1478 an
761 1433 873 1478 forte
903 1434 1074 1489 erravi,
1099 1435 1203 1494 quia
1224 1434 1312 1479 dixi
1346 1452 1437 1480 rem

43 1511 238 1547 nostram
271 1503 473 1548 futurum
506 1506 677 1548 Deum?
710 1504 827 1558 Quid
842 1505 890 1549 si
923 1504 1110 1548 dicerem
1136 1506 1438 1550 haereditatem

43 1582 239 1634 nostram
262 1572 495 1617 futurum?
521 1592 541 1616 «
567 1577 670 1634 Spes
690 1590 785 1619 mea
802 1590 846 1619 es
870 1584 921 1619 tu
937 1610 948 1629 ,
974 1576 1117 1635 portio
1136 1591 1231 1620 mea
1252 1577 1298 1621 in
1321 1587 1435 1622 terra
1487 1589 1491 1597 ¹

47 1659 70 1684 »
104 1643 344 1688 viventium
356 1646 388 1687 ².
417 1661 438 1685 »
466 1646 532 1688 Tu
554 1644 634 1688 eris
662 1646 804 1704 portio
824 1661 934 1689 mea.
961 1647 1055 1690 Eris
1078 1655 1126 1690 tu
1150 1648 1375 1706 possessio,
1390 1657 1439 1693 ‘et

45 1712 320 1772 possidebitis
340 1733 348 1758 :
365 1715 573 1774 possessio
591 1715 667 1759 Dei
684 1716 781 1771 eris,
806 1725 850 1759 et
870 1717 1079 1775 possessio
1098 1725 1172 1760 tua
1193 1718 1274 1760 erit
1299 1721 1434 1763 Deus:

0 1839 2 1845 ι
46 1791 98 1827 tu
126 1784 207 1828 eris
230 1785 438 1844 possessio
459 1786 550 1845 ejus
569 1820 581 1841 ,
616 1794 667 1829 ut
693 1785 846 1830 colaris
870 1786 924 1830 ab
951 1802 1029 1844 eo,
1048 1795 1091 1830 et
1118 1786 1210 1846 ipse
1231 1788 1312 1831 erit
1335 1804 1438 1847 pos-

45 1854 174 1898 sessio
195 1863 287 1911 tua,
312 1864 363 1899 ut
383 1855 498 1899 colas
520 1871 637 1899 eum.
653 1858 763 1901 Nam
784 1865 827 1899 et
847 1866 898 1900 tu
918 1856 1022 1900 colis
1043 1860 1198 1911 Deum,
1219 1867 1262 1902 et
1284 1859 1438 1904 coleris

44 1939 70 1968 a
91 1928 197 1969 Deo.
221 1928 356 1970 Recte
372 1925 534 1970 dicitur
555 1945 565 1970 ι
590 1925 698 1971 Colo
718 1930 873 1971 Deum.
899 1927 1128 1981 Quomodo
1150 1938 1297 1973 autem
1317 1929 1439 1975 color

46 2008 71 2038 a
91 1997 182 2039 Deo
198 1996 217 2038 P
235 1996 486 2040 Invenimus
508 1995 627 2056 apud
641 1996 901 2056 Apostolum
916 2032 927 2054 ,
957 2016 978 2040 «
1004 1998 1105 2053 Dei,
1131 1999 1276 2059 inquit
1292 2035 1302 2055 ,
1325 2001 1439 2059 agri-

48 2081 71 2106 »
106 2064 303 2121 cultura,
343 2066 420 2109 Dei
450 2066 681 2111 aedificatio
713 2067 813 2112 estis
831 2069 863 2111 ³.
895 2085 917 2108 »
950 2071 1008 2112 Et
1037 2068 1270 2125 Dominus,
1300 2088 1320 2112 «
1347 2073 1440 2129 Ego

52 2150 76 2175 »
111 2150 208 2179 sum
222 2170 238 2190 ,
271 2134 416 2195 inquit
434 2170 446 2191 ,
474 2136 597 2192 vitis,
629 2152 705 2181 vos
726 2137 825 2181 estis
842 2147 1059 2182 sarmenta
1078 2173 1089 2194 ,
1108 2146 1152 2182 et
1170 2142 1297 2183 Pater
1318 2155 1440 2186 meus

50 2221 74 2246 »
109 2202 296 2264 agricola
309 2206 342 2248 4.
371 2222 391 2246 »
415 2204 532 2250 Colit
564 2215 608 2250 te
641 2221 744 2266 ergo
768 2210 882 2251 Deus
897 2242 908 2263 ,
936 2216 987 2251 ut
1014 2207 1069 2251 sis
1089 2206 1340 2254 fructuosus
1361 2232 1372 2269 3
1397 2221 1440 2256 et

51 2273 157 2319 colis
180 2278 318 2319 Deum
333 2309 344 2329 ,
368 2283 420 2319 ut
439 2275 495 2318 sis
516 2275 780 2321 fructuosus.
808 2277 905 2321 Tibi
944 2278 1112 2321 bonum
1148 2287 1212 2322 est
1244 2280 1366 2339 quod
1400 2291 1444 2326 te

0 2377 2 2381 -
54 2344 158 2389 colit
176 2347 306 2400 Deus,
332 2345 414 2388 tibi
435 2345 604 2389 bonum
625 2346 830 2403 est‚quod
851 2347 955 2391 colis
974 2351 1127 2391 Deum.
1153 2348 1310 2393 Cultor
1331 2354 1444 2395 Deus

52 2414 92 2458 -si
108 2413 283 2460 recedat
311 2414 366 2458 ab
387 2415 566 2459 homine
582 2450 593 2471 ,
613 2415 809 2461 desertus
831 2418 881 2461 fit
902 2417 1036 2461 homo
1061 2436 1070 2461 t
1095 2417 1238 2462 cultor
1260 2419 1393 2465 homo
1413 2423 1448 2466 si

57 2486 235 2530 recedat
269 2501 294 2530 a
322 2488 413 2530 Deo
430 2520 441 2541 ,
461 2487 656 2531 desertus
676 2487 728 2531 fit
763 2488 853 2546 ipse
873 2488 1023 2533 homo.
1049 2491 1138 2534 Nec
1159 2491 1313 2535 crescit
1336 2495 1449 2537 Deus

114 2588 122 2605 ¹
143 2579 232 2616 rsal„
246 2590 338 2623 οων,
357 2579 437 2613 5.-
450 2582 676 2624 ²1d.cx1.1,6.
692 2598 734 2606 —-
751 2580 765 2606 3
779 2591 799 2615 2
818 2584 892 2616 eor.
915 2594 977 2624 111,
996 2595 1029 2626 9.
1049 2599 1089 2606 —
1110 2581 1126 2612 4
1139 2587 1231 2616 Joan.
1249 2597 1312 2627 xv,
1336 2598 1347 2618 1
1373 2592 1405 2620 et
1420 2589 1450 2621 5,

1170 2652 1237 2690 31.
