1815 3253
384 234 468 272 276
805 244 836 271 s.
874 242 1104 273 AUGUSTINI
1135 246 1315 272 EPISCOPI

379 310 492 353 inter
507 308 639 352 verba
659 307 910 353 dolosorum
927 344 938 365 ‚
964 309 1076 353 inter
1091 309 1220 354 verba
1234 309 1346 353 male
1362 309 1722 370 interrogantium
1743 309 1770 368 ,’

378 379 669 439 quaerentium
687 388 729 422 et
746 378 909 423 discere
932 378 1190 423 nolentium.

436 452 562 495 XIII.
589 454 701 495 Eece
722 449 825 494 inde
847 459 938 494 erat
957 449 1075 494 dives
1101 449 1196 506 ille,
1221 451 1298 511 qui
1322 451 1555 496 Dominum
1575 452 1760 498 interro·

378 523 519 582 gavit,
549 523 796 580 «Magister
818 522 932 566 bone
947 557 958 577 ‚
983 520 1091 582 quid
1115 520 1269 566 faciam
1286 557 1297 578 ‚
1322 531 1372 566 ut
1398 522 1532 567 vitam
1553 532 1760 569 aeternam
1790 529 1791 550 ³

380 611 401 636 »
435 608 674 653 consequar
697 594 747 636 1?
782 610 802 633 »
829 594 983 637 Nonne
1013 590 1068 635 de
1099 591 1187 635 vita
1219 601 1379 636 aeterna
1408 608 1606 652 quaerens
1638 594 1760 654 quasi
1788 641 1789 658 5

375 664 591 709 canticum
626 664 728 708 Sion
758 661 1070 720 interrogavit?
1092 664 1218 706 Serva
1244 662 1477 718 mandata,
1504 663 1646 707 aitilli
1670 667 1758 708 Do-

375 735 534 779 minus.
560 736 616 778 Et
637 732 709 777 ille
730 732 784 776 de
817 732 931 776 fastu
952 767 962 787 ,
988 747 1089 776 cum
1111 731 1328 788 audisset,
1355 736 1451 777 Jam
1472 734 1616 778 omnia
1644 735 1754 790 haec,
1786 781 1787 790 ἵ

373 805 516 864 inquit
535 839 546 859 ,
573 802 750 862 implevi
781 819 805 846 a
825 803 1058 862 juventute
1089 817 1199 847 mea.
1238 805 1296 846 Et
1328 803 1536 847 Dominus
1573 803 1679 848 dixit
1695 795 1787 866 illi*

373 875 584 936 quiddam
605 873 660 918 de
681 874 855 918 canticis
880 874 981 919 Sion
999 895 1010 932 3
1037 883 1080 918 et
1101 883 1281 918 noverat
1303 874 1423 934 quod
1444 890 1533 918 non
1551 884 1723 934 caperet
1743 890 1762 922 :v

373 947 450 992 sed
463 945 709 1005 exemplum
722 943 843 989 dedit
858 945 983 989 nobis
1004 980 1014 1000 ,
1033 944 1256 1005 quomodo
1274 945 1402 989 multi
1414 955 1613 1006 quaerant
1633 946 1784 1006 quasi..

375 1017 605 1063 consilium
641 1015 697 1060 ad
737 1015 868 1060 vitam
904 1025 1135 1070 aeternam,
1178 1024 1222 1060 et
1250 1015 1402 1060 tandiu
1433 1032 1511 1060 nos
1553 1015 1783 1073 laudent,

373 1088 572 1149 quandiu
599 1086 932 1147 respondeamus
955 1087 1076 1147 quod
1099 1097 1317 1147 quaerunt.
1351 1087 1478 1131 Dedit
1502 1088 1556 1131 de
1578 1087 1653 1132 illo
1675 1088 1757 1133 do-

373 1170 628 1206 cumentum
648 1193 659 1214 ‚
684 1167 892 1218 tanquam
907 1150 1033 1202 ndbis
1051 1157 1229 1202 dicturis
1248 1157 1483 1218 aliquando
1501 1158 1660 1202 talibus
1677 1160 1758 1204 ho·
1780 1152 1783 1204 s
1814 1208 1815 1213 ,

374 1231 595 1285 minibus,
636 1249 656 1272 «
692 1228 919 1282 Quomodo
954 1229 1225 1273 cantabimus
1258 1229 1477 1273 canticum
1512 1230 1685 1274 Domini
1712 1230 1782 1275 in
1814 1274 1815 1292 5

378 1321 399 1345 >›
434 1311 549 1346 terra
582 1299 751 1343 aliena?
777 1317 795 1340 »
819 1301 932 1343 Ecce
959 1299 1044 1354 ait,
1075 1318 1094 1341 κ
1124 1299 1198 1342 Vis
1216 1314 1305 1343 esse
1338 1298 1581 1359 perfectus?
1611 1301 1754 1357 Vade,

377 1393 397 1417 >›
434 1371 573 1417 vende
591 1371 736 1416 omnia
749 1386 847 1430 quae
871 1370 1003 1413 habes
1023 1405 1033 1425 ‚
1059 1379 1102 1413 et
1125 1369 1178 1414 da
1191 1371 1452 1430 pauperibus
1473 1406 1484 1425 ‚
1516 1381 1558 1416 et
1581 1372 1758 1417 habebis
1776 1365 1780 1401 7'

375 1658 542 1719 aliquid
563 1655 616 1699 de
636 1655 811 1699 canticis
832 1654 948 1699 Sion.
976 1653 1055 1697 1116
1074 1662 1219 1698 autem
1238 1653 1515 1698 contristatus
1537 1654 1753 1700 abscessit.
1772 1695 1774 1698 Α

374 1731 577 1777 Dicamus
608 1735 705 1786 post
736 1724 860 1768 illum
885 1760 895 1780 ‚
929 1743 949 1766 «
985 1724 1216 1777 Quomodo
1243 1724 1512 1768 cantabimus
1541 1725 1772 1769 canticun'r

381 1819 402 1843 ›>
437 1797 612 1844 Domini
623 1796 669 1839 in
691 1804 802 1841 terra
816 1795 980 1838 aliena?
997 1812 1016 1835 »
1038 1796 1093 1838 Et
1115 1793 1190 1837 ille
1202 1794 1380 1854 quidem
1398 1793 1612 1850 discessit,
1638 1807 1766 1854 spem*

374 1881 523 1916 tamen
544 1868 751 1912 divitibus
769 1865 978 1910 Dominus
1000 1862 1136 1908 dedit.
1167 1866 1274 1909 Nam
1293 1863 1777 1924 contristatiDiscipulil=
1809 1899 1815 1928 ἓ

375 1942 593 1993 dixerunt,
610 1948 652 1982 et
666 1938 872 1991 Quisnam
891 1943 1032 1994 potest
1054 1934 1194 1978 salvus
1217 1935 1336 1979 fieri?
1355 1954 1374 1977 «
1397 1935 1639 1995 Respondit
1660 1935 1718 1980 eis
1741 1969 1752 1990 ,
1808 1971 1815 1988 ·,

377 2031 398 2055 »
434 2010 567 2065 Quod
589 2008 839 2053 hominibus
868 2004 1132 2065 impossibile
1152 2015 1237 2060 est,
1268 2005 1392 2050 facile
1414 2015 1476 2049 est
1494 2009 1596 2049 Deo.
1618 2024 1638 2047 n
1666 2008 1754 2050 Ha·

374 2084 482 2128 bent
503 2081 618 2125 enim
641 2088 684 2122 et
705 2077 857 2122 divites
874 2076 1106 2136 quemdam
1132 2076 1313 2120 modum
1336 2091 1461 2119 suum
1481 2111 1490 2130 ‚
1517 2085 1559 2120 et
1577 2088 1754 2136 accepei-

372 2161 478 2198 runt
499 2151 715 2196 canticum
740 2148 793 2191 de
818 2147 919 2191 Sion
935 2181 945 2200 ‚
963 2147 1178 2190 canticum
1200 2145 1359 2206 dequo
1378 2146 1610 2205 Apostolus
1633 2147 1750 2202 dicit,
1808 2183 1815 2210 «ἶ

376 2313 396 2336 >1
431 2307 573 2352 neque
596 2304 765 2349 sperare
784 2289 824 2330 in
848 2287 1013 2331 incerto
1031 2285 1277 2330 divitiarum
1296 2322 1306 2341 ‚
1339 2287 1414 2330 sed
1443 2288 1486 2330 in
1513 2290 1599 2331 Deo
1621 2287 1720 2332 vivo
1737 2322 1749 2343 ,
1797 2312 1815 2354 '25

374 2385 395 2408 »
431 2365 505 2425 qui
529 2370 704 2422 praestat
725 2359 849 2404 nobis
871 2358 1016 2402 omnia
1052 2357 1328 2401 abundanter
1361 2357 1415 2402 ad
1454 2358 1702 2402 fruendum.
1728 2368 1755 2400 5›-
1787 2365 1808 2370 “’

371 2437 624 2495 Adjungens
645 2430 752 2492 quid
774 2430 961 2473 debeant
983 2443 1127 2486 agere,
1144 2430 1233 2488 jam
1252 2429 1387 2486 tangit
1405 2444 1613 2487 organum
1634 2464 1643 2484 ‚
1666 2443 1755 2473 non>
1783 2448 1786 2454 ’
1806 2450 1815 2494 5

370 2504 592 2565 suspendit
610 2522 618 2548 ε
646 2521 665 2545 «
685 2501 843 2547 Divites
858 2500 1001 2544 sintin
1020 2499 1223 2559 operibus
1237 2498 1375 2554 bonig'
1395 2499 1523 2543 facile
1542 2500 1746 2556 tribuant,

421 2599 429 2615 ¹
450 2590 562 2623 Matih.
583 2599 648 2630 xix,
672 2588 723 2620 16.

1751 2547 1758 2759 ,ἰ

1746 2763 1754 3027 1

1741 3036 1750 3253 ,¹

1790 3056 1796 3067 A

1794 3087 1795 3094 1

1792 3210 1795 3220 i

1790 3221 1795 3253 1
