1815 3253
466 232 709 263 Eunu-1¹10
740 236 787 263 nv
818 234 1022 264 PsALMUM
1052 236 1191 266 chv1.
1423 227 1507 268 515

118 314 175 344 ne
194 307 402 359 putarent
420 299 586 361 aliquid
619 300 674 346 de
696 317 774 347 suo
796 301 960 347 donare
975 337 987 358 ‚
1024 320 1045 346 «
1069 303 1236 363 Dignus
1267 313 1332 350 est
1357 305 1476 350 enim
1491 341 1505 363 ,

118 386 142 412 »
175 369 341 430 inquit,
366 371 587 431 operarius
609 371 810 417 mercede
831 387 908 416 sua
925 374 957 417 1.
982 390 1003 414 »

171 440 316 484 XVII.
343 443 511 501 Itaque,
535 440 705 498 fratres,
729 442 936 503 quoniam
950 443 1134 502 contigit
1142 444 1234 504 jam
1255 458 1308 488 ex
1327 445 1408 489 ista
1425 460 1495 490 oc-

111 510 284 555 'casione
305 511 469 572 aliquid
488 511 610 573 loqui
631 513 754 558 vobis
770 515 898 572 (15),
914 515 1102 568 maxime
1121 515 1223 575 quia
1243 514 1468 576 loquimur
1480 551 1492 572 ,

111 579 215 626 talia
237 597 316 627 nos
337 598 426 628 non
447 594 691 644 quaerentes
709 601 732 628 a
752 584 897 640 vobis,
918 593 961 629 et
976 584 1076 629 ideo
1089 585 1268 630 liberius
1279 585 1462 631 dicimus
1483 605 1493 632 :

112 652 189 696 sed
207 652 286 696 etsi
317 668 610 713 quaereremus
626 690 637 710 ,
661 655 857 700 fructum
886 664 1081 700 vestrum
1109 671 1404 717 quaereremus
1419 692 1430 713 ,
1457 665 1501 700 et

111 737 202 767 non
222 732 382 769 vestras
401 739 504 784 opes
523 760 534 780 ,
561 725 637 770 sed
652 734 840 770 vestram
856 726 1069 786 justitiam
1086 745 1095 772 z
1112 735 1260 771 tamen
1280 727 1497 772 admoneo

111 792 322 850 breviter,
346 796 553 856 quoniam
570 797 656 857 jam
669 795 808 841 multa
824 796 1026 852 diximus,
1046 807 1090 842 et
1102 796 1340 858 aliquando
1357 813 1500 844 sermo

111 862 329 909 finiendus
351 875 437 924 est,
462 866 494 910 si
516 867 648 912 vultis
671 882 762 912 non
797 881 888 912 esse
913 867 1102 924 steriles,
1126 876 1177 912 ut
1207 867 1397 914 reddatis
1424 884 1505 929 pro

110 930 259 993 pluvia
272 934 620 994 foecunditatem,
632 947 687 983 rie
703 937 937 983 damnetur
949 948 1098 998 postea
1114 939 1315 984 sterilitas
1331 950 1500 986 vestra:

111 1006 336 1061 (Minatur
357 1009 472 1053 enim
489 1012 603 1054 Deus
620 1018 748 1054 terrae
766 1009 903 1054 sterili
918 1019 961 1054 et
972 1011 1156 1070 spinosae
1177 1011 1322 1070 ignem
1335 1014 1374 1067 ²,
1392 1012 1504 1056 sicut

110 1072 348 1122 fructuosae
377 1078 584 1123 horreum
606 1082 773 1138 parat.)
790 1080 949 1124 efficite
970 1089 1020 1125 ut
1049 1095 1122 1126 vos
1152 1082 1266 1141 ipsos
1300 1082 1501 1140 exigatis,

111 1147 333 1191 efficimini
356 1157 572 1193 exactores
589 1150 736 1193 vestri.
763 1150 961 1194 Christus
980 1150 1137 1194 tacitus
1159 1152 1293 1210 exigit
1319 1170 1327 1195 :
1348 1161 1392 1195 et
1412 1166 1508 1196 ma·-

104 1217 174 1277 jor
196 1227 260 1263 est
293 1234 376 1263 vox
398 1220 607 1274 tacentis,
645 1219 748 1279 quia
777 1219 825 1263 in
847 1218 1086 1277 Evangelio
1120 1236 1211 1265 non
1248 1229 1377 1265 tacet.
1415 1223 1514 1267 Non

111 1289 228 1332 enim
255 1304 357 1334 vere
386 1298 528 1345 tacet,
565 1303 665 1334 cum
702 1288 808 1333 dicit
827 1324 838 1344 ,
879 1307 899 1331 α
930 1289 1077 1334 Facite
1103 1291 1228 1335 vobis
1261 1291 1422 1336 amicos
1455 1291 1511 1336 de

114 1376 137 1401 »
169 1374 419 1405 mammona
440 1360 682 1421 iniquitatis
699 1395 710 1415 ,
735 1369 786 1404 ut
806 1369 848 1405 et
860 1360 941 1419 ipsi
956 1361 1168 1420 recipiant
1185 1377 1261 1407 vos
1277 1363 1324 1406 in
1341 1372 1505 1407 aeterna

112 1448 134 1472 n
168 1430 452 1476 tabernacula
466 1433 499 1475 ³.
537 1449 558 1472 »
590 1433 689 1477 Non
722 1439 837 1475 tacet
870 1430 961 1490 ipse
976 1466 988 1486 ,
1021 1431 1170 1477 audite
1205 1447 1360 1478 vocem
1390 1435 1498 1493 ejus.

108 1505 247 1548 Nemo
267 1503 383 1547 enim
403 1519 480 1548 vos
501 1511 643 1562 potest
661 1502 832 1560 exigere
858 1520 868 1546 z
895 1502 977 1546 nisi
1000 1502 1115 1547 forte
1140 1504 1363 1549 exactione
1394 1519 1505 1564 opus

110 1584 196 1631 est,
216 1583 268 1619 ut
288 1575 366 1635 qui
398 1573 523 1619 vobis
540 1574 588 1617 in
623 1572 864 1633 Evangelio
898 1573 1116 1630 serviunt,
1141 1582 1293 1634 petant
1320 1591 1344 1619 a
1363 1575 1504 1620 vobis.

111 1645 155 1691 Si
182 1645 238 1690 ad
257 1646 342 1690 hoc
361 1654 545 1690 ventum
566 1644 722 1699 fuerit,
755 1652 807 1688 ut
828 1652 1003 1703 petant,
1026 1644 1175 1689 videte
1197 1660 1253 1689 ne
1284 1645 1407 1705 quod
1427 1661 1504 1691 vos

110 1730 135 1760 a
154 1718 246 1761 Deo
267 1714 413 1775 petitis
425 1750 436 1768 ,
456 1713 617 1758 frustra
639 1714 808 1773 petatis,
826 1716 943 1772 Ergo
965 1721 1336 1780 estoteexactores
1352 1717 1501 1771 vestri,

109 1800 166 1830 ne
189 1784 353 1846 aliquid
366 1783 430 1828 illi
451 1783 529 1844 qui
548 1783 672 1829 vobis
695 1783 741 1827 in
768 1781 1007 1841 Evangelio
1042 1784 1259 1839 serviunt,
1289 1799 1382 1830 non
1402 1785 1502 1830 dico

110 1863 262 1914 petere·
279 1863 514 1914 cogantur,
540 1869 643 1897 nam
664 1852 779 1898 forte
799 1866 880 1896 nec
901 1851 1041 1897 coacti
1062 1860 1248 1911 petunt3
1272 1852 1350 1897 sed
1365 1868 1422 1898 ne
1441 1854 1504 1898 si·

110 1923 247 1969 lentio
265 1940 343 1969 vos
365 1932 565 1983 arguant.
597 1921 724 1967 Unde
759 1922 970 1981 scriptum
992 1930 1077 1978 est,
1111 1940 1133 1965 «
1156 1926 1314 1967 Beatus
1334 1924 1504 1983 quiin-

114 2013 136 2038 »
169 1995 326 2054 telligit
344 2009 474 2054 super
494 2008 683 2054 egenum
703 2002 748 2038 et
763 1994 1043 2053 pauperem4.
1058 2011 1081 2036 n
1099 1995 1214 2040 Cum
1230 1994 1356 2051 dicit,
1381 1996 1505 2049 «Qui

114 2082 137 2107 »
169 2064 375 2125 intelligit
391 2079 520 2124 super
542 2079 732 2124 egenum
768 2072 812 2108 et
839 2078 1098 2123 pauperem,
1119 2081 1141 2105 η
1179 2079 1270 2108 non
1306 2075 1506 2125 expectat

110 2144 162 2180 ut
182 2144 314 2193 petat.
339 2135 539 2194 Intellige
560 2149 690 2196 super
704 2134 847 2179 illum.
878 2133 1000 2178 Alius
1023 2143 1066 2178 te
1087 2134 1246 2194 quaerit
1273 2135 1497 2195 indigens,

113 2205 248 2250 alium
270 2214 320 2250 tu
351 2205 483 2250 debes
513 2219 708 2265 quaerere
743 2203 1030 2263 indigentem.
1066 2206 1315 2265 Utrumque
1337 2204 1505 2250 dictum

114 2287 201 2333 est,
226 2276 378 2321 fratres
399 2275 486 2320 mei
511 2294 520 2320 z
545 2284 612 2330 et,
642 2275 812 2318 «Omni
833 2274 999 2334 petenti
1021 2283 1064 2318 te
1085 2274 1142 2318 da
1155 2276 1193 2330 ⁵,
1216 2293 1238 2316 »
1259 2275 1392 2321 modo
1413 2276 1506 2322 lec-

113 2355 211 2392 tum
227 2356 292 2392 est
315 2367 326 2392 ι
351 2355 394 2391 et
416 2346 499 2391 alio
516 2346 614 2390 loco
638 2345 860 2404 Scriptura
882 2344 1010 2396 dicit,
1030 2361 1051 2385 «
1069 2342 1206 2388 Sudet
1223 2344 1500 2404 eleemosyna

118 2435 140 2460 n
174 2418 221 2462 in
242 2432 377 2461 manu
398 2425 495 2472 tua,
520 2429 751 2476 quousque
773 2414 964 2459 invenias
979 2414 1173 2473 justum,
1197 2414 1270 2458 cui
1286 2429 1383 2459 eam
1408 2424 1500 2460 tra-

169 2521 178 2536 ¹
197 2515 277 2546 Luc.
304 2524 336 2555 X,
357 2524 389 2555 7,
409 2513 442 2546 8.
463 2529 505 2537 -—-
524 2519 538 2536 ²
565 2511 663 2544 IIebr.
684 2522 730 2553 w,
758 2521 791 2552 7,
810 2509 843 2543 8.
866 2526 907 2533 -
927 2507 942 2533 3
959 2510 1036 2542 Luc.
1058 2520 1130 2551 xvi,
1145 2520 1179 2552 9.
1200 2526 1241 2532 —
1263 2507 1280 2539 4
1298 2510 1377 2543 Psal.
1397 2522 1449 2554 x1.,
1475 2521 1507 2546 2.

126 2585 167 2592 -
192 2567 208 2592 ⁵
227 2570 304 2601 Luc.
325 2578 368 2609 vi,
392 2567 445 2599 30.

1237 2619 1303 2660 33.
