1815 3253
404 229 647 266 ENARRATLO
678 234 725 261 IN
758 230 961 266 PsALMUM
993 234 1142 261 cxmn.
1373 219 1459 263 443

69 299 269 355 locutum
292 307 356 345 est
387 313 432 344 os
452 312 603 342 eorum
621 333 632 353 ,
658 307 702 343 et
723 314 823 361 quae
846 297 1022 343 dextera
1045 312 1197 344 eorum
1221 297 1461 358 iniquitatis

71 379 134 416 est
156 368 360 414 dextera?
382 367 518 423 Audi,
549 388 568 411 «
594 371 789 422 Quorum
821 368 895 412 filii
917 369 1111 434 ipsorum
1133 367 1255 411 velut
1278 367 1462 413 novellae

72 458 93 491 ῃ
129 438 416 486 constabilitas
436 455 458 483 a
485 440 717 499 juventute
738 456 813 485 sua
838 458 847 484 t
872 439 972 483 filiae
994 455 1147 484 eorum
1176 440 1429 500 compositae
1447 475 1458 495 ,

72 529 93 553 »
128 520 171 556 et
193 519 357 556 ornatae
379 510 490 554 sicut
522 509 761 556 similitudo
783 509 936 571 templi
964 530 972 554 :
998 509 1171 554 cellaria
1193 524 1345 554 eorum
1368 510 1462 569 ple-

71 599 93 626 »
127 598 182 626 na
198 617 209 636 ,
235 580 477 626 eructantia
500 596 550 625 ex
571 582 655 626 hoc
689 582 731 625 in
754 581 867 626 hoc:
900 596 1000 625 oves
1029 595 1178 624 eorum
1207 579 1458 636 foecundae,

69 671 91 694 n
126 651 466 712 multiplicantes
490 652 533 695 in
566 652 806 712 egressibus
829 652 943 709 suis3
972 650 1106 700 boves
1128 666 1279 700 eorum
1314 651 1456 696 crassi.

69 741 91 765 »
125 725 223 768 Non
248 732 309 767 est
332 722 457 767 ruina
479 723 589 782 sepis
607 757 618 778 ,
643 738 724 767 nec
748 722 888 766 exitus
908 756 918 775 ‚
944 737 1088 782 neque
1111 720 1275 775 clamor
1297 721 1343 765 in
1365 721 1461 781 pla—

69 811 90 835 »
126 794 204 838 teis
237 796 434 839 eorum1.
477 812 496 835 »
530 797 646 853 Ergo
674 809 765 837 non
803 801 867 837 est
899 791 978 836 ista
999 790 1210 836 felicitas?
1235 795 1460 850 Interrogo

66 863 176 908 filios
198 865 320 923 regni
343 863 580 920 coelorum,
614 864 835 922 interrogo
858 863 1111 923 progeniem
1134 863 1460 911 resurrectionis

65 935 111 979 in
145 944 383 990 aeternum,
417 935 639 994 interrogo
663 950 819 994 corpus
842 934 1030 990 Christi,
1057 935 1251 982 membra
1269 935 1457 989 Christi,

65 1005 279 1065 templum
302 1005 381 1050 Dei
408 1025 416 1050 :
450 1008 566 1064 Ergo
601 1022 690 1050 non
727 1016 790 1050 est
827 1005 906 1050 ista
929 1004 1111 1050 felicitas
1129 1041 1140 1062 ,
1166 1005 1327 1051 habere
1350 1005 1461 1055 filios

64 1076 304 1121 incolumes
319 1112 330 1129 ,
361 1075 470 1121 filias
493 1085 690 1132 ornatas,
717 1076 847 1136 plena
870 1075 1066 1132 cellaria,
1092 1076 1362 1133 abundantia
1380 1092 1460 1136 pe-

65 1163 165 1200 cora
181 1183 192 1203 ,
217 1147 384 1191 nullam
415 1147 587 1201 ruinam
608 1183 618 1202 ,
643 1163 733 1203 non
754 1146 852 1192 dico
885 1147 1059 1207 parietis
1080 1182 1091 1202 ,
1116 1146 1192 1190 sed
1213 1162 1294 1192 nec
1316 1147 1426 1207 sepis
1447 1168 1458 1205 3

0 1237 2 1241 ·
64 1217 238 1270 nullum
260 1217 502 1263 tumultum
525 1228 568 1262 ct
589 1217 825 1263 clamorem
848 1218 892 1262 in
917 1217 1069 1277 plateis
1087 1253 1097 1272 ,
1134 1217 1207 1261 sed
1238 1218 1431 1278 quietem
1446 1253 1457 1274 ‚

0 1306 2 1310 ’
63 1305 216 1349 pacem
236 1324 247 1345 ,
275 1289 616 1342 abundantiam,
642 1289 811 1348 copiam
839 1303 984 1332 rerum
1006 1288 1053 1332 in
1077 1288 1304 1342 domibus,
1331 1287 1376 1332 in
1399 1288 1461 1332 ci-

0 1376 2 1385 ·
64 1360 304 1405 vitatibus?
342 1363 458 1419 Ergo
496 1376 586 1405 non
619 1369 682 1404 est
715 1360 794 1404 ista
830 1359 1048 1404 felicitas?
1083 1370 1158 1405 aut
1180 1359 1342 1404 debent
1363 1375 1459 1404 eam

0 1462 2 1472 ·
57 1433 163 1494 justi
185 1431 422 1491 defugere?
444 1441 520 1476 aut
543 1448 632 1476 non
655 1432 822 1476 invenis
845 1441 888 1476 et
905 1430 1085 1476 domum
1103 1432 1210 1492 justi
1233 1432 1460 1476 abundan-

63 1511 151 1547 tem
176 1503 305 1547 rebus
331 1503 396 1546 his
426 1502 656 1558 omnibus,
682 1501 857 1562 plenam
880 1502 959 1545 ista
983 1499 1222 1546 felicitate?
1244 1504 1342 1547 Non
1364 1511 1456 1548 erat

63 1573 218 1618 domus
253 1573 438 1618 Abrahae
463 1572 690 1617 abundans
717 1588 824 1617 auro
840 1608 850 1627 ‚
872 1581 1053 1631 argento
1070 1607 1080 1627 ,
1101 1571 1198 1616 filiis
1216 1607 1228 1628 ,
1263 1572 1424 1616 familia
1443 1607 1454 1629 ,

0 1652 5 1661 ¹
61 1643 292 1704 pecoribus
305 1645 352 1687 ²?
372 1646 528 1688 Nonne
550 1643 687 1687 Jacob
704 1652 878 1688 sanctus
896 1642 1141 1702 patriarcha
1164 1641 1334 1701 fugiens
1353 1659 1376 1687 a
1395 1642 1459 1687 fa—

0 1722 6 1733 “
62 1707 127 1758 cie
155 1715 271 1758 Esaii
301 1713 443 1758 fratris
479 1713 544 1758 sui
565 1714 612 1757 in
634 1714 993 1773 Mesopotamiam
1009 1748 1020 1769 ,
1046 1714 1235 1758 serviens
1267 1712 1455 1770 ditatus,

0 1802 9 1812 ·
60 1799 278 1844 regressus
304 1794 390 1841 est,
426 1793 470 1828 et
501 1785 588 1842 egit
625 1784 780 1842 gratias
820 1785 1006 1843 Domino
1035 1787 1126 1828 Deo
1146 1799 1247 1839 suo,
1273 1784 1374 1844 quia
1413 1783 1459 1827 in

60 1856 179 1914 virga
216 1871 292 1904 sua
330 1855 499 1900 transiit
532 1855 746 1911 fluvium,
785 1863 830 1898 et
866 1870 1083 1914 regressus
1116 1864 1181 1899 est
1214 1870 1314 1899 cum
1339 1864 1459 1898 tanta

0 1920 7 1929 ¹
62 1926 332 1971 abundantia
350 1942 557 1986 pecorum
575 1935 706 1987 atque
728 1926 918 1971 filiorum
933 1927 979 1970 3?
997 1925 1109 1980 Quid
1127 1926 1345 1971 dicimus?
1367 1942 1459 1971 non

60 2007 125 2049 est
140 1998 219 2042 ista
238 1997 451 2042 felicitas?
470 1997 533 2042 Sit
555 1996 674 2054 licet,
700 1998 776 2042 sed
798 1997 982 2042 sinistra.
1003 1997 1121 2051 Quid
1144 2007 1207 2042 est
1221 2033 1232 2054 ,
1256 1998 1458 2042 sinistra?

63 2067 331 2129 Temporalis
347 2104 358 2124 ,
392 2067 588 2113 mortalis
606 2104 617 2124 ‚
651 2068 902 2128 corporalis.
927 2068 1039 2114 Nolo
1073 2068 1193 2112 illam
1211 2069 1303 2129 jam
1320 2068 1460 2122 diffu-

62 2139 150 2198 gias
169 2175 181 2195 ‚
217 2138 293 2183 sed
311 2155 456 2200 neque
473 2141 694 2184 dexteram
724 2149 865 2200 putes.
891 2141 991 2184 Non
1013 2139 1129 2183 enim
1152 2139 1223 2193 isti
1243 2138 1343 2184 ideo
1364 2155 1460 2184 ma-

1 2229 12 2239 ·
61 2209 189 2270 ligni,
215 2211 314 2257 ideo
334 2211 437 2256 vani
455 2248 465 2267 ,
493 2213 594 2272 quia
613 2211 681 2256 his
703 2210 991 2256 abundabant
1012 2230 1022 2256 ε
1043 2210 1119 2255 sed
1144 2211 1247 2272 quia
1270 2209 1317 2255 id
1338 2210 1461 2272 quod

62 2281 283 2327 sinistrum
310 2297 400 2326 esse
429 2281 610 2337 debuit,
638 2282 684 2326 in
717 2281 891 2326 dextera
923 2281 1164 2342 ponebant.
1206 2281 1314 2326 Ideo
1350 2300 1371 2324 «
1403 2284 1461 2326 Et

63 2369 85 2405 >2
120 2351 296 2397 dextera
323 2368 476 2397 eorum
498 2351 674 2396 dextera
694 2352 935 2414 iniquitatis
958 2373 969 2410 3
997 2370 1018 2393 »
1044 2351 1144 2396 ideo
1170 2370 1191 2394 «
1224 2352 1282 2395 Os
1306 2367 1460 2406 eorum

65 2439 86 2464 »
119 2422 318 2467 locutum
353 2432 417 2468 est
439 2423 680 2467 vanitatem
707 2442 715 2468 :
744 2441 765 2464 »
791 2423 894 2483 quia
916 2423 1001 2467 hoc
1022 2422 1069 2466 in
1095 2421 1274 2466 dextera
1297 2437 1459 2482 posue-

61 2502 191 2549 runt,
227 2493 349 2555 quod
377 2493 423 2538 in
444 2493 614 2538 sinistra
639 2493 800 2537 habere
834 2493 1101 2538 debuerunt.
1132 2492 1250 2546 Quid
1271 2493 1389 2537 enim
1410 2493 1456 2537 in

110 2582 120 2599 ¹
142 2575 227 2609 Psal.
246 2587 354 2619 cxmu,
376 2575 495 2619 12-14.
512 2594 554 2600 —
573 2583 587 2600 ²
608 2579 687 2611 Gen.
706 2587 769 2619 xn,
789 2576 823 2619 5,
838 2580 873 2609 et
891 2587 961 2619 xm,
977 2585 1012 2610 2.
1033 2593 1075 2600 —
1099 2574 1113 2601 3
1132 2576 1179 2610 Id.
1199 2587 1289 2618 xxxi,
1313 2575 1365 2608 18.
