1815 3253
401 205 641 235 ENARRA'MO
673 209 717 235 lN
752 207 953 235 rsALMUM
985 209 1125 234 cxmv.
1344 191 1429 231 449

51 283 153 327 tuo,
185 273 332 317 audies
362 272 579 317 dicentem
610 273 910 332 scripturam:
951 291 969 313 «
1005 270 1226 315 Delectare
1258 269 1304 313 in
1339 272 1431 313 Do-

51 360 72 385 »
107 344 266 388 mino&
296 360 315 384 »
344 345 481 387 Tanto
503 343 669 387 firmius
699 343 928 402 gaudebis,
955 351 1120 400 quanto
1143 349 1207 383 est
1234 339 1307 383 1110
1339 339 1432 382 eer-

47 413 132 458 tior
160 414 205 457 in
227 429 316 473 quo
339 411 561 472 gaudebis.
586 414 627 458 Si
660 414 776 457 enim
810 410 970 470 gaudes
1002 411 1056 454 de
1078 425 1260 454 nummo
1275 443 1286 463 ,
1308 409 1433 452 times

49 481 189 529 furem
207 504 216 528 ε
241 484 275 528 si
298 493 444 528 autem
465 483 625 541 gaudes
642 483 696 527 de
714 487 820 537 Deo,
838 481 947 542 quid
970 482 1124 524 times?
1140 482 1203 525 Ne
1223 479 1304 523 tibi
1320 479 1435 539 quis-

48 570 180 614 quam
201 552 369 599 auferat
390 556 560 598 Deum?
583 558 722 600 Deum
746 553 827 597 tibi
848 567 978 596 nemo
1001 552 1192 605 auferet,
1213 550 1248 593 si
1265 559 1314 594 tu
1334 565 1436 592 eum

47 640 139 670 non
171 624 395 669 dimiseris.
420 627 518 670 Non
540 625 655 668 enim
675 625 733 668 sie
755 632 819 668 est
840 626 954 668 Deus
971 657 982 678 ‚
1007 620 1231 682 quomodo
1261 621 1336 664 lux
1356 621 1436 663 ista

48 695 104 740 de
132 696 246 741 coelo
282 696 471 755 fulgens.
508 698 605 742 Non
633 694 812 757 quando
832 693 1038 738 volumus
1059 691 1115 737 ad
1136 707 1232 736 eam
1263 689 1437 735 aceedi-

47 781 167 822 mus,
189 766 295 827 quia
316 782 407 811 non
426 767 474 810 in
495 767 615 812 omni
637 766 734 810 loco
755 764 888 810 lueet.
915 768 998 809 Per
1017 762 1315 807 infirmitatem
1336 775 1439 804 nos-

49 844 161 880 tram
197 835 311 881 forte
333 838 404 891 fit,
429 845 480 880 ut
511 837 669 894 hyeme
691 852 770 880 nos
793 835 981 879 delectet
1001 849 1091 879 esse
1122 833 1168 877 in
1189 833 1283 892 ipsa
1303 831 1402 875 luce
1430 849 1439 874 :

48 923 167 952 nunc
192 916 337 952 autem
361 923 437 966 per
459 917 651 952 aestatem
674 907 828 951 videtis
842 941 852 957 ‚
887 907 991 966 quia
1012 905 1147 963 magis
1171 919 1272 948 eum
1293 902 1442 947 locum

48 977 328 1037 quaesivimus
346 1012 357 1032 ‚
382 986 433 1022 ut
450 978 495 1020 in
518 978 608 1037 ipsa
637 978 735 1022 luce
752 992 844 1022 non
861 985 1088 1021 staremus,
1113 977 1166 1018 In
1182 977 1274 1018 Deo
1297 981 1443 1016 autem

50 1056 127 1092 tuo
154 1047 333 1108 quando
364 1057 474 1103 stas,
509 1057 553 1092 et
581 1048 627 1091 in
656 1048 821 1091 lumine
847 1047 1040 1091 veritatis
1070 1045 1161 1104 ejus
1184 1042 1411 1087 delectaris
1429 1077 1442 1096 7

49 1133 140 1162 non
171 1118 329 1178 quaeris
350 1117 499 1162 locum
521 1132 610 1177 quo
646 1116 702 1160 ad
725 1132 826 1161 eum
849 1117 1056 1172 accedas3
1081 1113 1159 1158 sed
1181 1111 1445 1157 conscientia

48 1187 242 1244 aceedit,
263 1187 524 1232 conscientia
547 1187 726 1231 recedit.
749 1187 877 1240 Quod
899 1186 1064 1229 dietum
1085 1193 1174 1228 est:
1194 1203 1214 1226 (ι
1240 1182 1444 1228 Accedite

49 1276 71 1300 »
106 1258 162 1303 ad
182 1274 306 1313 eum,
331 1267 374 1302 et
394 1258 740 1302 111111111111111111112
768 1277 776 1302 :
800 1276 820 1299 »
854 1257 1000 1300 animo
1030 1255 1199 1299 dictum
1232 1263 1319 1309 est,
1351 1268 1444 1297 non

45 1329 249 1375 vehiculo
271 1350 281 1386 3
302 1329 532 1373 affectibus
551 1328 719 1373 dietum
741 1337 805 1373 est
822 1363 833 1383 ‚
860 1342 950 1371 non
973 1326 1170 1386 pedibus.
1195 1328 1251 1369 Et
1273 1339 1374 1369 cum
1398 1323 1444 1366 in

47 1415 99 1445 eo
120 1400 254 1445 stabis
272 1435 283 1455 ,
304 1409 434 1444 aestus
456 1416 546 1444 11011
566 1400 753 1459 patieris.
791 1398 974 1458 Spiritus
997 1397 1114 1442 enim
1131 1396 1313 1456 spirabit
1335 1395 1414 1439 tibi
1429 1429 1441 1449 ‚

46 1480 90 1515 et
109 1470 191 1514 sub
213 1470 290 1515 alis
312 1472 348 1530 ej
358 1486 404 1514 us
426 1470 618 1530 sperabis
633 1472 666 1514 ³.

105 1545 182 1588 IV.
208 1543 340 1586 Vides
370 1558 473 1601 ergo
494 1542 658 1585 habere
679 1550 722 1585 te
751 1539 974 1601 quomodo
1009 1537 1235 1583 delecteris
1258 1552 1335 1596 per
1353 1536 1442 1580 sin-

48 1613 172 1672 gulos
194 1612 300 1657 dies.
331 1615 429 1658 Non
452 1612 569 1656 enim
590 1622 633 1657 te
655 1612 846 1656 dimittet
868 1614 982 1655 Deus
1004 1619 1129 1664 tuus,
1155 1609 1284 1652 etiam
1307 1608 1340 1650 si
1363 1606 1443 1650 ali-

47 1684 156 1743 quid
177 1684 298 1728 triste
321 1683 541 1728 acciderit.
569 1685 713 1736 Quam
736 1682 852 1725 enim
869 1681 991 1725 triste
1009 1688 1102 1723 erat
1117 1714 1128 1734 ‚
1154 1678 1276 1738 quod
1292 1686 1441 1721 saneto

47 1754 140 1798 viro
168 1754 252 1798 Job
284 1752 521 1797 acciderat!
565 1755 707 1806 Quam
745 1760 924 1811 repente
942 1786 952 1806 ‚
979 1765 1113 1811 quam
1134 1748 1275 1792 multa
1296 1747 1410 1791 mala
1431 1782 1443 1801 ‚

31 1821 421 1884 'quemadmodum
444 1823 589 1867 omnia
605 1822 660 1866 de
682 1822 844 1882 quibus
863 1819 1050 1879 gaudere
1074 1819 1335 1879 putabatur,
1353 1833 1445 1861 non

47 1894 283 1954 dequibus
314 1893 562 1952 gaudebat,
597 1892 776 1937 diabolo
814 1901 1012 1936 tentante
1053 1891 1275 1934 subtracta
1307 1891 1440 1932 sunt!

48 1964 422 2025 quemadmodum
442 1973 486 2007 et
507 1962 585 2006 filii
607 1962 769 2007 mortui
791 1971 893 2006 sunt
913 1963 921 2005 1
946 1961 1078 2006 Periit
1097 1959 1216 2021 quod
1240 1959 1443 2003 servaba-

50 2044 122 2080 tur
137 2071 147 2091 ,
166 2035 391 2095 perierunt
407 2033 567 2094 quibus
585 2034 838 2078 servabatur
854 2054 864 2089 3
889 2048 969 2077 nec
988 2042 1135 2077 tamen
1157 2031 1286 2091 periit
1306 2030 1384 2090 qui
1402 2038 1446 2072 et

49 2105 161 2150 illud
186 2114 230 2150 et
245 2105 341 2149 illos
359 2103 494 2148 dedit.
517 2107 574 2148 Et
594 2104 676 2163 ipsi
697 2104 774 2148 filii
791 2104 995 2163 praesenti
1016 2102 1178 2147 saeculo
1195 2101 1442 2161 perierunt,

50 2176 315 2236 agnoscendi
336 2185 379 2220 et
400 2174 638 2235 recipiendi
659 2175 706 2219 in
721 2175 892 2219 futuro.
920 2173 1000 2218 Ille
1021 2183 1171 2218 tamen
1188 2173 1255 2216 vir
1275 2172 1444 2216 habens

51 2247 171 2291 aliud
186 2246 306 2290 unde
324 2244 548 2304 gauderet,
566 2247 611 2289 in
623 2261 712 2305 quo
727 2260 879 2290 verum
901 2253 1008 2299 erat,
1029 2242 1151 2304 quod
1169 2241 1302 2288 modo
1320 2257 1443 2286 coni-

51 2317 388 2362 memoravimus
407 2351 418 2371 ,
447 2334 467 2357 «
488 2319 570 2359 Per
591 2316 783 2375 singulos
801 2316 891 2360 dies
914 2314 1170 2358 benedicam
1192 2323 1236 2357 te
1253 2333 1262 2357 ;
1278 2332 1298 2354 »
1315 2327 1444 2360 num-

51 2387 158 2449 quid
185 2387 288 2447 quia
312 2385 385 2430 ille
424 2385 540 2441 dies,
575 2401 665 2445 quo
692 2394 837 2430 totum
867 2385 1081 2445 perierat,
1119 2383 1249 2428 tristis
1271 2382 1439 2436 illuxit,

101 2492 110 2508 ¹
127 2485 208 2517 Psal.
229 2495 343 2523 xxxm,
358 2482 389 2526 4.
410 2500 453 2506 —
471 2489 484 2506 ²
505 2483 680 2524 Id.xxxn1‚
695 2482 728 2515 6.
746 2500 787 2506 -
805 2480 819 2506 ³
842 2483 889 2515 Id.
910 2493 962 2522 xc,
984 2481 1017 2524 4.

242 2560 366 2590 cxix.
1203 2548 1253 2584 29
