1815 3253
346 222 432 261 270
773 231 808 258 S·
842 228 1072 258 AUGUSTINI
1104 229 1286 257 EPISCOPI

340 297 534 343 tionibus
560 296 826 341 obruuntur.
851 295 936 348 Qui
965 310 1068 340 vero
1083 329 1094 350 ,
1122 304 1171 339 ut
1192 303 1339 355 aperte
1363 294 1542 340 dixerim
1564 304 1607 340 et
1627 296 1722 340 bre·
1763 308 1766 311 ·

339 368 471 422 viter,
496 365 686 410 multum
706 365 809 410 mali
845 373 969 420 sunt,
993 364 1039 407 in
1068 364 1210 409 medio
1241 364 1474 422 Babylonis
1507 374 1638 420 sunt,
1678 375 1722 410 et

336 437 454 496 ligna
481 436 666 492 sterilia,
698 445 910 496 tanquam
946 434 1094 480 salices
1130 434 1381 493 Babylonis.
1417 435 1604 488 Quando
1625 435 1722 480 illos

335 508 535 553 videmus
552 517 596 551 et
617 517 708 551 tam
731 506 894 551 steriles
916 521 988 551 eos
1009 505 1255 551 invenimus
1274 541 1286 561 ,
1322 515 1372 550 ut
1398 505 1575 550 difficile
1597 506 1723 554 nobis

339 587 544 638 appareat
564 578 609 621 in
623 578 682 622 eis
700 576 866 637 aliquid
883 575 1001 620 unde
1024 575 1188 635 possint
1204 575 1307 620 duci
1323 575 1380 620 ad
1392 575 1525 619 fidem
1542 585 1721 633 rectam,

337 648 409 693 vel
430 647 485 692 ad
509 648 624 692 bona
646 663 794 706 opera,
819 645 888 691 vel
912 645 968 690 ad
984 661 1104 705 spem
1121 643 1258 690 futuri
1275 646 1436 700 saeculi,
1451 646 1522 691 vel
1543 645 1598 691 ad
1615 662 1724 692 con-

340 719 650 779 cupiscentiam
671 717 940 761 liberationis
959 733 983 761 a
997 717 1246 776 captivitate
1267 716 1564 775 mortalitatis3
1586 718 1725 776 Scrip-

340 800 458 834 turas
484 789 684 834 novimus
698 824 709 844 ‚
730 804 837 848 quas
859 788 917 833 eis
940 787 1136 832 dicamus
1162 806 1171 832 ε
1195 788 1272 832 sed
1292 787 1395 848 quia
1413 787 1585 833 nullum
1603 787 1725 834 fruc-

343 869 436 904 tum
457 860 503 902 in
525 860 584 903 eis
606 859 874 912 invenimus,
911 857 1056 912 unde,
1086 857 1366 917 incipiamus,
1407 858 1639 906 avertimus
1670 858 1725 906 ab
1743 903 1755 908 ,.
1783 869 1791 890 *

338 930 439 990 ipsis
453 929 610 974 faciem
625 963 636 983 ‚
657 938 700 973 et
721 927 906 973 dicimus
931 947 940 972 ε
961 927 1120 973 Adhuc
1140 927 1209 971 isti
1231 943 1320 972 non
1337 928 1527 987 sapiunt,
1552 944 1642 973 non
1658 944 1728 973 ca-

339 1003 499 1061 piunt3
523 998 740 1060 quidquid
762 998 844 1043 illis
875 998 1131 1054 dixerimus,
1164 999 1387 1044 sinistrum
1420 1008 1464 1043 et
1496 998 1728 1049 adversum
1785 1028 1789 1044 .

338 1071 583 1116 habebunt.
609 1073 723 1128 Ergo
744 1069 990 1114 differendo
1014 1069 1128 1114 circa
1157 1084 1229 1113 eos
1254 1069 1495 1128 Scripturas
1511 1104 1523 1124 ,
1547 1084 1729 1128 suspen·
1780 1097 1789 1122 r

341 1143 484 1187 dimus
505 1141 672 1199 organa*
687 1149 833 1185 nostra
855 1141 902 1188 in
922 1139 1122 1185 salicibus
1140 1159 1148 1185 z
1168 1156 1257 1184 non
1282 1140 1399 1184 enim
1421 1140 1575 1199 dignos
1596 1140 1729 1185 habe·
1772 1129 1789 1243 ’ἡ
1803 1147 1815 1175 Π

343 1228 439 1257 mus
454 1247 465 1266 ‚
503 1212 578 1271 qui
616 1226 777 1269 organa
817 1219 962 1254 nostra
999 1220 1187 1269 portent.
1213 1213 1311 1255 Non
1333 1227 1436 1270 ergo
1471 1212 1530 1255 eis
1569 1226 1728 1269 organa
1778 1217 1815 1267 εΗ

343 1291 489 1327 nostra
505 1279 737 1325 inserendo
759 1279 985 1338 alligamus
1005 1314 1015 1333 ‚
1038 1280 1114 1323 sed
1139 1280 1385 1330 differendo
1406 1280 1724 1340 suspendimus.
1771 1245 1783 1326 l
1804 1275 1812 1316 J

345 1351 502 1397 Salices
516 1350 632 1394 enim
654 1358 756 1393 sunt
775 1347 1026 1406 Babyloniae
1043 1348 1159 1406 ligna
1175 1349 1461 1405 infructuosa,
1481 1360 1602 1410 pasta
1621 1359 1728 1394 tem·
1775 1375 1786 1402 ῃ
1805 1362 1813 1383 >>

341 1420 565 1482 poralibus
588 1418 908 1478 voluptatibus,
936 1427 1145 1477 tanquam
1173 1419 1428 1463 fluminibus
1454 1419 1725 1477 Babyloniae.
1775 1406 1815 1475 'td

401 1493 500 1535 Vll.
522 1492 579 1534 Et
600 1487 744 1533 videte
770 1488 805 1531 si
826 1503 913 1532 non
937 1488 1020 1531 hoc
1038 1488 1234 1548 sequitur
1252 1488 1447 1533 Psalmus
1473 1508 1482 1533 ε
1511 1508 1532 1532 «
1554 1492 1606 1533 In
1625 1489 1729 1534 sali-
1768 1478 1785 1545 ᾗ

345 1580 365 1604 »
400 1560 521 1605 cibus
540 1595 551 1614 ‚
573 1558 717 1619 inquit
733 1593 743 1612 ‚
774 1558 820 1601 in
841 1557 986 1602 medio
1007 1558 1097 1617 ejus
1128 1558 1428 1617 suspendimus
1449 1575 1610 1618 organa
1633 1575 1729 1604 nos·
1783 1553 1784 1557 ¹

345 1651 366 1674 »
402 1641 483 1675 tra.
506 1631 723 1683 Quoniam
741 1628 801 1672 ibi
817 1629 1194 1686 interrogaverunt
1207 1644 1284 1673 nos
1299 1631 1376 1688 qui
1390 1630 1583 1688 captivos
1599 1630 1728 1680 duxe-

348 1723 366 1746 »
402 1711 507 1747 runt
527 1716 628 1754 nos,
665 1699 794 1744 verba
826 1699 1124 1756 canticorum3
1155 1699 1292 1758 etqui
1319 1700 1600 1745 abduxerunt
1619 1716 1725 1756 nos,

346 1793 367 1816 »
402 1775 620 1830 hymnum
636 1773 649 1797 ²
673 1791 681 1815 ε
711 1788 730 1810 »
757 1770 979 1824 subaudis,
997 1789 1017 1812 «
1035 1773 1421 1828 Interrogaverunt
1441 1787 1565 1816 nos.»
1584 1772 1728 1818 Verba

344 1844 613 1888 canticorum
635 1850 678 1884 et
693 1841 909 1897 hymnum
932 1840 1310 1897 interrogaverunt
1329 1856 1423 1892 nOS‚
1443 1841 1519 1901 qui
1536 1842 1728 1900 captivos

344 1914 566 1958 duxerunt
588 1926 680 1954 nos.
707 1910 788 1963 Qui
815 1925 893 1954 nos
920 1908 1138 1953 duxeruut
1166 1909 1380 1968 captivos,
1406 1909 1583 1954 fratres?
1609 1913 1728 1964 Quos

344 1983 553 2027 sensimus
579 1979 814 2039 aliquando
842 1979 1129 2038 captivatores
1163 1981 1364 2022 nostros?
1391 1980 1529 2023 Sensit
1550 1979 1728 2038 quidem

343 2053 417 2096 illa
444 2050 684 2096 Jerusalem
708 2049 993 2106 Babylonios,
1020 2052 1187 2103 Persas,
1214 2048 1465 2104 Chaldaeos,
1490 2058 1533 2093 et
1553 2049 1728 2094 illarum

347 2122 543 2181 gentium
567 2130 609 2164 et
631 2120 855 2177 regionum
877 2118 1074 2162 homines
1109 2119 1393 2176 captivatores
1425 2134 1524 2163 suos
1550 2138 1558 2164 z
1580 2129 1623 2163 et
1644 2120 1728 2164 hoc

343 2201 519 2251 postea,
545 2205 648 2247 ‚non
676 2188 853 2248 quando
888 2188 956 2232 isti
991 2186 1149 2231 Psalmi
1182 2188 1488 2232 cantabantur.
1528 2188 1613 2233 Sed
1637 2190 1727 2249 jam

345 2262 532 2307 diximus
555 2260 765 2304 Charitati
793 2261 954 2303 Vestrae
981 2258 1125 2302 omnia
1149 2275 1248 2317 quae
1271 2259 1512 2304 secundum
1538 2259 1728 2304 litteram
1762 2264 1763 2267 ’

344 2334 392 2377 in
415 2332 487 2376 illa
519 2332 690 2376 civitate
721 2329 1063 2388 contingebant,
1100 2330 1260 2388 figuras
1291 2341 1457 2375 nostras
1488 2330 1618 2376 fuisse
1645 2350 1654 2377 :
1684 2341 1728 2376 et

344 2402 470 2448 facile
488 2410 629 2461 potest
651 2399 939 2444 demonstrari
961 2400 1151 2458 captivos
1166 2416 1244 2445 nos
1260 2416 1362 2445 esse.
1390 2404 1487 2446 Non
1502 2402 1616 2446 enim
1635 2417 1726 2446 res-
1760 2403 1763 2434 ἵ

345 2474 537 2534 piramus
557 2472 647 2531 jam
669 2471 715 2514 in
738 2485 863 2515 auras
883 2468 998 2515 illius
1019 2469 1231 2515 libertatis
1253 2490 1262 2516 :
1285 2486 1376 2517 non
1406 2472 1520 2516 enim
1537 2471 1726 2517 fruimur

1809 301 1815 363 l

1807 372 1815 400 ι

1807 436 1813 470 1

1807 506 1813 541 l

1806 568 1815 610 t}

1807 654 1815 696 (1

1805 724 1814 751 e

1805 783 1815 823 1

1805 865 1815 893 r

1805 936 1815 964 c,

1804 990 1815 1034 la

1804 1077 1815 1104 [Ι

1805 1503 1813 1525 >J

1793 2406 1813 2451 eis

1794 2495 1800 2517 u
1812 2480 1815 2523 j

393 2564 403 2581 ¹
424 2557 507 2590 Psal.
523 2566 650 2598 cxxxvi,
669 2554 701 2587 3.
