1815 3253
377 221 461 257 322
814 230 847 258 s.
882 231 1113 260 Aneusnm
1145 235 1326 263 Erlscom

374 306 471 339 mus
503 294 664 339 habere
693 294 818 340 aliam
854 312 989 356 spem.
1013 299 1212 343 Promisit
1229 335 1240 354 ‚
1273 300 1425 344 fratres
1443 334 1454 355 ,
1491 315 1625 360 quare
1647 312 1771 358 gau-‘

374 365 540 421 deatis‚'
562 364 729 411 fructus
745 365 875 411 facite
893 367 1022 426 positi
1043 368 1089 411 in
1111 368 1194 413 alia
1216 368 1420 429 spellam
1442 386 1532 414 non
1553 370 1752 414 novimus
1802 399 1803 402 =

374 435 538 480 malum
556 437 638 480 nisi
660 436 883 481 offendere
905 441 1043 481 Deum
1062 473 1073 492 ,
1095 448 1139 483 et
1163 454 1252 483 nou
1268 440 1449 499 perduci
1471 439 1526 484 ad
1549 439 1622 484 illa
1654 450 1753 499 quae

375 506 572 566 promisit
591 527 602 564 3
640 522 721 551 nec
743 508 940 552 novimus
963 508 1129 552 bonum
1159 509 1238 552 nisi
1260 511 1494 568 promereri
1516 514 1655 555 Deum
1673 545 1684 564 ‚
1712 520 1755 554 e't
1790 532 1792 551 ι

374 576 554 636 perduci
572 577 628 621 ad
645 577 717 621 ina
740 593 839 637 quae
862 578 1090 636 promittit.
1116 579 1228 631 Quid
1255 579 1328 624 flia
1352 582 1465 624 bona
1494 580 1649 624 mundi
1670 581 1755 624 hu·
1787 553 1793 670 ἶ

1786 671 1791 731 ,¹

369 647 440 706 jus
461 681 473 702 ‚
505 656 549 690 et
585 646 697 690 mala
733 646 886 690 mundi
925 648 1088 706 hujus?
1128 648 1431 694 indifferenter
1471 650 1706 694 habeamus
1742 668 1751 694 ε

375 716 476 777 quia
492 717 582 776 jam
614 717 800 775 suscepti
833 717 888 760 ab
913 726 1037 761 utero
1072 717 1187 762 illius
1208 720 1360 763 matris
1376 729 1534 763 nostrae
1575 720 1754 764 indiffe-
1787 734 1789 750 ¹

376 795 521 831 renter
560 801 609 829 ea
646 785 884 842 habentes,
925 785 1105 830 dicimus
1136 807 1145 832 ;
1187 806 1206 829 «
1246 789 1364 833 Sicut
1404 789 1597 833 tenebrae
1634 789 1767 849 ejus,⁴

377 877 397 900 »
433 859 492 902 sic
511 866 555 901 et
577 857 725 900 lumen
742 857 877 917 ejus.»
893 859 982 902 Nec
1000 856 1180 901 felicitas
1198 857 1345 902 saeculi
1367 875 1445 903 nos
1467 857 1569 903 facit
1587 859 1752 916 beatos,
1783 876 1787 913 2

374 943 455 972 nec
478 927 709 972 adversitas
736 927 927 970 miseros.
960 928 1080 986 Opus
1103 937 1166 971 est
1184 929 1394 987 justitiam
1421 938 1568 973 tenere
1585 964 1596 984 ,
1622 928 1753 973 fidem
1782 919 1787 1004 i

373 999 576 1059 diligere,
613 1013 783 1057 sperare
809 998 855 1041 in
887 1001 1046 1052 Deum,
1086 997 1281 1057 diligere
1299 1002 1437 1043 Deum
1458 1035 1468 1053 ‚
1502 999 1682 1058 diligere
1712 1008 1756 1044 et
1782 1006 1785 1096 3

372 1070 635 1130 proximum.
662 1071 763 1112 Post
783 1068 886 1111 istos
912 1066 1082 1112 labores
1106 1068 1362 1112 habebimus
1389 1068 1648 1113 indefessam
1684 1068 1755 1113 lu1-
1779 1097 1784 1149 3

374 1156 467 1186 cem
486 1176 496 1196 ,
520 1139 779 1184 habebimus
801 1138 915 1182 diem
946 1138 1038 1181 sine
1065 1153 1217 1182 occasu
1243 1157 1252 1183 ι
1288 1139 1442 1182 transit
1462 1139 1677 1199 quidquid
1693 1147 1757 1184 est
1779 1150 1786 1212 3

373 1213 420 1256 in
441 1211 521 1254 ista
543 1218 673 1254 nocte
694 1207 891 1252 lucidum
913 1217 957 1252 et
976 1208 1271 1252 tenebrosum.
1308 1227 1328 1250 «
1353 1209 1566 1262 Quoniam
1588 1218 1636 1253 tu
1655 1224 1755 1268 pos·-

376 1300 397 1324 »
433 1281 579 1325 sedisti
607 1294 729 1323 renes
759 1293 876 1322 meos
894 1312 905 1333 ‚
945 1278 1128 1322 Domine
1152 1297 1162 1323 :
1194 1279 1418 1338 suscepisti
1448 1294 1518 1323 me
1545 1295 1598 1323 ex
1629 1271 1781 1325 utero
1814 1326 1815 1329 ,

379 1369 400 1394 »
434 1349 583 1394 matris
599 1364 723 1393 meae.
753 1366 773 1389 »
1775 1317 1785 1430 ἶ

430 1423 551 1467 ΧΙΧ.
581 1439 602 1463 «
630 1420 886 1466 Confitebor
907 1419 1013 1473 tibi,
1039 1419 1222 1463 Domine
1237 1454 1248 1473 ,
1272 1419 1480 1479 quoniam
1501 1419 1754 1465 terribiliter
1775 1462 1782 1499 3
1810 1428 1815 1470 l

377 1511 399 1536 »
434 1492 685 1536 mirificatus
709 1506 752 1534 es
777 1492 805 1533 ¹.
851 1488 1117 1533 Terribiliter
1144 1489 1393 1533 mirificatus
1421 1505 1465 1534 es
1491 1509 1500 1534 ε
1530 1509 1548 1531 »
1577 1506 1628 1535 eo
1663 1491 1776 1550 ipso
1809 1510 1815 1540 t

375 1562 497 1625 quod
517 1572 560 1606 te
581 1562 789 1605 miramur
804 1595 814 1614 ‚
849 1569 898 1604 tu
921 1558 1123 1603 terribilis
1147 1574 1190 1603 es
1206 1594 1216 1612 ‚
1246 1574 1347 1603 cum
1373 1569 1559 1604 tremore
1590 1561 1776 1619 gaude-.

375 1649 487 1679 mus.
516 1634 734 1676 Timemus
753 1631 868 1674 enim
889 1644 944 1673 ne
965 1628 1020 1672 de
1055 1629 1179 1673 donis
1201 1629 1285 1673 tuis
1311 1645 1389 1673 nos
1411 1630 1663 1674 extollentes
1680 1636 1775 1690 per

374 1703 622 1764 superbiam
639 1738 649 1757 ‚
669 1715 914 1745 mereamur
936 1700 1131 1743 amittere
1149 1698 1270 1758 qued
1290 1699 1533 1744 humilitate
1556 1701 1754 1760 percepiss

375 1790 487 1819 mus.
532 1792 552 1815 «
578 1771 832 1818 Confitebor
864 1770 974 1822 tibi,
1014 1766 1223 1823 Domine,
1263 1769 1470 1829 quoniam
1505 1770 1756 1814 terribiliter

378 1934 399 1958 »
435 1914 574 1959 noscit
599 1911 740 1957 valde.
770 1929 789 1952 »
815 1913 910 1954 Jam
933 1910 1152 1968 cognoscit
1176 1909 1318 1952 anima
1348 1924 1442 1953 mea
1463 1909 1617 1967 valde3
1645 1926 1757 1970 quo*-

376 1987 495 2030 niam
518 1983 741 2042 suscepisti
763 1997 831 2025 me
862 1996 913 2024 ex
934 1990 1059 2024 utero
1075 1980 1223 2024 matris
1245 1995 1354 2024 meae
1373 1999 1381 2024 :
1407 1990 1530 2024 antea
1549 1996 1651 2025 vero
1673 1981 1775 2024 mia

371 2057 543 2100 ·rificata
571 2062 635 2097 est
655 2051 831 2096 scientia
854 2060 928 2094 tua
949 2066 999 2093 ex
1015 2064 1100 2104 me,
1118 2049 1371 2101 invaluerat,
1392 2064 1471 2093 nec
1491 2060 1685 2109 poteram
1704 2051 1774 2094 ad.

377 2125 513 2169 illam.
549 2126 666 2181 'Ergo
698 2137 750 2165 ex
775 2135 845 2164 me
883 2119 1125 2163 invaluerat
1141 2152 1152 2172 ,
1187 2133 1266 2162 nec
1297 2127 1494 2177 poteram
1531 2119 1586 2164 ad
1621 2120 1753 2164 illam.

383 2195 504 2238 Unde
536 2193 668 2236 modo
705 2191 846 2234 anima
883 2203 977 2232 mea
1006 2188 1228 2246 cognoscit
1249 2186 1401 2242 valde,
1438 2188 1518 2232 nisi
1551 2189 1652 2249 quia
1674 2204 1756 2234 nox

376 2262 637 2308 illuminatio
658 2261 704 2303 in
726 2258 888 2303 deliciis
907 2258 1012 2301 meis
1034 2259 1126 2301 est?
1148 2257 1228 2300 nisi
1246 2257 1347 2316 quia
1363 2258 1483 2302 venit
1499 2259 1604 2301 mihi
1625 2259 1755 2317 gratia

378 2343 455 2378 tua
470 2368 481 2388 ‚
506 2341 549 2376 et
564 2330 827 2375 illuminavit
847 2328 1046 2372 tenebras
1065 2342 1180 2371 meas
1197 2329 1215 2370 Ρ
1233 2327 1314 2371 nisi
1340 2328 1442 2388 quia
1466 2336 1512 2371 tu
1533 2328 1754 2387 possedisti

379 2418 503 2448 renes
537 2403 689 2446 meos?
724 2399 806 2444 nisi
839 2399 942 2458 quia
972 2407 1022 2442 tu
1048 2397 1270 2456 suscepisti
1293 2412 1363 2442 me
1394 2413 1445 2442 ex
1467 2407 1591 2445 utero
1610 2399 1753 2444 matris

1749 2549 1756 2762 3

1739 2766 1791 3253 3

430 2563 440 2581 ¹
460 2555 537 2590 Psal
548 2565 701 2597 cxxxviii,
722 2554 773 2597 14.
