1815 3253
340 232 342 234 ,
384 189 467 228 302
794 199 829 227 s.
865 200 1095 228 auousmu
1128 202 1307 230 131>1scoi³1

382 278 481 307 meo
498 277 554 306 ne
570 278 671 307 cum
692 263 939 322 inspexeris,
968 264 1159 308 invenias
1182 264 1307 324 plura
1328 274 1504 325 peccata
1520 281 1651 326 quam
1666 281 1763 310 mea.

382 333 477 376 rita.
505 335 599 378 Hoc
626 333 767 378 solum
784 348 910 391 rogo,
934 334 1017 378 hoc
1039 335 1152 390 dieo,
1178 337 1260 380 hoe
1281 336 1511 395 impetrare
1527 336 1724 382 desidero
1745 352 1757 383 ε

382 421 403 445 «
437 404 577 462 Opera
598 419 810 448 manuum
846 414 1020 449 tuarum
1052 419 1107 448 ne
1127 404 1344 465 despicias.
1375 427 1393 449 »
1415 409 1535 467 Opus
1555 416 1681 451 tuum
1712 408 1759 452 in

377 488 448 517 me
475 473 596 529 vide,
621 490 711 520 non
742 488 905 519 meum.
941 477 1051 521 Nam
1070 490 1218 521 meum
1249 478 1283 522 si
1311 476 1496 533 videris,
1532 478 1712 522 damnas
1746 489 1757 523 i

379 552 505 588 tuum
524 545 559 588 si
580 544 736 589 videris
750 580 761 600 ‚
788 561 981 590 coronas.
1008 546 1120 599 Quia
1141 555 1185 591 et
1207 562 1498 608 quaecumque
1522 556 1625 592 sunt
1645 547 1761 593 bona

378 629 509 673 opera
528 630 638 669 mea,
663 615 739 659 abs
760 624 803 659 te
825 616 930 659 mihi
947 624 1065 671 sunt,
1089 626 1134 661 et
1149 615 1247 662 ideo
1265 626 1339 662 tua
1360 618 1496 676 magis
1517 632 1648 678 quam
1664 631 1759 662 mea
1814 633 1815 643 ¹

378 693 494 728 sunt.
519 684 663 729 Audio
690 685 853 745 quippe
873 686 927 730 ab
948 684 1157 745 Apostolo
1178 695 1277 741 tuo,
1306 706 1327 729 «
1352 687 1498 731 Gratia
1526 686 1631 731 salvi
1658 684 1760 732 facti
1814 709 1815 723 ι

380 772 401 796 »
437 755 534 798 estis
555 768 632 814 per
658 755 813 810 fidem,
847 765 890 799 et
915 757 999 800 hoc
1029 771 1120 800 non
1146 772 1199 801 ex
1219 757 1366 812 vobis,
1391 757 1467 801 sed
1494 757 1573 802 Dei
1593 757 1777 802 donum*

383 842 402 864 »
436 833 523 881 est3
554 840 644 868 non
663 840 715 868 ex
742 825 973 884 operibus,
1008 841 1064 869 ne
1084 826 1196 870 forte
1217 827 1314 886 quis
1342 825 1587 871 extollatur.
1624 827 1762 886 Ipsius

383 909 405 934 »
437 893 555 937 enim
576 909 725 938 sumus
749 895 1006 953 figmentum
1020 930 1032 950 ‚
1057 896 1188 940 creati
1204 896 1252 940 in
1275 896 1447 941 Christo
1466 899 1570 940 Jesu
1590 896 1636 939 in
1656 909 1762 956 ope*

385 979 407 1003 »
441 963 561 1007 ribus
583 963 709 1008 bonis
733 966 764 1008 ¹.
792 982 813 1006 »
840 967 956 1024 Ergo
975 965 1063 1010 sive
1091 966 1135 1009 in
1162 981 1214 1010 eo
1239 966 1358 1026 quod
1382 966 1574 1011 homines
1601 965 1758 1021 simus,

383 1031 471 1077 sive
499 1033 545 1076 in
572 1049 624 1078 eo
652 1033 774 1094 quod
794 1050 847 1078 ex
872 1044 1018 1080 nostra
1045 1035 1266 1095 impietate
1293 1036 1449 1080 mutati
1475 1045 1520 1079 et
1539 1030 1773 1096 justificati¹

378 1116 544 1158 sumus,
566 1104 772 1159 Domine,
790 1105 963 1164 «Opera
980 1120 1192 1149 manuum
1220 1113 1395 1150 tuarum
1424 1121 1479 1150 ne
1500 1104 1759 1164 despicias.»

385 1276 1781 1300 mmmmmmmmmmmmummmmmwnummw

845 1419 847 1421 ’
874 1436 1258 1485 ENARRATio

851 1773 1000 1817 Sermo
1022 1771 1078 1817 ad
1099 1770 1289 1832 plebem.

1769 1305 1776 1515 ,ἕ

676 1609 735 1647 ΙΝ
781 1610 1078 1650 PSALMUM
1139 1609 1466 1650 cxxxvlll.
1767 1528 1773 1681 l

1763 1817 1807 1936 ἔ

441 1932 477 1973 Ι.
501 1932 712 1974 PsALMUM.
734 1928 860 1974 nobis
885 1929 1061 1975 brevem
1083 1944 1384 1990 paraveramus
1405 1933 1450 1987 ²3
1473 1944 1605 1990 quem
1632 1937 1767 1982 man-1
1787 1910 1815 1991 iffi

379 1999 633 2045 daveramus
652 2001 817 2045 cantari
839 2017 863 2045 a
883 2001 1076 2046 lectore:
1102 2000 1177 2045 sed
1194 2000 1250 2045 ad
1271 2001 1437 2055 horam,
1461 2010 1678 2060 quantum
1694 2001 1759 2046 vi·-
1797 1996 1807 2055 ι’,

380 2069 523 2126 detur,
557 2072 858 2130 perturbatus,
896 2071 1080 2115 alterum
1111 2087 1190 2130 pro
1217 2071 1352 2115 altero
1382 2070 1501 2127 legit.
1527 2069 1758 2115 Maluimus
1795 2085 1815 2135 qm

380 2157 460 2185 nos
476 2141 521 2184 in
542 2156 684 2184 errore
701 2141 870 2184 lectoris
885 2140 1006 2199 sequi
1027 2139 1295 2184 voluntatem
1314 2141 1406 2194 Dei,
1425 2155 1558 2199 quam
1571 2149 1757 2184 nostram
1796 2146 1815 2198 ll]

380 2210 426 2253 in
445 2220 592 2254 nostro
610 2210 844 2269 proposito.
866 2209 908 2254 Si
925 2224 1025 2267 ergo
1042 2225 1117 2255 vos
1139 2210 1182 2252 in
1199 2211 1289 2269 ejus
1302 2209 1546 2269 prolixitate
1564 2210 1756 2269 aliquan·
1796 2225 1815 2269 {Q

379 2279 457 2323 diu
477 2280 758 2334 tenuerimus,
779 2279 903 2323 nobis
934 2295 1024 2323 non
1051 2279 1271 2338 imputetis
1288 2300 1299 2336 3
1318 2278 1394 2323 sed
1419 2279 1602 2324 credatis
1621 2271 1761 2323 Deum'
1797 2294 1815 2332 ι,,

378 2365 456 2394 nos
470 2365 560 2394 non
572 2347 838 2393 infructuose
858 2348 1055 2393 laborare
1071 2349 1271 2394 voluisse.
1289 2352 1441 2409 Neque
1462 2350 1578 2393 enim
1600 2348 1754 2393 frustra
1797 2367 1813 2404 ,χ

376 2420 423 2464 in
445 2421 585 2480 primo
607 2428 786 2479 peccato
806 2429 954 2464 nostro
975 2435 1152 2479 poenam
1169 2420 1411 2479 accepimus
1425 2453 1437 2475 ‚
1456 2429 1508 2464 ut
1532 2420 1579 2464 in
1595 2419 1759 2492 sudor-ej

425 2522 433 2539 ¹
455 2514 572 2559 Ephes.
586 2526 621 2558 u,
639 2515 738 2554 8-10.
759 2530 802 2540 -
820 2521 834 2540 ²
853 2514 932 2548 Vide
949 2517 989 2548 D.
1007 2514 1148 2557 Guillon,
1164 2518 1244 2548 tom.
1262 2524 1339 2556 xxu,
1352 2523 1425 2557 pag.
1439 2514 1562 2556 68-70.
