1815 3253
9 130 11 167 l

10 204 11 207 ’
357 215 599 245 multum
630 216 675 244 m
709 212 912 243 »sumum
942 214 1123 242 cxxvm.
1333 201 1415 241 145

10 271 12 327 ζ
38 282 94 326 tia
110 281 329 342 possideri.
352 284 377 326 J
381 282 487 327 ubet
504 281 679 327 avaritia
698 289 747 325 ut
761 296 880 325 mare
896 289 1085 324 transeas
1105 312 1115 333 ‚
1136 286 1181 322 et
1196 277 1420 339 obtempe-

10 352 13 397 ἑ
37 367 102 397 ras
121 386 132 408 ,
157 352 286 413 jubet
300 362 351 397 ut
367 361 410 397 te
426 352 566 397 ventis
583 350 872 412 procellisque
889 347 1132 395 committas
1154 369 1164 406 3
1179 349 1316 408 jubeo
1338 364 1420 408 ego

10 433 13 474 «i
36 430 86 466 ut
101 431 200 467 ante
226 423 385 468 ostium
402 432 529 468 tuum
552 437 603 466 ex
637 438 688 467 eo
709 421 830 483 quod
851 421 985 466 habes
1018 419 1093 464 des
1115 419 1294 479 pauperi
1320 438 1329 464 z
1349 420 1420 479 pi-

11 488 13 548 ἶ
37 507 110 551 ger
141 509 183 538 es
207 494 261 540 ad
285 494 534 540 faciendum
553 503 652 538 ante
676 504 717 540 te
749 508 858 553 opus
880 493 1046 537 bonum
1062 526 1073 547 ,
1094 499 1138 535 et
1154 500 1355 535 strenuus
1377 505 1421 536 es

11 555 13 601 l
38 563 93 608 ad
114 565 425 610 transeundum
443 580 577 609 mare.
599 565 711 618 Quia
729 563 906 610 avaritia
924 563 1123 622 imperat,
1141 561 1271 606 servis
1289 581 1297 606 :
1319 561 1422 621 quia

37 637 148 679 Deus
163 636 292 696 jubet
307 671 318 692 ‚
344 635 487 680 odisti.
511 638 569 679 Et
586 634 725 695 quid?
745 636 857 680 Cum
881 632 1020 678 odisse
1037 632 1218 692 coeperit
1237 667 1247 687 ‚
1268 631 1424 690 incipit

37 705 148 750 velle
162 708 380 751 criminari
402 723 474 752 eos
492 723 513 751 a
532 707 691 766 quibus
713 705 835 751 audit
854 705 967 750 bona
984 712 1203 764 praecepta
1220 738 1231 759 ,
1253 712 1297 746 et
1313 701 1425 747 velle

37 791 112 836 per
144 779 407 838 suspiciones
429 794 524 822 suas
546 778 726 823 crimina
755 792 950 838 quaerere
971 790 1194 820 servorum
1217 774 1310 818 Dei.
1341 772 1426 826 Qui

38 848 162 892 nobis
188 849 267 893 ista
287 849 440 894 dicunt
455 884 465 904 ,
492 851 571 894 ista
595 865 685 894 non
708 849 872 893 faciunt
900 848 978 907 ipsi
996 849 1013 891 Ρ
1032 849 1090 890 Et
1111 846 1190 890 ista
1222 846 1309 890 sive
1327 860 1427 904 quae

41 917 176 973 fiunt,
202 919 289 962 sive
314 934 414 979 quae
442 934 531 962 non
555 920 691 972 fiunt,
727 919 936 963 dicuntur
958 917 1051 960 fieri
1073 937 1083 973 3
1121 925 1164 959 et
1187 930 1286 975 quae
1315 915 1430 958 fiunt

40 987 151 1033 bene
166 1024 176 1044 ‚
202 989 409 1034 dicuntur
430 989 543 1033 male
563 989 656 1032 fieri
678 1009 684 1033 :
708 999 751 1033 et
768 1005 867 1049 quae
889 987 1125 1032 toleramus
1145 1022 1155 1040 ‚
1177 986 1233 1030 ad
1254 985 1428 1044 culpam

12 1047 15 1124 j
40 1068 228 1103 nostram
246 1059 533 1120 applicantur.
551 1062 638 1104 Nos
660 1059 767 1119 quid
792 1057 1106 1118 respondemus
1123 1059 1140 1100 Ξ)
1160 1055 1260 1101 Noli
1277 1070 1348 1099 me
1365 1064 1431 1099 at-

12 1128 16 1202 j
39 1130 216 1174 tendere
231 1165 242 1185 ,
273 1145 514 1174 sermonem
538 1129 667 1173 istum
688 1128 866 1173 attende
893 1147 902 1172 ;
927 1128 1018 1186 ipse
1041 1125 1121 1170 tibi
1142 1126 1339 1186 loquitur
1355 1140 1432 1185 per

13 1207 15 1224 ³
37 1200 276 1260 quemlibet
293 1235 303 1255 ‚
328 1200 431 1244 huic
447 1209 494 1243 tu
515 1199 714 1243 inimicus
739 1215 796 1243 es.
815 1197 1046 1243 Concorda
1064 1212 1165 1241 curn
1185 1196 1432 1241 adversario

40 1280 114 1316 tuo
134 1306 144 1326 ,
173 1286 273 1316 cum
295 1286 337 1314 es
356 1286 456 1315 cum
482 1286 532 1315 eo
553 1270 599 1313 in
626 1271 741 1315 via¹.
770 1268 1078 1314 Adversarium
1112 1277 1241 1312 tuum
1263 1282 1430 1311 sermo-

37 1357 135 1386 nem
152 1343 230 1386 Dei
247 1341 401 1386 fecisti.
421 1340 520 1387 Noli
538 1339 763 1384 attendere
780 1340 883 1400 quia
904 1339 978 1383 ille
998 1338 1077 1383 tibi
1095 1338 1308 1398 loquitur.
1333 1341 1430 1382 Ma-

15 1474 17 1481 ‚
34 1413 101 1458 lus
119 1422 182 1457 est
198 1428 276 1472 per
297 1428 429 1473 quem
446 1412 528 1455 tibi
549 1411 770 1471 loquitur:
792 1410 867 1454 sed
889 1425 980 1454 non
997 1419 1061 1453 est
1078 1408 1236 1463 malus,
1257 1409 1333 1468 qui
1350 1408 1432 1452 tihi

36 1483 232 1542 loquitur
248 1518 259 1537 ,
285 1498 426 1526 sermo
445 1482 538 1525 Dei.
560 1484 727 1527 Accusa
743 1484 906 1535 Deum,
929 1494 1098 1534 accusa,
1119 1478 1152 1523 si
1168 1487 1306 1537 potes.

92 1556 146 1597 V.
172 1553 358 1598 Creditis
377 1588 387 1607 ‚
414 1552 567 1596 fratres
583 1587 593 1607 ‚
613 1552 701 1596 huc
716 1566 856 1611 usque
878 1550 1127 1609 pervenisse
1147 1564 1241 1602 eos,
1262 1548 1317 1593 de
1334 1549 1430 1608 qui-

35 1625 116 1668 hus
137 1623 316 1678 dicitur,
342 1643 361 1665 «
384 1626 507 1682 Saepe
529 1629 890 1681 expugnaverunt
907 1635 978 1663 me
996 1635 1018 1663 a
1031 1620 1266 1679 juventute
1284 1634 1426 1673 mea‚»

36 1704 85 1739 ut
105 1694 234 1738 etiam
270 1694 413 1753 ipsum
441 1696 581 1737 Deum
614 1705 816 1736 accusare
849 1706 941 1735 non
976 1688 1209 1733 dubitent?
1241 1692 1430 1734 Accusas

16 1787 18 1815 ί
37 1780 110 1810 ava
118 1780 229 1818 rum,
252 1773 295 1807 et
310 1763 384 1806 ille
397 1771 569 1807 accusat
582 1765 723 1806 Deum
737 1761 840 1820 quia
854 1759 961 1804 fecit
973 1774 1145 1804 aurum.
1162 1758 1261 1804 Noli
1276 1775 1430 1804 avarus

17 1859 19 1893 f
37 1851 140 1879 esse.
153 1838 208 1879 Et
221 1849 307 1878 non
327 1832 488 1876 faceret
499 1835 613 1876 Deus
627 1846 798 1875 aurum,
817 1833 840 1874 J
845 1845 915 1874 am
927 1830 1012 1874 hoc
1025 1838 1173 1884 restat,
1194 1830 1298 1889 quia
1314 1829 1431 1874 mala

17 1914 110 1949 .tua
131 1920 260 1964 opera
281 1903 485 1948 cohibere
512 1918 602 1947 non
634 1910 757 1961 potes
775 1936 786 1956 ‚
823 1915 996 1945 accusas
1017 1915 1148 1959 opera
1171 1899 1286 1943 bona
1310 1899 1387 1943 Dei
1416 1918 1425 1944 :

17 1967 231 2034 ‘'displicet
254 1974 334 2018 tibi
357 1982 524 2017 creator
546 1981 589 2016 et
611 1971 845 2015 fabricator
877 1970 1048 2014 mundi.
1082 1972 1180 2015 Non
1204 1968 1365 2013 faceret
1385 1978 1429 2014 et

35 2045 167 2090 solem
194 2065 203 2089 :
229 2045 329 2105 quia
348 2043 476 2088 multi
507 2044 551 2087 in
574 2042 771 2087 fenestris
793 2041 1072 2086 contendunt
1106 2039 1161 2084 de
1197 2040 1427 2085 luminari-

36 2116 117 2159 bus
129 2150 138 2168 ,
155 2124 197 2159 et
215 2114 268 2158 ad
274 2114 434 2174 judicia
453 2129 496 2157 se
519 2114 715 2157 trahunt.
731 2114 768 2156 Ο
783 2113 815 2156 si
829 2111 933 2156 vitia
950 2119 1095 2155 nostra
1116 2110 1397 2156 cohibeamus
1416 2112 1425 2155 l

35 2186 144 2238 Quia
170 2185 280 2228 bona
304 2193 405 2228 sunt
427 2184 592 2239 omnia,
609 2183 712 2244 quia
723 2182 866 2226 bonus
884 2184 1000 2225 Deus
1024 2180 1101 2240 qui
1120 2180 1224 2224 fecit
1247 2182 1391 2226 omnia
1414 2196 1424 2223 ε

36 2264 78 2299 et
99 2254 279 2298 laudant
298 2254 423 2298 illum
445 2270 573 2314 opera
596 2269 695 2308 sua,
732 2251 1004 2297 considerata
1024 2250 1128 2310 quia
1153 2251 1267 2295 bona
1291 2261 1394 2296 sunt
1411 2286 1422 2307 ‚

37 2325 90 2370 ab
112 2340 163 2369 co
186 2325 261 2383 qui
283 2324 416 2368 habet
461 2325 659 2382 spiritum
681 2321 997 2375 consideranti,
1027 2321 1226 2380 spiritum
1253 2323 1426 2381 pietatis

19 2403 77 2451 get
106 2394 340 2454 sapientise.
377 2392 581 2452 Undique
608 2392 813 2436 laudatur
838 2395 951 2435 Deus
994 2391 1050 2434 ab
1083 2391 1287 2450 operibus
1320 2394 1422 2436 suis.

19 2456 267 2518 Quomodo
280 2463 405 2506 illum
417 2463 600 2506 laudant
622 2477 751 2522 opera
763 2478 838 2506 sua
853 2476 931 2521 per
953 2477 1000 2506 os
1018 2461 1152 2505 trium
1170 2465 1429 2520 puerorum?

20 2555 22 2586 ἱ
84 2558 91 2574 ¹
112 2551 224 2583 Matth.
243 2562 276 2590 v,
301 2549 356 2582 25.

20 2592 22 2601 ¹
221 2615 343 2643 cxix.
1217 2607 1267 2644 10
