<?xml version="1.0" encoding="UTF-8"?>
<!DOCTYPE html PUBLIC "-//W3C//DTD XHTML 1.0 Transitional//EN"
    "http://www.w3.org/TR/xhtml1/DTD/xhtml1-transitional.dtd">
<html xmlns="http://www.w3.org/1999/xhtml" xml:lang="en" lang="en">
 <head>
  <title>
</title>
<meta http-equiv="Content-Type" content="text/html;charset=utf-8" />
  <meta name='ocr-system' content='tesseract 3.04.00' />
  <meta name='ocr-capabilities' content='ocr_page ocr_carea ocr_par ocr_line ocrx_word'/>
</head>
<body>
  <div class='ocr_page' id='page_1' title='image "./operaomniaaccura12auguuoft_0340.png"; bbox 0 0 1815 3253; ppageno 0'>
   <div class='ocr_carea' id='block_1_1' title="bbox 296 2505 313 2512">
    <p class='ocr_par' dir='ltr' id='par_1_1' title="bbox 296 2505 313 2512">
     <span class='ocr_line' id='line_1_1' title="bbox 296 2505 313 2512; baseline 0 0"><span class='ocrx_word' id='word_1_1' title='bbox 296 2505 313 2512; x_wconf 59' lang='grc' dir='ltr'><em>ο</em></span> 
     </span>
    </p>
   </div>
   <div class='ocr_carea' id='block_1_2' title="bbox 350 209 1288 250">
    <p class='ocr_par' dir='ltr' id='par_1_2' title="bbox 350 209 1288 250">
     <span class='ocr_line' id='line_1_2' title="bbox 350 209 1288 250; baseline -0.001 0"><span class='ocrx_word' id='word_1_2' title='bbox 350 209 435 250; x_wconf 86' lang='grc'>330</span> <span class='ocrx_word' id='word_1_3' title='bbox 775 222 809 249; x_wconf 84' lang='lat' dir='ltr'>S·</span> <span class='ocrx_word' id='word_1_4' title='bbox 844 217 1075 250; x_wconf 70' lang='lat' dir='ltr'>AUGUSTIM</span> <span class='ocrx_word' id='word_1_5' title='bbox 1104 222 1288 250; x_wconf 80' lang='lat' dir='ltr'>EPISCOPI</span> 
     </span>
    </p>
   </div>
   <div class='ocr_carea' id='block_1_3' title="bbox 348 283 1738 1189">
    <p class='ocr_par' dir='ltr' id='par_1_3' title="bbox 348 283 1738 1189">
     <span class='ocr_line' id='line_1_3' title="bbox 348 283 1722 345; baseline 0.001 -16"><span class='ocrx_word' id='word_1_6' title='bbox 348 299 458 345; x_wconf 91' lang='lat' dir='ltr'>quos</span> <span class='ocrx_word' id='word_1_7' title='bbox 488 283 682 329; x_wconf 87' lang='lat' dir='ltr'>triticum</span> <span class='ocrx_word' id='word_1_8' title='bbox 722 284 882 329; x_wconf 90' lang='lat' dir='ltr'>Christi</span> <span class='ocrx_word' id='word_1_9' title='bbox 918 294 1085 330; x_wconf 85' lang='lat' dir='ltr'>servato</span> <span class='ocrx_word' id='word_1_10' title='bbox 1112 286 1290 330; x_wconf 89' lang='lat' dir='ltr'>unitatis</span> <span class='ocrx_word' id='word_1_11' title='bbox 1326 285 1499 333; x_wconf 88' lang='lat' dir='ltr'>vinculo</span> <span class='ocrx_word' id='word_1_12' title='bbox 1525 285 1679 343; x_wconf 84' lang='lat' dir='ltr'>gemit1</span> <span class='ocrx_word' id='word_1_13' title='bbox 1712 304 1722 330; x_wconf 90' lang='lat'>:</span> 
     </span>
     <span class='ocr_line' id='line_1_4' title="bbox 348 355 1724 415; baseline 0 -15"><span class='ocrx_word' id='word_1_14' title='bbox 348 364 576 415; x_wconf 90' lang='lat' dir='ltr'>propterea</span> <span class='ocrx_word' id='word_1_15' title='bbox 590 355 869 415; x_wconf 82' lang='lat' dir='ltr'>interposuit,</span> <span class='ocrx_word' id='word_1_16' title='bbox 891 375 910 397; x_wconf 91' lang='lat'>«</span> <span class='ocrx_word' id='word_1_17' title='bbox 936 356 1026 400; x_wconf 90' lang='lat' dir='ltr'>Viri</span> <span class='ocrx_word' id='word_1_18' title='bbox 1040 357 1323 415; x_wconf 85' lang='lat' dir='ltr'>sanguinum,</span> <span class='ocrx_word' id='word_1_19' title='bbox 1349 355 1562 401; x_wconf 85' lang='lat' dir='ltr'>declinate</span> <span class='ocrx_word' id='word_1_20' title='bbox 1585 373 1608 400; x_wconf 91' lang='lat' dir='ltr'>a</span> <span class='ocrx_word' id='word_1_21' title='bbox 1629 371 1724 411; x_wconf 90' lang='lat' dir='ltr'>me,</span> 
     </span>
     <span class='ocr_line' id='line_1_5' title="bbox 351 425 1727 486; baseline 0.003 -19"><span class='ocrx_word' id='word_1_22' title='bbox 351 445 372 467; x_wconf 87' lang='lat'>»</span> <span class='ocrx_word' id='word_1_23' title='bbox 407 426 614 486; x_wconf 86' lang='lat' dir='ltr'>quoniam</span> <span class='ocrx_word' id='word_1_24' title='bbox 640 425 755 470; x_wconf 91' lang='lat' dir='ltr'>dices</span> <span class='ocrx_word' id='word_1_25' title='bbox 777 426 820 469; x_wconf 92' lang='lat' dir='ltr'>in</span> <span class='ocrx_word' id='word_1_26' title='bbox 837 426 1095 484; x_wconf 79' lang='lat' dir='ltr'>cogitatione</span> <span class='ocrx_word' id='word_1_27' title='bbox 1112 461 1123 481; x_wconf 89' lang='lat'>,</span> <span class='ocrx_word' id='word_1_28' title='bbox 1148 427 1358 486; x_wconf 81' lang='lat' dir='ltr'>accipient</span> <span class='ocrx_word' id='word_1_29' title='bbox 1385 427 1430 470; x_wconf 91' lang='lat' dir='ltr'>in</span> <span class='ocrx_word' id='word_1_30' title='bbox 1451 427 1641 470; x_wconf 88' lang='lat' dir='ltr'>vanitate</span> <span class='ocrx_word' id='word_1_31' title='bbox 1665 426 1727 471; x_wconf 91' lang='lat' dir='ltr'>ci-</span> 
     </span>
     <span class='ocr_line' id='line_1_6' title="bbox 351 496 1730 556; baseline 0.002 -19"><span class='ocrx_word' id='word_1_32' title='bbox 351 515 372 537; x_wconf 88' lang='lat'>»</span> <span class='ocrx_word' id='word_1_33' title='bbox 406 497 559 540; x_wconf 84' lang='lat' dir='ltr'>vitates</span> <span class='ocrx_word' id='word_1_34' title='bbox 581 511 708 540; x_wconf 87' lang='lat' dir='ltr'>suas:</span> <span class='ocrx_word' id='word_1_35' title='bbox 738 514 757 537; x_wconf 86' lang='lat'>»</span> <span class='ocrx_word' id='word_1_36' title='bbox 790 496 837 539; x_wconf 88' lang='lat' dir='ltr'>id</span> <span class='ocrx_word' id='word_1_37' title='bbox 866 506 949 552; x_wconf 86' lang='lat' dir='ltr'>est,</span> <span class='ocrx_word' id='word_1_38' title='bbox 981 496 1079 540; x_wconf 91' lang='lat' dir='ltr'>ideo</span> <span class='ocrx_word' id='word_1_39' title='bbox 1107 496 1314 541; x_wconf 84' lang='lat' dir='ltr'>seducent</span> <span class='ocrx_word' id='word_1_40' title='bbox 1342 497 1388 540; x_wconf 90' lang='lat' dir='ltr'>in</span> <span class='ocrx_word' id='word_1_41' title='bbox 1417 497 1730 556; x_wconf 84' lang='lat' dir='ltr'>separationem</span> 
     </span>
     <span class='ocr_line' id='line_1_7' title="bbox 348 567 1727 628; baseline 0 -17"><span class='ocrx_word' id='word_1_42' title='bbox 348 568 568 627; x_wconf 82' lang='lat' dir='ltr'>propriam</span> <span class='ocrx_word' id='word_1_43' title='bbox 591 567 774 626; x_wconf 84' lang='lat' dir='ltr'>populos</span> <span class='ocrx_word' id='word_1_44' title='bbox 796 583 915 622; x_wconf 87' lang='lat' dir='ltr'>suoS,</span> <span class='ocrx_word' id='word_1_45' title='bbox 951 568 1140 612; x_wconf 86' lang='lat' dir='ltr'>vanitate</span> <span class='ocrx_word' id='word_1_46' title='bbox 1161 568 1332 628; x_wconf 90' lang='lat' dir='ltr'>propria</span> <span class='ocrx_word' id='word_1_47' title='bbox 1363 567 1727 627; x_wconf 88' lang='lat' dir='ltr'>corrumpendos,</span> 
     </span>
     <span class='ocr_line' id='line_1_8' title="bbox 354 636 1731 697; baseline 0.002 -19"><span class='ocrx_word' id='word_1_48' title='bbox 354 656 374 679; x_wconf 91' lang='lat'>«</span> <span class='ocrx_word' id='word_1_49' title='bbox 408 637 519 690; x_wconf 86' lang='lat' dir='ltr'>Quia</span> <span class='ocrx_word' id='word_1_50' title='bbox 535 647 584 681; x_wconf 88' lang='lat' dir='ltr'>tu</span> <span class='ocrx_word' id='word_1_51' title='bbox 603 637 649 680; x_wconf 91' lang='lat' dir='ltr'>in</span> <span class='ocrx_word' id='word_1_52' title='bbox 661 637 922 695; x_wconf 86' lang='lat' dir='ltr'>cogitatione</span> <span class='ocrx_word' id='word_1_53' title='bbox 944 636 1080 692; x_wconf 90' lang='lat' dir='ltr'>dices,</span> <span class='ocrx_word' id='word_1_54' title='bbox 1105 638 1196 681; x_wconf 91' lang='lat' dir='ltr'>Viri</span> <span class='ocrx_word' id='word_1_55' title='bbox 1218 638 1495 697; x_wconf 84' lang='lat' dir='ltr'>sanguinum,</span> <span class='ocrx_word' id='word_1_56' title='bbox 1515 637 1731 690; x_wconf 80' lang='lat' dir='ltr'>declinate</span> 
     </span>
     <span class='ocr_line' id='line_1_9' title="bbox 353 706 1733 767; baseline 0.002 -20"><span class='ocrx_word' id='word_1_57' title='bbox 353 724 373 747; x_wconf 90' lang='lat'>»</span> <span class='ocrx_word' id='word_1_58' title='bbox 409 722 431 749; x_wconf 92' lang='grc'>3</span> <span class='ocrx_word' id='word_1_59' title='bbox 450 722 544 750; x_wconf 88' lang='lat' dir='ltr'>me:</span> <span class='ocrx_word' id='word_1_60' title='bbox 569 725 589 747; x_wconf 91' lang='lat'>»</span> <span class='ocrx_word' id='word_1_61' title='bbox 609 715 659 750; x_wconf 92' lang='lat' dir='ltr'>ut</span> <span class='ocrx_word' id='word_1_62' title='bbox 680 706 840 750; x_wconf 87' lang='lat' dir='ltr'>scilicet</span> <span class='ocrx_word' id='word_1_63' title='bbox 857 707 1012 750; x_wconf 89' lang='lat' dir='ltr'>merito</span> <span class='ocrx_word' id='word_1_64' title='bbox 1026 707 1239 767; x_wconf 71' lang='lat' dir='ltr'>superbiae</span> <span class='ocrx_word' id='word_1_65' title='bbox 1259 717 1504 767; x_wconf 83' lang='lat' dir='ltr'>peccatores</span> <span class='ocrx_word' id='word_1_66' title='bbox 1518 707 1562 751; x_wconf 92' lang='lat' dir='ltr'>in</span> <span class='ocrx_word' id='word_1_67' title='bbox 1580 707 1733 767; x_wconf 91' lang='lat' dir='ltr'>spiritu</span> 
     </span>
     <span class='ocr_line' id='line_1_10' title="bbox 351 776 1738 855; baseline 0.001 -36"><span class='ocrx_word' id='word_1_68' title='bbox 351 776 502 831; x_wconf 83' lang='lat' dir='ltr'>occisi,</span> <span class='ocrx_word' id='word_1_69' title='bbox 528 785 755 835; x_wconf 87' lang='lat' dir='ltr'>propterea</span> <span class='ocrx_word' id='word_1_70' title='bbox 772 777 964 821; x_wconf 84' lang='lat' dir='ltr'>civitates</span> <span class='ocrx_word' id='word_1_71' title='bbox 979 793 1096 855; x_wconf 81' lang='lat' dir='ltr'>suas,</span> <span class='ocrx_word' id='word_1_72' title='bbox 1128 778 1210 821; x_wconf 91' lang='lat' dir='ltr'>hoc</span> <span class='ocrx_word' id='word_1_73' title='bbox 1232 787 1322 833; x_wconf 85' lang='lat' dir='ltr'>est,</span> <span class='ocrx_word' id='word_1_74' title='bbox 1358 776 1543 837; x_wconf 87' lang='lat' dir='ltr'>populos</span> <span class='ocrx_word' id='word_1_75' title='bbox 1570 793 1668 821; x_wconf 91' lang='lat' dir='ltr'>suos</span> <span class='ocrx_word' id='word_1_76' title='bbox 1686 777 1738 826; x_wconf 76' lang='lat' dir='ltr'>inv</span> 
     </span>
     <span class='ocr_line' id='line_1_11' title="bbox 351 845 1734 906; baseline 0.001 -17"><span class='ocrx_word' id='word_1_77' title='bbox 351 861 513 890; x_wconf 89' lang='lat' dir='ltr'>vanum</span> <span class='ocrx_word' id='word_1_78' title='bbox 531 847 765 906; x_wconf 83' lang='lat' dir='ltr'>accipiant,</span> <span class='ocrx_word' id='word_1_79' title='bbox 790 847 873 890; x_wconf 89' lang='lat' dir='ltr'>hoc</span> <span class='ocrx_word' id='word_1_80' title='bbox 895 856 985 902; x_wconf 91' lang='lat' dir='ltr'>est,</span> <span class='ocrx_word' id='word_1_81' title='bbox 1010 847 1054 890; x_wconf 89' lang='lat' dir='ltr'>in</span> <span class='ocrx_word' id='word_1_82' title='bbox 1078 847 1231 891; x_wconf 89' lang='lat' dir='ltr'>erroris</span> <span class='ocrx_word' id='word_1_83' title='bbox 1246 847 1481 892; x_wconf 88' lang='lat' dir='ltr'>vanitatem</span> <span class='ocrx_word' id='word_1_84' title='bbox 1495 845 1734 906; x_wconf 87' lang='lat' dir='ltr'>separando</span> 
     </span>
     <span class='ocr_line' id='line_1_12' title="bbox 352 905 1734 978; baseline 0 -18"><span class='ocrx_word' id='word_1_85' title='bbox 352 916 610 972; x_wconf 84' lang='lat' dir='ltr'>traducant,</span> <span class='ocrx_word' id='word_1_86' title='bbox 635 927 678 961; x_wconf 91' lang='lat' dir='ltr'>et</span> <span class='ocrx_word' id='word_1_87' title='bbox 699 917 821 978; x_wconf 85' lang='lat' dir='ltr'>quasi</span> <span class='ocrx_word' id='word_1_88' title='bbox 845 917 1000 961; x_wconf 81' lang='lat' dir='ltr'>offensi</span> <span class='ocrx_word' id='word_1_89' title='bbox 1032 918 1337 962; x_wconf 89' lang='lat' dir='ltr'>commixtione</span> <span class='ocrx_word' id='word_1_90' title='bbox 1356 905 1606 977; x_wconf 84' lang='lat' dir='ltr'>palearum,</span> <span class='ocrx_word' id='word_1_91' title='bbox 1643 917 1734 961; x_wconf 91' lang='lat' dir='ltr'>dis-</span> 
     </span>
     <span class='ocr_line' id='line_1_13' title="bbox 353 987 1735 1049; baseline 0.001 -18"><span class='ocrx_word' id='word_1_92' title='bbox 353 998 480 1048; x_wconf 88' lang='lat' dir='ltr'>rupta</span> <span class='ocrx_word' id='word_1_93' title='bbox 503 989 669 1032; x_wconf 90' lang='lat' dir='ltr'>unitate</span> <span class='ocrx_word' id='word_1_94' title='bbox 687 989 878 1034; x_wconf 87' lang='lat' dir='ltr'>triticum</span> <span class='ocrx_word' id='word_1_95' title='bbox 907 989 1135 1033; x_wconf 87' lang='lat' dir='ltr'>deserant.</span> <span class='ocrx_word' id='word_1_96' title='bbox 1168 989 1267 1049; x_wconf 89' lang='lat' dir='ltr'>quia</span> <span class='ocrx_word' id='word_1_97' title='bbox 1290 989 1431 1048; x_wconf 90' lang='lat' dir='ltr'>ipsum</span> <span class='ocrx_word' id='word_1_98' title='bbox 1454 988 1668 1044; x_wconf 81' lang='lat' dir='ltr'>triticum,</span> <span class='ocrx_word' id='word_1_99' title='bbox 1690 987 1735 1032; x_wconf 92' lang='lat' dir='ltr'>id</span> 
     </span>
     <span class='ocr_line' id='line_1_14' title="bbox 352 1058 1737 1120; baseline -0.001 -18"><span class='ocrx_word' id='word_1_100' title='bbox 352 1067 436 1113; x_wconf 90' lang='lat' dir='ltr'>est,</span> <span class='ocrx_word' id='word_1_101' title='bbox 463 1059 599 1103; x_wconf 91' lang='lat' dir='ltr'>bonos</span> <span class='ocrx_word' id='word_1_102' title='bbox 616 1058 764 1109; x_wconf 87' lang='lat' dir='ltr'>fideles</span> <span class='ocrx_word' id='word_1_103' title='bbox 786 1068 957 1114; x_wconf 90' lang='lat' dir='ltr'>monet,</span> <span class='ocrx_word' id='word_1_104' title='bbox 980 1068 1029 1102; x_wconf 92' lang='lat' dir='ltr'>ut</span> <span class='ocrx_word' id='word_1_105' title='bbox 1049 1068 1147 1102; x_wconf 91' lang='lat' dir='ltr'>ante</span> <span class='ocrx_word' id='word_1_106' title='bbox 1163 1058 1488 1103; x_wconf 82' lang='lat' dir='ltr'>ventilationem</span> <span class='ocrx_word' id='word_1_107' title='bbox 1510 1074 1638 1120; x_wconf 81' lang='lat' dir='ltr'>,quae</span> <span class='ocrx_word' id='word_1_108' title='bbox 1656 1074 1737 1102; x_wconf 91' lang='lat' dir='ltr'>no-</span> 
     </span>
     <span class='ocr_line' id='line_1_15' title="bbox 352 1127 1737 1189; baseline 0 -17"><span class='ocrx_word' id='word_1_109' title='bbox 352 1128 520 1173; x_wconf 87' lang='lat' dir='ltr'>vissima</span> <span class='ocrx_word' id='word_1_110' title='bbox 540 1127 687 1172; x_wconf 82' lang='lat' dir='ltr'>sutura</span> <span class='ocrx_word' id='word_1_111' title='bbox 699 1138 785 1183; x_wconf 91' lang='lat' dir='ltr'>est,</span> <span class='ocrx_word' id='word_1_112' title='bbox 802 1145 890 1173; x_wconf 92' lang='lat' dir='ltr'>non</span> <span class='ocrx_word' id='word_1_113' title='bbox 908 1138 1054 1189; x_wconf 87' lang='lat' dir='ltr'>aperte</span> <span class='ocrx_word' id='word_1_114' title='bbox 1066 1145 1109 1172; x_wconf 91' lang='lat' dir='ltr'>se</span> <span class='ocrx_word' id='word_1_115' title='bbox 1123 1146 1146 1175; x_wconf 90' lang='lat' dir='ltr'>a</span> <span class='ocrx_word' id='word_1_116' title='bbox 1160 1129 1281 1173; x_wconf 88' lang='lat' dir='ltr'>malis</span> <span class='ocrx_word' id='word_1_117' title='bbox 1300 1138 1508 1188; x_wconf 86' lang='lat' dir='ltr'>segreget,</span> <span class='ocrx_word' id='word_1_118' title='bbox 1525 1144 1579 1172; x_wconf 92' lang='lat' dir='ltr'>ne</span> <span class='ocrx_word' id='word_1_119' title='bbox 1594 1128 1737 1185; x_wconf 82' lang='lat' dir='ltr'>adhuc</span> 
     </span>
    </p>
   </div>
   <div class='ocr_carea' id='block_1_4' title="bbox 354 1199 1808 1258">
    <p class='ocr_par' dir='ltr' id='par_1_4' title="bbox 354 1199 1808 1258">
     <span class='ocr_line' id='line_1_16' title="bbox 354 1199 1808 1258; baseline 0.003 -16"><span class='ocrx_word' id='word_1_120' title='bbox 354 1200 413 1243; x_wconf 91' lang='lat' dir='ltr'>eis</span> <span class='ocrx_word' id='word_1_121' title='bbox 435 1199 689 1244; x_wconf 87' lang='lat' dir='ltr'>commixtos</span> <span class='ocrx_word' id='word_1_122' title='bbox 712 1199 879 1243; x_wconf 83' lang='lat' dir='ltr'>deserat</span> <span class='ocrx_word' id='word_1_123' title='bbox 899 1200 1037 1244; x_wconf 85' lang='lat' dir='ltr'>bonos</span> <span class='ocrx_word' id='word_1_124' title='bbox 1056 1221 1067 1258; x_wconf 78' lang='lat'>3</span> <span class='ocrx_word' id='word_1_125' title='bbox 1087 1200 1159 1243; x_wconf 90' lang='lat' dir='ltr'>sed</span> <span class='ocrx_word' id='word_1_126' title='bbox 1178 1216 1252 1258; x_wconf 88' lang='lat' dir='ltr'>per</span> <span class='ocrx_word' id='word_1_127' title='bbox 1275 1200 1435 1244; x_wconf 87' lang='lat' dir='ltr'>bonam</span> <span class='ocrx_word' id='word_1_128' title='bbox 1453 1200 1740 1245; x_wconf 89' lang='lat' dir='ltr'>conversatio·</span> <span class='ocrx_word' id='word_1_129' title='bbox 1805 1238 1808 1246; x_wconf 90' lang='lat'>.</span> 
     </span>
    </p>
   </div>
   <div class='ocr_carea' id='block_1_5' title="bbox 354 1259 1806 1487">
    <p class='ocr_par' dir='ltr' id='par_1_5' title="bbox 354 1259 1806 1471">
     <span class='ocr_line' id='line_1_17' title="bbox 354 1259 1740 1329; baseline 0 -17"><span class='ocrx_word' id='word_1_130' title='bbox 354 1284 455 1312; x_wconf 90' lang='lat' dir='ltr'>nem</span> <span class='ocrx_word' id='word_1_131' title='bbox 473 1278 516 1312; x_wconf 86' lang='lat' dir='ltr'>et</span> <span class='ocrx_word' id='word_1_132' title='bbox 541 1268 933 1313; x_wconf 88' lang='lat' dir='ltr'>dissimilitudinem</span> <span class='ocrx_word' id='word_1_133' title='bbox 955 1269 1055 1312; x_wconf 85' lang='lat' dir='ltr'>vitae</span> <span class='ocrx_word' id='word_1_134' title='bbox 1073 1269 1264 1329; x_wconf 87' lang='lat' dir='ltr'>quodam</span> <span class='ocrx_word' id='word_1_135' title='bbox 1289 1270 1420 1313; x_wconf 90' lang='lat' dir='ltr'>modo</span> <span class='ocrx_word' id='word_1_136' title='bbox 1437 1270 1565 1313; x_wconf 89' lang='lat' dir='ltr'>tacite</span> <span class='ocrx_word' id='word_1_137' title='bbox 1582 1268 1664 1321; x_wconf 86' lang='lat' dir='ltr'>illis</span> <span class='ocrx_word' id='word_1_138' title='bbox 1679 1259 1740 1313; x_wconf 79' lang='lat' dir='ltr'>di·</span> 
     </span>
     <span class='ocr_line' id='line_1_18' title="bbox 355 1338 1740 1396; baseline 0.001 -14"><span class='ocrx_word' id='word_1_139' title='bbox 355 1347 439 1393; x_wconf 90' lang='lat' dir='ltr'>cat,</span> <span class='ocrx_word' id='word_1_140' title='bbox 449 1338 566 1382; x_wconf 68' lang='lat' dir='ltr'>«Viri</span> <span class='ocrx_word' id='word_1_141' title='bbox 579 1339 835 1396; x_wconf 83' lang='lat' dir='ltr'>sanguinum</span> <span class='ocrx_word' id='word_1_142' title='bbox 845 1338 1081 1393; x_wconf 88' lang='lat' dir='ltr'>,declinate</span> <span class='ocrx_word' id='word_1_143' title='bbox 1094 1356 1116 1382; x_wconf 89' lang='lat' dir='ltr'>a</span> <span class='ocrx_word' id='word_1_144' title='bbox 1129 1355 1210 1382; x_wconf 90' lang='lat' dir='ltr'>me.</span> <span class='ocrx_word' id='word_1_145' title='bbox 1222 1342 1343 1383; x_wconf 87' lang='lat' dir='ltr'>»Hoc</span> <span class='ocrx_word' id='word_1_146' title='bbox 1356 1339 1471 1382; x_wconf 89' lang='lat' dir='ltr'>enim</span> <span class='ocrx_word' id='word_1_147' title='bbox 1480 1340 1539 1383; x_wconf 91' lang='lat' dir='ltr'>eis</span> <span class='ocrx_word' id='word_1_148' title='bbox 1549 1355 1655 1383; x_wconf 88' lang='lat' dir='ltr'>voce</span> <span class='ocrx_word' id='word_1_149' title='bbox 1663 1339 1740 1384; x_wconf 90' lang='lat' dir='ltr'>Dei</span> 
     </span>
     <span class='ocr_line' id='line_1_19' title="bbox 355 1408 1806 1487; baseline 0.001 -35"><span class='ocrx_word' id='word_1_150' title='bbox 355 1408 476 1463; x_wconf 89' lang='lat' dir='ltr'>dicit,</span> <span class='ocrx_word' id='word_1_151' title='bbox 496 1425 596 1469; x_wconf 86' lang='lat' dir='ltr'>quae</span> <span class='ocrx_word' id='word_1_152' title='bbox 607 1425 690 1453; x_wconf 85' lang='lat' dir='ltr'>vox</span> <span class='ocrx_word' id='word_1_153' title='bbox 701 1409 746 1452; x_wconf 93' lang='lat' dir='ltr'>in</span> <span class='ocrx_word' id='word_1_154' title='bbox 759 1409 1019 1487; x_wconf 84' lang='lat' dir='ltr'>cogitatione</span> <span class='ocrx_word' id='word_1_155' title='bbox 1034 1418 1113 1464; x_wconf 88' lang='lat' dir='ltr'>est,</span> <span class='ocrx_word' id='word_1_156' title='bbox 1131 1409 1240 1453; x_wconf 83' lang='lat' dir='ltr'>sicut</span> <span class='ocrx_word' id='word_1_157' title='bbox 1253 1425 1348 1452; x_wconf 90' lang='lat' dir='ltr'>eam</span> <span class='ocrx_word' id='word_1_158' title='bbox 1364 1412 1477 1453; x_wconf 90' lang='lat' dir='ltr'>Deus</span> <span class='ocrx_word' id='word_1_159' title='bbox 1491 1408 1596 1453; x_wconf 89' lang='lat' dir='ltr'>dicit</span> <span class='ocrx_word' id='word_1_160' title='bbox 1609 1409 1654 1452; x_wconf 90' lang='lat' dir='ltr'>in</span> <span class='ocrx_word' id='word_1_161' title='bbox 1671 1425 1749 1471; x_wconf 29' lang='lat' dir='ltr'>co·-</span> <span class='ocrx_word' id='word_1_162' title='bbox 1805 1417 1806 1421; x_wconf 78' lang='grc'>’</span> 
     </span>
    </p>
   </div>
   <div class='ocr_carea' id='block_1_6' title="bbox 318 1478 1815 1557">
    <p class='ocr_par' dir='ltr' id='par_1_6' title="bbox 318 1478 1815 1557">
     <span class='ocr_line' id='line_1_20' title="bbox 318 1478 1815 1557; baseline 0.002 -35"><span class='ocrx_word' id='word_1_163' title='bbox 318 1478 323 1482; x_wconf 62' lang='grc'><strong>“</strong></span> <span class='ocrx_word' id='word_1_164' title='bbox 356 1479 561 1557; x_wconf 77' lang='lat' dir='ltr'>gitatione</span> <span class='ocrx_word' id='word_1_165' title='bbox 579 1481 714 1523; x_wconf 87' lang='lat' dir='ltr'>sancti</span> <span class='ocrx_word' id='word_1_166' title='bbox 732 1479 881 1540; x_wconf 90' lang='lat' dir='ltr'>populi</span> <span class='ocrx_word' id='word_1_167' title='bbox 894 1479 974 1523; x_wconf 89' lang='lat' dir='ltr'>sui.</span> <span class='ocrx_word' id='word_1_168' title='bbox 989 1479 1081 1523; x_wconf 88' lang='lat' dir='ltr'>Viri</span> <span class='ocrx_word' id='word_1_169' title='bbox 1096 1489 1239 1525; x_wconf 88' lang='lat' dir='ltr'>autem</span> <span class='ocrx_word' id='word_1_170' title='bbox 1252 1479 1516 1538; x_wconf 88' lang='lat' dir='ltr'>sanguinum</span> <span class='ocrx_word' id='word_1_171' title='bbox 1531 1480 1606 1540; x_wconf 87' lang='lat' dir='ltr'>qui</span> <span class='ocrx_word' id='word_1_172' title='bbox 1620 1490 1721 1524; x_wconf 90' lang='lat' dir='ltr'>sunt</span> <span class='ocrx_word' id='word_1_173' title='bbox 1766 1504 1768 1509; x_wconf 47' lang='lat' dir='ltr'>v</span> <span class='ocrx_word' id='word_1_174' title='bbox 1814 1503 1815 1525; x_wconf 44' lang='grc'>1</span> 
     </span>
    </p>
   </div>
   <div class='ocr_carea' id='block_1_7' title="bbox 356 1515 1806 1613">
    <p class='ocr_par' dir='ltr' id='par_1_7' title="bbox 356 1515 1806 1613">
     <span class='ocr_line' id='line_1_21' title="bbox 356 1515 1806 1613; baseline 0.001 -20"><span class='ocrx_word' id='word_1_175' title='bbox 356 1550 437 1594; x_wconf 91' lang='lat' dir='ltr'>nisi</span> <span class='ocrx_word' id='word_1_176' title='bbox 460 1549 535 1608; x_wconf 87' lang='lat' dir='ltr'>qui</span> <span class='ocrx_word' id='word_1_177' title='bbox 558 1550 748 1594; x_wconf 90' lang='lat' dir='ltr'>oderunt</span> <span class='ocrx_word' id='word_1_178' title='bbox 769 1548 951 1595; x_wconf 75' lang='lat' dir='ltr'>iratres?</span> <span class='ocrx_word' id='word_1_179' title='bbox 976 1549 1095 1594; x_wconf 85' lang='lat' dir='ltr'>Sicut</span> <span class='ocrx_word' id='word_1_180' title='bbox 1125 1552 1312 1594; x_wconf 89' lang='lat' dir='ltr'>Joannes</span> <span class='ocrx_word' id='word_1_181' title='bbox 1331 1550 1458 1606; x_wconf 89' lang='lat' dir='ltr'>dicit,</span> <span class='ocrx_word' id='word_1_182' title='bbox 1492 1569 1512 1592; x_wconf 92' lang='lat'>«</span> <span class='ocrx_word' id='word_1_183' title='bbox 1539 1550 1623 1613; x_wconf 87' lang='lat' dir='ltr'>Qui</span> <span class='ocrx_word' id='word_1_184' title='bbox 1650 1515 1748 1609; x_wconf 24' lang='lat' dir='ltr'>odii·</span> <span class='ocrx_word' id='word_1_185' title='bbox 1804 1558 1806 1563; x_wconf 81' lang='lat'><em>&#39;</em></span> 
     </span>
    </p>
   </div>
   <div class='ocr_carea' id='block_1_8' title="bbox 358 1608 1805 2032">
    <p class='ocr_par' dir='ltr' id='par_1_8' title="bbox 358 1608 1805 2032">
     <span class='ocr_line' id='line_1_22' title="bbox 359 1608 1744 1678; baseline 0.002 -18"><span class='ocrx_word' id='word_1_186' title='bbox 359 1638 379 1660; x_wconf 86' lang='lat'>»</span> <span class='ocrx_word' id='word_1_187' title='bbox 416 1619 590 1664; x_wconf 88' lang='lat' dir='ltr'>fratrem</span> <span class='ocrx_word' id='word_1_188' title='bbox 615 1636 769 1672; x_wconf 85' lang='lat' dir='ltr'>suum,</span> <span class='ocrx_word' id='word_1_189' title='bbox 799 1620 1015 1664; x_wconf 88' lang='lat' dir='ltr'>homicida</span> <span class='ocrx_word' id='word_1_190' title='bbox 1041 1608 1147 1664; x_wconf 72' lang='lat' dir='ltr'>esi2.</span> <span class='ocrx_word' id='word_1_191' title='bbox 1177 1622 1312 1664; x_wconf 86' lang='lat' dir='ltr'>»Hoc</span> <span class='ocrx_word' id='word_1_192' title='bbox 1330 1635 1431 1678; x_wconf 90' lang='lat' dir='ltr'>ergo</span> <span class='ocrx_word' id='word_1_193' title='bbox 1464 1636 1552 1664; x_wconf 92' lang='lat' dir='ltr'>non</span> <span class='ocrx_word' id='word_1_194' title='bbox 1581 1619 1744 1664; x_wconf 89' lang='lat' dir='ltr'>intelli-</span> 
     </span>
     <span class='ocr_line' id='line_1_23' title="bbox 358 1689 1744 1767; baseline 0 -34"><span class='ocrx_word' id='word_1_195' title='bbox 358 1699 505 1748; x_wconf 89' lang='lat' dir='ltr'>gentes</span> <span class='ocrx_word' id='word_1_196' title='bbox 541 1690 668 1734; x_wconf 90' lang='lat' dir='ltr'>occisi</span> <span class='ocrx_word' id='word_1_197' title='bbox 699 1700 973 1757; x_wconf 84' lang='lat' dir='ltr'>peccatores,</span> <span class='ocrx_word' id='word_1_198' title='bbox 1009 1689 1232 1767; x_wconf 83' lang='lat' dir='ltr'>quomodo</span> <span class='ocrx_word' id='word_1_199' title='bbox 1266 1690 1381 1733; x_wconf 90' lang='lat' dir='ltr'>dicat</span> <span class='ocrx_word' id='word_1_200' title='bbox 1408 1694 1521 1734; x_wconf 91' lang='lat' dir='ltr'>Deus</span> <span class='ocrx_word' id='word_1_201' title='bbox 1554 1689 1708 1747; x_wconf 86' lang='lat' dir='ltr'>malis</span> <span class='ocrx_word' id='word_1_202' title='bbox 1698 1707 1744 1734; x_wconf 86' lang='lat' dir='ltr'>in</span> 
     </span>
     <span class='ocr_line' id='line_1_24' title="bbox 358 1760 1738 1836; baseline -0.002 -32"><span class='ocrx_word' id='word_1_203' title='bbox 358 1760 618 1836; x_wconf 83' lang='lat' dir='ltr'>cogitatione</span> <span class='ocrx_word' id='word_1_204' title='bbox 638 1761 870 1814; x_wconf 69' lang='lat' dir='ltr'>bonorum,</span> <span class='ocrx_word' id='word_1_205' title='bbox 894 1761 1023 1804; x_wconf 90' lang='lat' dir='ltr'>«Viri</span> <span class='ocrx_word' id='word_1_206' title='bbox 1047 1761 1324 1819; x_wconf 86' lang='lat' dir='ltr'>sanguinum,</span> <span class='ocrx_word' id='word_1_207' title='bbox 1341 1760 1555 1813; x_wconf 86' lang='lat' dir='ltr'>declinate</span> <span class='ocrx_word' id='word_1_208' title='bbox 1577 1776 1699 1815; x_wconf 88' lang='lat' dir='ltr'>ame,</span> <span class='ocrx_word' id='word_1_209' title='bbox 1719 1779 1738 1801; x_wconf 86' lang='lat'>»</span> 
     </span>
     <span class='ocr_line' id='line_1_25' title="bbox 359 1830 1771 1896; baseline -0.001 -22"><span class='ocrx_word' id='word_1_210' title='bbox 359 1840 564 1874; x_wconf 87' lang='lat' dir='ltr'>accusant</span> <span class='ocrx_word' id='word_1_211' title='bbox 596 1830 642 1873; x_wconf 91' lang='lat' dir='ltr'>in</span> <span class='ocrx_word' id='word_1_212' title='bbox 675 1831 733 1874; x_wconf 93' lang='lat' dir='ltr'>eis</span> <span class='ocrx_word' id='word_1_213' title='bbox 766 1831 1119 1875; x_wconf 88' lang='lat' dir='ltr'>communionem</span> <span class='ocrx_word' id='word_1_214' title='bbox 1152 1830 1393 1889; x_wconf 68' lang='lat' dir='ltr'>malorum,</span> <span class='ocrx_word' id='word_1_215' title='bbox 1423 1840 1466 1875; x_wconf 90' lang='lat' dir='ltr'>et</span> <span class='ocrx_word' id='word_1_216' title='bbox 1493 1847 1536 1875; x_wconf 93' lang='lat' dir='ltr'>se</span> <span class='ocrx_word' id='word_1_217' title='bbox 1562 1847 1640 1890; x_wconf 92' lang='lat' dir='ltr'>per</span> <span class='ocrx_word' id='word_1_218' title='bbox 1668 1831 1771 1896; x_wconf 68' lang='grc'>1135,</span> 
     </span>
     <span class='ocr_line' id='line_1_26' title="bbox 360 1900 1744 1965; baseline 0.001 -21"><span class='ocrx_word' id='word_1_219' title='bbox 360 1900 599 1955; x_wconf 90' lang='lat' dir='ltr'>calumnias</span> <span class='ocrx_word' id='word_1_220' title='bbox 626 1900 889 1960; x_wconf 87' lang='lat' dir='ltr'>separando,</span> <span class='ocrx_word' id='word_1_221' title='bbox 930 1921 949 1943; x_wconf 75' lang='grc'>1(</span> <span class='ocrx_word' id='word_1_222' title='bbox 986 1901 1221 1965; x_wconf 86' lang='lat' dir='ltr'>Accipiunt</span> <span class='ocrx_word' id='word_1_223' title='bbox 1256 1901 1298 1949; x_wconf 89' lang='lat' dir='ltr'>in</span> <span class='ocrx_word' id='word_1_224' title='bbox 1327 1901 1518 1945; x_wconf 88' lang='lat' dir='ltr'>vanitate</span> <span class='ocrx_word' id='word_1_225' title='bbox 1552 1901 1744 1945; x_wconf 87' lang='lat' dir='ltr'>civitates</span> 
     </span>
     <span class='ocr_line' id='line_1_27' title="bbox 363 1970 1805 2032; baseline -0.001 -17"><span class='ocrx_word' id='word_1_226' title='bbox 363 1989 383 2011; x_wconf 91' lang='lat'>»</span> <span class='ocrx_word' id='word_1_227' title='bbox 419 1987 530 2015; x_wconf 89' lang='lat' dir='ltr'>suas.</span> <span class='ocrx_word' id='word_1_228' title='bbox 559 1989 579 2011; x_wconf 89' lang='lat'>»</span> <span class='ocrx_word' id='word_1_229' title='bbox 606 1974 710 2015; x_wconf 81' lang='lat' dir='ltr'>Haec</span> <span class='ocrx_word' id='word_1_230' title='bbox 731 1987 814 2016; x_wconf 83' lang='lat' dir='ltr'>vox</span> <span class='ocrx_word' id='word_1_231' title='bbox 838 1987 936 2032; x_wconf 80' lang='lat' dir='ltr'>quae</span> <span class='ocrx_word' id='word_1_232' title='bbox 954 1970 1119 2015; x_wconf 92' lang='lat' dir='ltr'>modo</span> <span class='ocrx_word' id='word_1_233' title='bbox 1108 1987 1154 2014; x_wconf 92' lang='lat' dir='ltr'>1n</span> <span class='ocrx_word' id='word_1_234' title='bbox 1175 1971 1435 2029; x_wconf 85' lang='lat' dir='ltr'>cogitatione</span> <span class='ocrx_word' id='word_1_235' title='bbox 1450 1971 1666 2015; x_wconf 89' lang='lat' dir='ltr'>bonorum</span> <span class='ocrx_word' id='word_1_236' title='bbox 1684 1970 1746 2014; x_wconf 81' lang='lat' dir='ltr'>di·</span> <span class='ocrx_word' id='word_1_237' title='bbox 1774 1992 1776 1994; x_wconf 31' lang='lat' dir='ltr'>v</span> <span class='ocrx_word' id='word_1_238' title='bbox 1804 1982 1805 1985; x_wconf 74' lang='grc'>’</span> 
     </span>
    </p>
   </div>
   <div class='ocr_carea' id='block_1_9' title="bbox 361 2041 1815 2102">
    <p class='ocr_par' dir='ltr' id='par_1_9' title="bbox 361 2041 1815 2102">
     <span class='ocr_line' id='line_1_28' title="bbox 361 2041 1815 2102; baseline -0.001 -16"><span class='ocrx_word' id='word_1_239' title='bbox 361 2042 472 2086; x_wconf 79' lang='lat' dir='ltr'>citui</span> <span class='ocrx_word' id='word_1_240' title='bbox 494 2041 639 2093; x_wconf 89' lang='lat' dir='ltr'>malis,</span> <span class='ocrx_word' id='word_1_241' title='bbox 671 2051 817 2102; x_wconf 89' lang='lat' dir='ltr'>aperta</span> <span class='ocrx_word' id='word_1_242' title='bbox 839 2042 919 2086; x_wconf 90' lang='lat' dir='ltr'>erit</span> <span class='ocrx_word' id='word_1_243' title='bbox 947 2042 993 2085; x_wconf 90' lang='lat' dir='ltr'>in</span> <span class='ocrx_word' id='word_1_244' title='bbox 1014 2041 1088 2085; x_wconf 88' lang='lat' dir='ltr'>illa</span> <span class='ocrx_word' id='word_1_245' title='bbox 1112 2042 1203 2096; x_wconf 91' lang='lat' dir='ltr'>die,</span> <span class='ocrx_word' id='word_1_246' title='bbox 1241 2041 1419 2100; x_wconf 86' lang='lat' dir='ltr'>quando</span> <span class='ocrx_word' id='word_1_247' title='bbox 1451 2041 1509 2085; x_wconf 91' lang='lat' dir='ltr'>eis</span> <span class='ocrx_word' id='word_1_248' title='bbox 1534 2041 1701 2085; x_wconf 88' lang='lat' dir='ltr'>dicetur</span> <span class='ocrx_word' id='word_1_249' title='bbox 1723 2057 1746 2085; x_wconf 88' lang='lat' dir='ltr'>a</span> <span class='ocrx_word' id='word_1_250' title='bbox 1805 2068 1815 2093; x_wconf 48' lang='grc' dir='ltr'>,ι</span> 
     </span>
    </p>
   </div>
   <div class='ocr_carea' id='block_1_10' title="bbox 360 2111 1815 2523">
    <p class='ocr_par' dir='ltr' id='par_1_10' title="bbox 360 2111 1806 2241">
     <span class='ocr_line' id='line_1_29' title="bbox 360 2111 1806 2171; baseline 0 -16"><span class='ocrx_word' id='word_1_251' title='bbox 360 2112 500 2171; x_wconf 86' lang='lat' dir='ltr'>capite</span> <span class='ocrx_word' id='word_1_252' title='bbox 520 2112 612 2171; x_wconf 85' lang='lat' dir='ltr'>ipso</span> <span class='ocrx_word' id='word_1_253' title='bbox 635 2121 783 2156; x_wconf 91' lang='lat' dir='ltr'>nostro</span> <span class='ocrx_word' id='word_1_254' title='bbox 811 2131 820 2156; x_wconf 88' lang='grc'>;</span> <span class='ocrx_word' id='word_1_255' title='bbox 851 2131 870 2153; x_wconf 90' lang='lat'>«</span> <span class='ocrx_word' id='word_1_256' title='bbox 894 2114 1127 2171; x_wconf 88' lang='lat' dir='ltr'>Nunquam</span> <span class='ocrx_word' id='word_1_257' title='bbox 1158 2114 1259 2154; x_wconf 83' lang='lat' dir='ltr'>novi</span> <span class='ocrx_word' id='word_1_258' title='bbox 1280 2126 1355 2155; x_wconf 87' lang='lat' dir='ltr'>vos</span> <span class='ocrx_word' id='word_1_259' title='bbox 1371 2146 1382 2166; x_wconf 95' lang='lat'>,</span> <span class='ocrx_word' id='word_1_260' title='bbox 1408 2111 1616 2155; x_wconf 86' lang='lat' dir='ltr'>discedite</span> <span class='ocrx_word' id='word_1_261' title='bbox 1637 2128 1660 2155; x_wconf 88' lang='lat' dir='ltr'>a</span> <span class='ocrx_word' id='word_1_262' title='bbox 1678 2126 1747 2155; x_wconf 88' lang='lat' dir='ltr'>me</span> <span class='ocrx_word' id='word_1_263' title='bbox 1770 2148 1773 2150; x_wconf 93' lang='lat'>.</span> <span class='ocrx_word' id='word_1_264' title='bbox 1804 2138 1806 2165; x_wconf 47' lang='grc' dir='ltr'>ζ</span> 
     </span>
     <span class='ocr_line' id='line_1_30' title="bbox 365 2181 1314 2241; baseline 0 -20"><span class='ocrx_word' id='word_1_265' title='bbox 365 2199 385 2221; x_wconf 86' lang='grc'><em>»</em></span> <span class='ocrx_word' id='word_1_266' title='bbox 416 2196 564 2225; x_wconf 90' lang='lat' dir='ltr'>omnes</span> <span class='ocrx_word' id='word_1_267' title='bbox 588 2182 663 2241; x_wconf 87' lang='lat' dir='ltr'>qui</span> <span class='ocrx_word' id='word_1_268' title='bbox 685 2181 922 2240; x_wconf 86' lang='lat' dir='ltr'>operamini</span> <span class='ocrx_word' id='word_1_269' title='bbox 943 2181 1218 2240; x_wconf 85' lang='lat' dir='ltr'>iniquitatem</span> <span class='ocrx_word' id='word_1_270' title='bbox 1235 2182 1267 2223; x_wconf 78' lang='grc'>3.</span> <span class='ocrx_word' id='word_1_271' title='bbox 1295 2198 1314 2221; x_wconf 76' lang='lat' dir='ltr'>n</span> 
     </span>
    </p>

    <p class='ocr_par' dir='ltr' id='par_1_11' title="bbox 362 2249 1815 2523">
     <span class='ocr_line' id='line_1_31' title="bbox 419 2249 1814 2310; baseline 0 -16"><span class='ocrx_word' id='word_1_272' title='bbox 419 2253 604 2294; x_wconf 86' lang='lat' dir='ltr'><strong>XXVII.</strong></span> <span class='ocrx_word' id='word_1_273' title='bbox 631 2253 756 2295; x_wconf 89' lang='lat' dir='ltr'>Nunc</span> <span class='ocrx_word' id='word_1_274' title='bbox 779 2259 924 2294; x_wconf 83' lang='lat' dir='ltr'>autem</span> <span class='ocrx_word' id='word_1_275' title='bbox 942 2249 1046 2294; x_wconf 90' lang='lat' dir='ltr'>dicit</span> <span class='ocrx_word' id='word_1_276' title='bbox 1068 2266 1223 2309; x_wconf 87' lang='lat' dir='ltr'>corpus</span> <span class='ocrx_word' id='word_1_277' title='bbox 1238 2249 1426 2302; x_wconf 85' lang='lat' dir='ltr'>Christi,</span> <span class='ocrx_word' id='word_1_278' title='bbox 1444 2249 1564 2310; x_wconf 88' lang='lat' dir='ltr'>quod</span> <span class='ocrx_word' id='word_1_279' title='bbox 1585 2259 1648 2295; x_wconf 90' lang='lat' dir='ltr'>est</span> <span class='ocrx_word' id='word_1_280' title='bbox 1663 2253 1748 2303; x_wconf 74' lang='lat' dir='ltr'>Ec·¹</span> <span class='ocrx_word' id='word_1_281' title='bbox 1804 2278 1814 2306; x_wconf 59' lang='lat' dir='ltr'>if</span> 
     </span>
     <span class='ocr_line' id='line_1_32' title="bbox 362 2321 1747 2382; baseline 0 -17"><span class='ocrx_word' id='word_1_282' title='bbox 362 2321 489 2365; x_wconf 82' lang='lat' dir='ltr'>clesia</span> <span class='ocrx_word' id='word_1_283' title='bbox 514 2357 525 2377; x_wconf 89' lang='lat'>,</span> <span class='ocrx_word' id='word_1_284' title='bbox 550 2321 665 2374; x_wconf 90' lang='lat' dir='ltr'>Quid</span> <span class='ocrx_word' id='word_1_285' title='bbox 684 2331 748 2366; x_wconf 91' lang='lat' dir='ltr'>est</span> <span class='ocrx_word' id='word_1_286' title='bbox 769 2321 889 2382; x_wconf 88' lang='lat' dir='ltr'>quod</span> <span class='ocrx_word' id='word_1_287' title='bbox 909 2321 1013 2364; x_wconf 84' lang='lat' dir='ltr'>mihi</span> <span class='ocrx_word' id='word_1_288' title='bbox 1035 2321 1359 2365; x_wconf 87' lang='lat' dir='ltr'>calumniantur</span> <span class='ocrx_word' id='word_1_289' title='bbox 1387 2321 1590 2381; x_wconf 86' lang='lat' dir='ltr'>superbi,</span> <span class='ocrx_word' id='word_1_290' title='bbox 1625 2322 1747 2382; x_wconf 88' lang='lat' dir='ltr'>quasi</span> 
     </span>
     <span class='ocr_line' id='line_1_33' title="bbox 363 2391 1793 2452; baseline 0 -17"><span class='ocrx_word' id='word_1_291' title='bbox 363 2407 432 2436; x_wconf 91' lang='lat' dir='ltr'>me</span> <span class='ocrx_word' id='word_1_292' title='bbox 454 2391 675 2435; x_wconf 85' lang='lat' dir='ltr'>maculent</span> <span class='ocrx_word' id='word_1_293' title='bbox 696 2391 833 2436; x_wconf 88' lang='lat' dir='ltr'>aliena</span> <span class='ocrx_word' id='word_1_294' title='bbox 856 2400 1032 2451; x_wconf 84' lang='lat' dir='ltr'>peccata</span> <span class='ocrx_word' id='word_1_295' title='bbox 1047 2427 1058 2447; x_wconf 91' lang='lat'>,</span> <span class='ocrx_word' id='word_1_296' title='bbox 1089 2401 1133 2435; x_wconf 88' lang='lat' dir='ltr'>et</span> <span class='ocrx_word' id='word_1_297' title='bbox 1151 2401 1377 2452; x_wconf 87' lang='lat' dir='ltr'>propterea</span> <span class='ocrx_word' id='word_1_298' title='bbox 1408 2392 1647 2451; x_wconf 86' lang='lat' dir='ltr'>separando</span> <span class='ocrx_word' id='word_1_299' title='bbox 1669 2408 1713 2435; x_wconf 89' lang='lat' dir='ltr'>se</span> <span class='ocrx_word' id='word_1_300' title='bbox 1727 2426 1739 2447; x_wconf 91' lang='lat'>,</span> <span class='ocrx_word' id='word_1_301' title='bbox 1791 2407 1793 2409; x_wconf 74' lang='grc'><strong>’</strong></span> 
     </span>
     <span class='ocr_line' id='line_1_34' title="bbox 362 2453 1815 2523; baseline 0 -17"><span class='ocrx_word' id='word_1_302' title='bbox 362 2462 595 2522; x_wconf 88' lang='lat' dir='ltr'>Accipiunt</span> <span class='ocrx_word' id='word_1_303' title='bbox 613 2481 633 2504; x_wconf 90' lang='lat'>«</span> <span class='ocrx_word' id='word_1_304' title='bbox 659 2466 708 2506; x_wconf 92' lang='lat' dir='ltr'>ln</span> <span class='ocrx_word' id='word_1_305' title='bbox 726 2463 915 2506; x_wconf 88' lang='lat' dir='ltr'>vanitate</span> <span class='ocrx_word' id='word_1_306' title='bbox 929 2462 1120 2507; x_wconf 86' lang='lat' dir='ltr'>civitates</span> <span class='ocrx_word' id='word_1_307' title='bbox 1137 2463 1258 2506; x_wconf 80' lang='lat' dir='ltr'>suas?</span> <span class='ocrx_word' id='word_1_308' title='bbox 1280 2465 1434 2508; x_wconf 89' lang='lat' dir='ltr'>Nonne</span> <span class='ocrx_word' id='word_1_309' title='bbox 1457 2478 1528 2507; x_wconf 92' lang='lat' dir='ltr'>eos</span> <span class='ocrx_word' id='word_1_310' title='bbox 1544 2463 1620 2523; x_wconf 89' lang='lat' dir='ltr'>qui</span> <span class='ocrx_word' id='word_1_311' title='bbox 1637 2462 1744 2508; x_wconf 90' lang='lat' dir='ltr'>ode·</span> <span class='ocrx_word' id='word_1_312' title='bbox 1783 2466 1785 2489; x_wconf 72' lang='lat'>³</span> <span class='ocrx_word' id='word_1_313' title='bbox 1804 2453 1815 2522; x_wconf 26' lang='lat' dir='ltr'>a*</span> 
     </span>
    </p>
   </div>
   <div class='ocr_carea' id='block_1_11' title="bbox 414 2545 1456 2589">
    <p class='ocr_par' dir='ltr' id='par_1_12' title="bbox 414 2545 1456 2589">
     <span class='ocr_line' id='line_1_35' title="bbox 414 2545 1456 2589; baseline 0 -11"><span class='ocrx_word' id='word_1_314' title='bbox 414 2553 424 2569; x_wconf 87' lang='lat'><em>¹</em></span> <span class='ocrx_word' id='word_1_315' title='bbox 443 2546 557 2579; x_wconf 86' lang='lat' dir='ltr'>Matth.</span> <span class='ocrx_word' id='word_1_316' title='bbox 575 2558 621 2588; x_wconf 89' lang='grc'>111,</span> <span class='ocrx_word' id='word_1_317' title='bbox 636 2555 691 2579; x_wconf 81' lang='lat'>22.</span> <span class='ocrx_word' id='word_1_318' title='bbox 711 2563 752 2569; x_wconf 92' lang='lat'>—-</span> <span class='ocrx_word' id='word_1_319' title='bbox 773 2554 786 2569; x_wconf 89' lang='lat'>²</span> <span class='ocrx_word' id='word_1_320' title='bbox 809 2558 820 2578; x_wconf 91' lang='lat'><strong>1</strong></span> <span class='ocrx_word' id='word_1_321' title='bbox 838 2549 928 2580; x_wconf 84' lang='lat' dir='ltr'>Joan.</span> <span class='ocrx_word' id='word_1_322' title='bbox 949 2553 994 2589; x_wconf 87' lang='grc'>111,</span> <span class='ocrx_word' id='word_1_323' title='bbox 1020 2546 1071 2579; x_wconf 85' lang='lat'>15.</span> <span class='ocrx_word' id='word_1_324' title='bbox 1095 2563 1136 2570; x_wconf 85' lang='lat'><em>-</em></span> <span class='ocrx_word' id='word_1_325' title='bbox 1156 2545 1170 2570; x_wconf 87' lang='lat'>3</span> <span class='ocrx_word' id='word_1_326' title='bbox 1192 2547 1305 2579; x_wconf 84' lang='lat' dir='ltr'>Matth.</span> <span class='ocrx_word' id='word_1_327' title='bbox 1326 2558 1381 2589; x_wconf 82' lang='lat' dir='ltr'>vu,</span> <span class='ocrx_word' id='word_1_328' title='bbox 1401 2546 1456 2579; x_wconf 79' lang='lat'>23.</span> 
     </span>
    </p>
   </div>
   <div class='ocr_carea' id='block_1_12' title="bbox 1725 0 1815 3253">
    <p class='ocr_par' dir='ltr' id='par_1_13' title="bbox 1725 0 1815 3253">
     <span class='ocr_line' id='line_1_36' title="bbox 1725 0 1815 3253; baseline 0 0"><span class='ocrx_word' id='word_1_329' title='bbox 1725 0 1815 3253; x_wconf 95' lang='lat' dir='ltr'> </span> 
     </span>
    </p>
   </div>
   <div class='ocr_carea' id='block_1_13' title="bbox 1811 1084 1815 1600">
    <p class='ocr_par' dir='ltr' id='par_1_14' title="bbox 1811 1084 1815 1600">
     <span class='ocr_line' id='line_1_37' title="bbox 1811 1084 1815 1600; baseline 0 0"><span class='ocrx_word' id='word_1_330' title='bbox 1811 1084 1815 1600; x_wconf 95' lang='lat' dir='ltr'> </span> 
     </span>
    </p>
   </div>
  </div>
 </body>
</html>
