1815 3253
341 187 423 225 208
763 193 798 223 s.
833 194 1063 225 Aueus‘nm
1094 197 1278 225 Emscom

342 279 362 301 »
397 259 534 304 sancti
564 260 653 319 ejus
679 259 942 306 exultatione
973 260 1248 306 exultabunt.
1284 278 1304 303 »
1331 260 1416 314 Qui
1450 260 1582 316 dicit,
1604 279 1626 304 «
1652 262 1718 306 lbi
1779 266 1781 280 '

341 347 362 371 »
397 329 614 374 suscitabo
636 345 771 374 cornu
793 329 947 387 David,
973 348 993 373 >›
1014 334 1128 376 Deus
1148 341 1226 376 est.
1248 333 1346 391 Ipse
1366 330 1471 375 dicit
1485 365 1496 386 ,
1526 350 1547 374 «
1565 332 1718 377 Paravi

341 418 361 442 n
397 400 619 445 lucernam
643 401 814 446 Christo
835 416 956 457 meo,
980 402 1121 462 »quia
1141 412 1184 448 et
1197 402 1394 449 Christus
1421 411 1567 446 noster
1592 411 1656 447 est
1676 411 1720 447 et

338 472 533 516 Christus
549 472 709 516 Patris:
727 472 924 517 Christus
945 482 1091 518 noster
1107 483 1186 530 est,
1201 489 1302 518 cum
1319 473 1454 518 salvat
1465 487 1543 518 nos
1556 482 1598 517 et
1610 472 1720 532 regit
1739 509 1744 516 .

335 558 412 587 nos
432 577 444 594 ‚
468 543 690 603 quomodo
713 552 757 587 et
782 544 992 588 Dominus
1021 553 1189 600 noster,
1220 544 1355 588 Filius
1378 553 1522 589 autem
1547 543 1683 588 Patris
1705 562 1714 588 :

334 613 530 657 Christus
543 621 688 656 autem
702 622 744 657 et
756 622 899 657 noster
909 623 953 657 et
964 614 1228 659 Patris.Nam
1237 614 1270 658 si
1283 615 1416 658 Patris
1424 616 1454 659 C
1462 614 1620 658 hristus
1630 628 1719 658 non
1774 631 1777 649 4

334 693 550 739 esset,non
564 683 780 728 diceretur
793 685 1004 744 superius,
1015 705 1034 727 «
1046 689 1229 744 Propter
1237 685 1374 729 David
1385 700 1557 730 servum
1572 693 1716 739 tuum,

339 772 357 794 η
394 770 448 797 ne
470 763 633 798 avertas
655 753 810 798 faciem
833 755 993 799 Christi
1020 755 1121 799 tui¹.
1143 757 1279 814 Super
1300 754 1443 814 ipsum
1467 763 1611 798 autem
1635 754 1718 798 sso-

338 841 357 864 »
394 824 506 867 rcbit
526 825 809 868 sanctificatio
836 840 946 868 mea.
977 842 996 865 »
1018 827 1154 883 Super
1177 825 1398 869 Christum
1418 825 1558 868 floret.
1584 826 1719 868 Nemo

334 895 562 938 hominum
595 894 714 938 illam
737 895 818 938 sibi
842 904 1051 950 assumat,
1077 896 1178 955 quia
1211 895 1301 954 ipse
1316 895 1557 939 sanctificat
1584 893 1720 938 :alio-

334 965 440 1023 quin
465 980 552 1008 non
574 964 654 1009 erit
674 980 823 1008 verum
841 1000 851 1019 ‚
874 984 893 1006 «
920 967 1057 1024 Super
1078 965 1220 1024 ipsum
1243 974 1389 1008 autem
1413 964 1586 1008 florebit
1601 978 1719 1007 sanc-

338 1052 356 1074 »
394 1034 568 1079 tificatio
589 1049 700 1078 mea.
727 1053 746 1076 »
774 1035 919 1079 Gloria
951 1034 1300 1078 sanctificationis
1333 1034 1521 1078 florebit.
1550 1033 1718 1078 Sancti-

334 1105 478 1149 ficatio
497 1120 597 1163 ergo
609 1105 769 1150 Christi
782 1105 827 1148 in
842 1105 934 1164 ipso
951 1106 1140 1160 Christo⁷
1156 1114 1343 1164 potestas
1365 1103 1718 1149 sanctificationis

334 1176 410 1219 Dei
427 1176 472 1219 iu
493 1177 680 1221 Christo.
710 1196 730 1218 «
756 1176 950 1220 Florebit
981 1194 1000 1217 »
1022 1177 1137 1220 enim
1153 1211 1164 1231 ,
1186 1175 1307 1236 quod
1324 1176 1448 1230 dixit,
1467 1175 1521 1219 ad
1540 1175 1719 1233 gloriam

333 1245 427 1289 vult
442 1247 672 1304 pertinere.
691 1247 876 1300 Quando
892 1247 1006 1290 enim
1021 1247 1180 1290 florent
1192 1247 1383 1301 arbores,
1401 1255 1507 1290 tunc
1524 1245 1720 1304 pulchrae
1807 1264 1809 1275 ⁴

334 1325 449 1360 sunt.
469 1319 583 1374 Ergo
601 1317 882 1361 sanctificatio
897 1317 941 1360 in
961 1317 1175 1376 baptismo
1188 1352 1198 1372 ‚
1219 1314 1321 1360 inde
1340 1317 1492 1371 floret,
1513 1326 1557 1360 et
1568 1315 1716 1360 claret.

335 1385 460 1429 Unde
482 1387 607 1431 cessit
629 1385 820 1430 mundus
841 1386 943 1430 huic
967 1386 1309 1446 pulchritudini?
1334 1386 1446 1437 Quia
1479 1386 1526 1429 in
1547 1386 1720 1430 Christo
1765 1405 1767 1420 =

335 1457 474 1501 ssoret.
499 1460 610 1503 Nam
643 1473 757 1516 pone
787 1457 906 1502 illam
942 1457 987 1501 in
1024 1457 1209 1502 hominis
1230 1466 1444 1517 potestate
1461 1492 1471 1512 ‚
1497 1455 1721 1516 quomodo

334 1527 481 1582 floret,
510 1526 688 1586 quando
709 1528 848 1572 omnis
869 1542 969 1572 caro
987 1525 1181 1584 foenum,
1206 1537 1250 1572 et
1265 1528 1405 1573 omnis
1430 1526 1605 1571 claritas
1623 1541 1719 1570 car·
1763 1526 1765 1537 ’

335 1597 400 1641 nis
422 1606 472 1641 ut
494 1598 573 1642 ssos
588 1596 748 1642 foeni²P

382 1712 390 1729 ¹
417 1706 496 1738 Psal.
512 1717 599 1748 xxxi,
623 1717 674 1739 10.
697 1723 737 1729 —
758 1713 770 1728 ²
789 1708 861 1739 lsai.
883 1718 934 1748 κι,
959 1708 992 1739 6,
