1815 3253
392 242 633 271 sumnum
665 243 711 270 m
743 240 946 270 PsALMtJM
978 242 1098 269 cxxx.
1352 231 1439 269 ‘169

57 329 78 352 »
111 309 338 355 vocabitur
381 310 584 354 omnibus
627 310 845 369 gentibus.
886 328 906 351 »
943 309 1132 354 Audistis
1173 309 1288 353 enim
1331 309 1440 370 quid

55 381 208 427 dixerit
228 382 438 426 Dominus
464 383 586 425 Jesus
609 382 806 426 Christus
829 401 837 426 ε
865 400 885 423 «
909 381 1125 439 Scriptum
1150 389 1213 424 est
1238 397 1250 424 .·
1278 384 1440 424 Domus

57 471 79 494 »
113 467 206 496 mea
228 450 384 495 domus
406 452 612 496 orationis
634 452 862 496 vocabitur
883 452 1086 495 omnibus
1110 451 1313 509 gentibus
1331 486 1342 505 ,
1365 467 1440 495 vos

58 541 79 565 »
114 531 256 567 autem
288 522 446 567 fecistis
478 538 572 567 eam
595 523 843 583 speluncam
875 512 1136 566 latronum1.
1166 541 1185 563 »
1216 521 1442 582 Numquid

55 593 118 638 illi
140 594 215 653 qui
233 592 466 638 voluerunt
482 593 622 638 facere
641 593 820 639 domum
839 594 916 637 Dei
934 593 1186 652 speluncam
1200 593 1437 647 latronum,

55 662 254 708 fecerunt
277 672 326 707 ut
360 673 504 708 rueret
537 664 805 724 templum-‘P
823 664 891 709 Sic
913 673 956 707 et
973 663 1035 707 illi
1058 664 1133 724 qui
1156 662 1268 707 male
1289 664 1444 707 vivunt

54 734 98 778 in
122 734 310 779 Ecclesia
332 734 542 779 catholica
559 771 569 790 ,
607 744 821 795 quantum
843 735 888 778 in
909 735 1010 794 ipsis
1045 744 1134 788 est,
1161 734 1340 778 domum
1366 735 1442 778 Dei

55 804 210 849 volunt
238 803 378 848 facere
419 805 672 864 speluncam
706 805 958 862 latronum,
994 820 1075 849 nec
1108 805 1207 849 ideo
1240 814 1442 848 evertunt

53 873 282 933 templum.
310 874 464 917 Veniet
487 876 600 918 enim
620 885 790 935 tempus
809 911 819 930 ,
838 876 1015 936 quando
1034 876 1088 920 de
1112 885 1221 919 reste
1243 885 1443 934 peccato-

55 959 152 988 rum
183 959 360 988 suorum
386 944 501 988 foras
529 946 775 991 mittantur.
806 949 899 991 Hoc
922 956 1068 990 autem
1098 946 1312 1005 templum
1335 946 1439 1000 Dei,

55 1015 138 1059 hoc
159 1030 315 1074 corpus
330 1015 515 1070 Christi,
552 1016 646 1060 haec
668 1017 948 1075 congregatio
980 1016 1177 1060 fidelium
1205 1032 1339 1059 unam
1362 1032 1442 1060 vo-

55 1101 149 1130 cem
171 1085 325 1140 habet,
345 1095 388 1129 et
410 1095 619 1146 tanquam
633 1102 747 1130 unus
762 1087 894 1130 homo
912 1095 1057 1130 cantat
1076 1087 1120 1129 in
1135 1086 1320 1132 Psalmo.
1338 1088 1445 1146 Ejus

57 1173 204 1203 vocem
223 1163 311 1214 jam
330 1158 374 1201 in
391 1157 539 1202 multis
563 1158 741 1202 Psalmis
776 1158 1020 1202 audivimus
1038 1194 1048 1212 ,
1075 1157 1303 1202 audiamus
1331 1168 1374 1202 et
1401 1158 1446 1202 in

56 1228 152 1273 isto.
182 1228 224 1273 Si
244 1228 447 1273 volumus
463 1264 474 1284 ,
495 1238 641 1273 nostra
662 1245 746 1273 vox
769 1239 855 1286 est,
879 1230 912 1272 si
934 1229 1137 1273 volumus
1152 1264 1162 1284 ,
1191 1244 1294 1273 aure
1317 1228 1444 1273 audi-

55 1314 153 1343 mus
182 1308 429 1344 cantantem
444 1335 455 1353 ,
481 1309 525 1344 et
546 1315 624 1344 nos
645 1299 776 1344 corde
797 1309 1036 1343 cantamus.
1082 1300 1124 1344 Si
1148 1310 1294 1344 autem
1314 1299 1445 1344 nolu-

56 1383 151 1412 mus
166 1404 177 1423 ,
203 1369 362 1413 erimus
376 1370 418 1412 in
433 1369 508 1413 illo
524 1369 688 1428 templo
706 1378 916 1429 tanquam
932 1378 1123 1412 ementes
1135 1378 1176 1412 et
1189 1368 1443 1425 vendentes,

56 1439 102 1483 id
125 1449 209 1495 est,
235 1450 381 1485 nostra
403 1450 662 1500 quaerentes,
681 1444 900 1485 Intramus
921 1440 1157 1485 Ecclesiam
1175 1476 1186 1496 ,
1207 1456 1296 1485 non
1327 1441 1382 1485 ad
1398 1457 1445 1485 ea

57 1527 156 1572 quae
193 1512 365 1571 placent
398 1512 533 1556 oculis
571 1513 661 1555 Dei.
698 1512 864 1556 Viderit
898 1528 1000 1570 ergo
1029 1512 1074 1555 in
1096 1527 1280 1556 numero
1301 1522 1444 1557 vestro

54 1582 149 1642 quis
170 1582 391 1642 quomodo
417 1581 588 1636 audiat,
614 1592 761 1626 utrum
786 1582 934 1626 audiat
956 1582 1163 1636 irrideat,
1189 1592 1338 1626 utrum
1361 1599 1441 1627 au-

55 1654 146 1697 diat
166 1662 208 1696 et
233 1662 330 1712 post
359 1668 402 1697 se
424 1662 588 1712 ponat,
614 1662 763 1697 utrum
787 1653 935 1697 audiat
965 1663 1007 1698 et
1026 1663 1250 1709 consonet,
1277 1653 1321 1698 id
1349 1664 1412 1699 est
1428 1690 1438 1710 ,

56 1723 212 1767 sentiat
228 1724 298 1768 hic
319 1739 472 1768 vocem
486 1740 608 1768 suam
623 1760 633 1779 ,
660 1734 703 1768 et
716 1725 926 1785 adjungat
938 1741 1088 1770 vocem
1104 1725 1245 1770 cordis
1263 1726 1328 1770 sui
1347 1728 1442 1771 voci

59 1794 215 1838 Psalmi
243 1796 386 1855 hujus.
415 1799 575 1839 Tamen
598 1812 681 1841 vox
706 1796 862 1840 Psalmi
896 1798 1024 1857 hujus
1062 1814 1150 1841 non
1179 1808 1318 1856 tacet,
1351 1799 1441 1843 ins-

12 1860 16 1927 }
57 1873 258 1909 truantur
275 1866 349 1926 qui
385 1876 588 1925 possunt,
615 1867 703 1911 imo
728 1868 803 1927 qui
825 1867 1010 1925 volunt,
1042 1870 1117 1928 qui
1150 1869 1328 1924 nolunt,
1355 1885 1445 1914 non

14 1978 16 1993 ‚
57 1936 310 1995 impediant.
339 1937 681 1982 Commendetur
711 1938 836 1983 nobis
868 1939 1115 1994 humilitas,
1150 1940 1252 1984 inde
1273 1940 1407 2000 coepit
1433 1960 1442 1985 ε

14 1999 16 2008 ’
118 2010 192 2052 IV.
223 2027 242 2050 «
268 2009 451 2053 Domine
468 2025 556 2054 non
581 2019 645 2054 est
664 2010 900 2054 exaltatum
933 2026 1007 2055 cor
1038 2026 1200 2055 meum.
1230 2031 1249 2052 »
1274 2013 1444 2057 Sacrifi-

58 2078 171 2122 cium
195 2078 368 2123 obtulit.
409 2080 534 2124 Unde
556 2080 792 2139 probamus
825 2082 927 2141 quia
961 2082 1221 2126 sacrificium
1255 2082 1446 2127 obtulit?

58 2149 167 2202 Quia
213 2149 431 2194 humilitas
472 2151 613 2195 cordis
655 2152 913 2196 sacrificium
956 2161 1033 2196 est.
1079 2152 1246 2196 Dicitur
1282 2154 1327 2196 in
1361 2152 1445 2197 alio

60 2217 246 2273 Psalmo,
271 2238 290 2260 «
316 2220 530 2273 Quoniam
554 2221 586 2264 si
608 2220 814 2265 voluisses
830 2222 1102 2276 sacrificium,
1125 2222 1337 2267 dedissem
1359 2223 1448 2266 uti-

64 2306 84 2329 »
118 2304 204 2348 que
219 2290 249 2332 ³.
275 2307 294 2329 »
319 2290 426 2334 Satis
448 2290 623 2335 volebat
644 2290 785 2336 facere
802 2295 892 2336 Deo
915 2307 992 2352 pro
1010 2293 1194 2352 peccatis
1217 2293 1330 2349 suis,
1350 2309 1448 2353 pro-

61 2360 212 2419 pitiare
234 2359 357 2404 illum
380 2361 557 2405 volebat
574 2397 584 2416 ,
610 2372 661 2406 ut
678 2364 892 2422 acciperet
914 2363 1232 2422 indulgentiam
1250 2375 1449 2424 peccato-

62 2444 173 2474 rum.
200 2433 255 2474 Et
277 2431 400 2491 quasi
420 2447 618 2491 quaerens
632 2432 750 2476 unde
772 2433 896 2477 illum
916 2435 1194 2495 propitiaret,
1224 2436 1267 2480 Si
1290 2435 1448 2480 voluis·

63 2515 146 2556 seS,
185 2501 355 2561 inquit,
392 2503 679 2558 sacrificium,
710 2503 926 2548 dedissem
970 2506 1150 2566 utique,
1184 2506 1448 2551 holocaustis

17 2553 32 2637 l*
112 2591 120 2607 ¹
141 2586 252 2618 Matth.
273 2598 316 2628 xi,
343 2587 393 2620 13.
414 2604 455 2610 —-
479 2595 491 2610 ²
510 2589 602 2620 Joan.
621 2598 655 2630 11,
679 2600 729 2632 19·
751 2606 793 2612 -—
817 2587 829 2612 3
851 2590 928 2622 Psal.
946 2601 976 2631 ι,
1000 2591 1050 2622 18.

18 2670 20 2695 Ι
