1815 3253
353 229 406 266 32
776 241 810 266 s.
846 236 1076 269 Aueusnm
1109 242 1291 270 Emscom

351 302 482 356 Quod
504 317 660 362 corpus
675 303 830 359 habet,
857 320 947 349 non
965 316 1028 350 est
1044 306 1231 366 idipsum
1250 325 1258 351 :
1283 306 1386 366 quia
1400 320 1488 350 non
1506 307 1552 349 in
1573 320 1617 350 se
1635 315 1733 350 stat.

353 377 550 418 Mutatur
566 389 644 433 per
665 383 833 430 aetates,
859 384 1053 420 mutatur
1078 393 1154 437 per
1176 377 1438 421 mutationes
1470 376 1666 421 locorum
1689 392 1738 420 ac

352 453 623 504 temporum,
657 455 852 490 mutatur
892 462 970 505 per
993 449 1168 492 morbos
1198 457 1241 492 et
1270 447 1467 492 defectus
1500 447 1692 492 carnales
1724 466 1734 491 ι

352 532 441 560 non
463 531 567 575 ergo
589 517 635 560 in
672 532 715 560 se
749 526 848 561 stat.
883 520 1078 577 Corpora
1110 518 1300 563 coelestia
1327 533 1416 561 non
1447 518 1494 561 in
1519 533 1563 561 se
1593 526 1733 572 stant,

350 585 516 629 habent
535 586 744 645 quasdam
767 587 1030 631 mutationes
1060 604 1178 643 suas,
1204 588 1283 631 ctsi
1309 586 1499 632 occultas
1522 606 1530 631 2
1551 595 1666 630 certe
1683 586 1737 630 de

350 654 456 699 locis
478 656 522 698 in
543 655 638 700 loca
655 664 900 712 mutantur,
923 657 1164 701 ascendunt
1181 659 1235 701 ab
1254 658 1432 702 Oriente
1462 658 1506 700 in
1528 657 1739 701 Occiden-

350 734 436 769 tem
450 761 460 780 ‚
481 735 525 769 et
544 741 690 770 rursus
708 726 981 771 circumeunt
1003 727 1057 771 ad
1080 729 1303 771 Orientem
1330 746 1339 771 ε
1365 742 1455 770 non
1477 741 1577 784 ergo
1596 735 1732 781 stant,

351 812 441 840 non
461 806 564 841 sunt
590 797 793 856 idipsum.
820 798 975 842 Anima
997 799 1188 842 humana
1210 813 1289 841 nec
1317 797 1408 856 ipsa
1429 806 1526 842 stat.
1553 797 1735 850 Quantis

353 867 468 910 enim
487 867 803 911 mutationibus
821 877 864 911 et
881 868 1217 927 cogitationibus
1233 869 1424 913 variatur
1440 904 1449 923 ‚
1465 868 1637 928 quantis
1657 883 1737 913 vo-

351 935 596 996 luptatibus
613 938 869 982 immutatur
886 973 896 993 ,
929 939 1101 999 quantis
1114 938 1423 998 cupiditatibus
1436 938 1736 982 diverberatur

351 1017 481 1067 atque
498 1008 786 1053 discinditur?
806 1012 928 1053 Mens
950 1010 1039 1068 ipsa
1062 1010 1248 1054 hominis
1265 1045 1275 1064 ‚
1302 1025 1402 1070 quae
1422 1009 1580 1053 dicitur
1599 1009 1734 1053 ratio-

351 1077 482 1131 nalis,
503 1076 724 1121 mutabilis
744 1086 829 1132 ost,
862 1095 950 1123 non
970 1088 1034 1123 est
1055 1079 1260 1139 idipsum.
1293 1080 1426 1124 Modo
1449 1079 1568 1134 vult,
1602 1080 1734 1123 modo

349 1162 439 1191 non
457 1146 574 1204 vult3
594 1147 724 1192 modo
738 1148 817 1191 scit
833 1183 843 1198 ,
865 1148 997 1193 modo
1022 1150 1180 1206 nescit3
1203 1149 1333 1194 modo
1354 1149 1576 1204 meminit,
1602 1148 1733 1193 modo

348 1217 617 1261 obliviscitur
637 1236 645 1262 2
667 1233 769 1276 ergo
787 1217 973 1278 idipsum
988 1234 1117 1263 nemo
1139 1219 1271 1263 habet
1288 1235 1407 1264 exse.
1425 1219 1510 1272 Qui
1531 1218 1732 1262 voluitex

346 1287 980 1348 sehabereidipsum,utquasi
1010 1289 1100 1348 ipse
1125 1289 1333 1354 sibiesset¹
1360 1288 1732 1348 idipsum‚lapsus

345 1366 408 1401 est
425 1376 433 1401 :
451 1357 607 1400 cecidit
625 1357 818 1415 angelus,
841 1368 884 1402 et
900 1358 1035 1402 factus
1049 1367 1113 1402 est
1134 1353 1347 1402 diabolus.
1375 1358 1626 1417 Propinavit
1647 1359 1729 1402 ho-

344 1427 453 1470 mini
465 1428 726 1486 superbiam,
752 1428 907 1488 dejecit
919 1444 1065 1472 secum
1083 1428 1319 1473 invidentia
1335 1444 1434 1472 eum
1450 1429 1525 1488 qui
1547 1428 1724 1472 stabat¹.

345 1497 421 1541 Isti
442 1497 524 1540 sibi
547 1497 781 1542 voluerunt
801 1497 991 1557 idipsum
1012 1513 1100 1542 esse
1120 1519 1130 1554 3
1155 1498 1234 1542 sibi
1258 1498 1489 1557 principari
1507 1533 1517 1553 ,
1538 1498 1619 1541 sibi
1644 1497 1726 1542 do-

343 1567 496 1610 minari
515 1567 768 1611 voluerunt:
786 1566 1023 1612 noluerunt
1038 1568 1199 1611 habere
1210 1583 1362 1611 verum
1375 1567 1610 1612 Dominum
1625 1602 1635 1621 ,
1650 1567 1727 1626 qui

342 1653 442 1681 vere
463 1646 525 1681 est
549 1637 735 1697 idipsum
749 1673 759 1692 ,
781 1639 850 1682 cui
871 1638 1036 1682 dictum
1056 1646 1119 1681 est
1141 1657 1150 1682 2
1173 1657 1191 1679 «
1207 1638 1398 1682 Mutabis
1418 1653 1488 1692 ea,
1506 1647 1549 1682 et
1578 1647 1726 1682 muta-

346 1726 366 1748 »
402 1708 586 1767 buntur3
602 1717 651 1752 tu
667 1717 813 1752 autem
831 1708 946 1752 idem
963 1709 1054 1768 ipse
1070 1711 1149 1752 es2.
1168 1727 1187 1749 »
1209 1711 1306 1752 Jam
1320 1724 1423 1767 ergo
1441 1718 1539 1768 post
1554 1717 1724 1753 tantum

340 1777 595 1837 languorem
614 1815 624 1834 ‚
645 1789 740 1838 post
759 1788 899 1824 tantos
915 1779 1089 1824 morbos
1103 1815 1113 1834 ,
1135 1779 1428 1834 difficultates,
1453 1779 1638 1833 labores,
1656 1795 1724 1823 re-

341 1847 441 1893 dcat
469 1849 609 1893 anima
629 1848 854 1893 humiliata
884 1849 938 1893 ad
966 1849 1154 1908 idipsum
1183 1869 1190 1893 :
1216 1859 1258 1894 et
1293 1850 1346 1893 sit
1377 1850 1423 1893 in
1448 1849 1520 1893 illa
1551 1850 1722 1894 civitate

344 1937 364 1959 «
398 1919 532 1978 Cujus
555 1918 827 1977 participatio
850 1920 941 1978 ejus
962 1919 1006 1962 in
1028 1918 1233 1978 idipsum.
1259 1938 1279 1960 »

398 1990 496 2031 VII.
527 2007 546 2029 «
580 1987 689 2032 Illuc
713 1989 826 2031 enim
850 1988 1137 2032 ascenderunt
1156 1988 1337 2032 tribus3.
1367 2006 1386 2029 »
1413 1988 1720 2048 Quaerebamus

338 2057 454 2100 enim
478 2072 567 2116 quo
589 2058 791 2101 ascendat
813 2057 889 2116 qui
911 2057 1067 2101 cecidit
1085 2078 1095 2114 3
1122 2058 1222 2116 quia
1245 2056 1429 2101 diximus
1445 2092 1455 2112 ‚
1484 2056 1721 2101 aseenden—

338 2127 390 2171 tis
419 2126 606 2171 hominis
636 2143 720 2172 vox
755 2136 839 2181 est,
872 2126 1141 2170 ascendentis
1175 2126 1394 2170 Ecclesiae.
1429 2130 1718 2171 Putamus-ne

336 2212 424 2256 quo
447 2197 669 2240 ascendit?
687 2212 775 2256 quo
797 2197 864 2240 it?
886 2212 973 2255 quo
995 2196 1203 2254 erigitur?
1230 2215 1249 2237 α
1274 2195 1383 2241 lllue
1406 2198 1713 2252 ascenderunt,

338 2284 357 2306 »
394 2265 560 2325 inquit,
589 2265 768 2309 tribus.»
787 2268 883 2318 Quo
905 2264 1193 2309 ascenderunt
1215 2265 1353 2309 tribus
1371 2268 1388 2307 ἱ)
1412 2270 1464 2310 In
1480 2267 1712 2321 civitatem,

334 2336 456 2395 cujus
474 2335 743 2394 participatio
766 2336 855 2394 ejus
883 2335 928 2377 in
950 2334 1154 2393 idipsum.
1177 2337 1292 2393 Ergo
1311 2335 1415 2379 illuc
1438 2335 1685 2380 ascenditur
1701 2370 1712 2390 ,

331 2407 377 2449 in
398 2405 652 2450 Jerusalem.
667 2408 806 2450 Homo
825 2415 968 2450 autem
987 2406 1062 2465 qui
1085 2405 1375 2450 descendebat
1397 2407 1452 2450 de
1475 2406 1713 2451 Jerusalem

331 2475 377 2521 in
399 2476 586 2531 Jericho,
602 2476 754 2519 incidit
775 2476 821 2518 in
842 2475 1030 2519 latrones
1045 2476 1077 2518 ⁴.
1103 2478 1200 2521 Non
1221 2475 1530 2532 descenderet,
1557 2485 1601 2520 et
1621 2491 1711 2520 non

378 2566 384 2581 ¹
402 2562 480 2593 Gen.
500 2571 545 2601 nt,
572 2572 599 2593 1.
617 2577 657 2583 —
675 2567 686 2583 ²
708 2560 787 2593 Psal.
807 2572 847 2601 ω,
871 2569 925 2602 27,
946 2563 998 2593 28.
1021 2577 1061 2583 -—
1082 2558 1159 2594 31d.
1176 2571 1260 2602 cxxi,
1277 2559 1308 2603 4.
1328 2578 1370 2584 —-
1388 2560 1401 2592 4
1422 2564 1497 2594 Luc.
1518 2573 1551 2602 x,
1578 2560 1629 2593 30.
