1815 3253
363 173 604 205 ENARRATm
636 178 680 204 IN
714 175 916 206 PsALMUM
947 178 1113 206 cxxxiv.
1355 167 1434 208 241

0 260 3 273 ›
63 259 84 284 «
117 243 172 285 Et
193 241 351 286 occidit
372 257 492 301 reges
518 239 671 297 sortes,
700 244 809 288 Seon
834 258 977 302 regem
997 243 1349 289 Amorrhaeorum
1365 280 1375 300 ,
1396 255 1440 290 et

0 296 3 346 Ϊ
61 330 82 354 »
116 313 180 370 Og
203 328 346 371 regem
369 316 531 367 Basan,
556 322 600 358 et
621 314 765 358 omnia
788 330 919 373 regna
948 315 1154 360 Chanaan
1181 317 1210 359 ¹.
1239 334 1259 358 »
1285 318 1441 362 Omnia

58 382 136 426 ista
157 384 380 442 quomodo
401 386 712 428 commemorat
732 384 919 429 breviter
946 384 1160 440 Psalmus,
1185 385 1244 430 sic
1262 402 1311 430 ea
1333 386 1443 446 legi-

58 468 153 497 mus
170 453 215 496 in
236 454 326 498 aliis
344 454 464 499 libris
486 454 728 511 dominicis,
750 464 794 500 et
814 470 971 514 magna
992 455 1053 498 ibi
1071 471 1224 500 manus
1248 457 1437 501 Domini.

0 519 6 526 ⁶
59 523 244 578 Quando
270 534 315 569 tu
338 525 458 570 vides
480 542 579 585 quae
607 525 720 572 facta
749 536 851 571 sunt
873 527 917 570 in
937 527 1107 586 impios,
1133 543 1236 571 cave
1259 543 1314 572 ne
1336 529 1444 573 fiant

0 593 1 602 ¹
58 594 104 638 in
125 603 184 638 tc.
209 594 278 639 Ad
306 596 389 640 hoc
412 596 527 639 enim
550 598 595 639 in
619 596 712 640 illos
731 595 840 640 facta
862 605 978 650 sunt,
1007 605 1056 640 ut
1084 605 1130 640 tu
1153 599 1376 653 transires,
1402 607 1446 642 et

59 679 129 708 eos
160 680 249 708 non
284 665 531 721 imitarerIS,
565 675 607 710 et
642 666 742 710 talia
774 682 863 711 non
891 667 1108 726 patereris.
1150 670 1311 711 Tamen
1345 667 1445 713 vide

0 725 2 733 ἱ
58 734 157 794 quia
177 735 399 793 flagellum
418 735 591 780 Domini
609 745 671 780 est
692 751 822 796 super
837 752 1011 781 omnem
1030 752 1219 782 carnem.
1241 741 1304 784 Ne
1322 748 1447 798 putes

0 822 4 848 e
58 813 100 849 te
129 820 220 849 non
243 805 381 849 videri
413 807 590 866 quando
618 822 791 866 peccas.
823 823 878 851 ne
900 817 1026 866 putes
1056 817 1099 852 te
1121 810 1365 865 contemni,
1391 826 1447 854 ne

58 884 182 936 putes
215 876 447 919 Dominum
469 876 658 921 dormire
684 897 692 922 :
717 877 893 922 attende
916 879 1111 938 exempla
1135 879 1450 925 beneficiorum

58 946 161 1001 Dei,
190 961 292 990 cum
319 962 367 990 ea
392 946 566 1002 recolis,
592 957 635 992 et
657 964 758 992 cum
776 948 1012 993 vindictam
1036 950 1113 993 Dei
1130 949 1304 1005 recolis,
1328 952 1444 995 time.

0 1053 1 1062 ,
59 1017 342 1077 Omnipotens
365 1027 449 1072 est,
476 1028 518 1062 et
540 1019 596 1062 ad
619 1019 957 1075 consolandum,
984 1029 1027 1064 et
1052 1019 1108 1064 ad
1129 1022 1444 1079 castigandum.

60 1087 163 1133 Ideo
196 1098 297 1133 sunt
330 1089 408 1133 ista
430 1088 551 1133 utilia
576 1105 676 1133 cum
704 1090 927 1148 leguntur.
961 1090 1149 1143 Quando
1183 1101 1329 1135 autem
1352 1093 1450 1152 pius

57 1158 176 1206 videt
205 1158 325 1220 quod
353 1176 501 1220 passus
526 1170 590 1205 est
616 1160 790 1220 impius,
816 1171 975 1221 purgat
996 1176 1040 1204 se
1070 1161 1125 1205 ab
1150 1163 1269 1206 omni
1292 1162 1449 1223 impie-

0 1266 4 1273 .
60 1238 162 1285 tate,
188 1246 242 1273 ne
263 1230 410 1274 veniat
432 1239 474 1274 et
494 1231 584 1290 ipse
605 1231 650 1274 in
673 1230 804 1274 talem
833 1246 1008 1290 poenam
1038 1230 1258 1292 talemque
1279 1233 1452 1278 vindic-

0 1337 1 1341 ,
60 1308 163 1343 tam.
199 1303 314 1343 Bene
342 1316 445 1359 ergo
472 1301 566 1344 haec
590 1300 827 1359 accepistis.
855 1300 971 1353 Quid
999 1300 1157 1344 deinde
1186 1300 1289 1346 fecit
1311 1305 1452 1348 Deus?

60 1368 240 1430 Expulit
260 1371 415 1430 impios
446 1390 455 1415 ε
488 1390 507 1413 «
544 1373 600 1414 Et
626 1369 746 1414 dedit
771 1380 931 1414 terram
953 1386 1106 1415 eorum
1124 1372 1447 1430 haereditatem,

59 1441 357 1485 haereditatem
382 1440 513 1486 Israel
529 1457 652 1486 servo
675 1457 753 1485 suo
772 1443 804 1485 ².
1353 1485 1355 1487 .

118 1514 214 1556 XV.
228 1512 393 1556 Deinde
410 1512 616 1556 exultatio
633 1511 774 1556 laudis
790 1528 880 1572 ejus
903 1532 911 1557 ;
928 1513 1130 1568 Domine,
1142 1529 1304 1558 nomen
1322 1524 1449 1559 tuum

0 1603 1 1606 ¹
61 1583 105 1627 in
125 1582 360 1627 saeculum³
388 1603 396 1627 :
427 1592 523 1642 post
544 1584 622 1627 ista
644 1584 789 1627 omnia
811 1599 911 1643 quae
939 1582 1091 1627 fecisti.
1118 1583 1231 1637 Quid
1253 1586 1370 1629 enim
1388 1587 1453 1630 vi-

62 1652 143 1697 deo
166 1669 264 1713 quae
286 1651 452 1697 fecisti?
488 1653 675 1712 Inspicio
701 1662 947 1697 creaturam
978 1662 1098 1697 tuam
1114 1689 1125 1708 ,
1155 1670 1287 1714 quam
1310 1655 1452 1699 fecisti

62 1724 107 1768 in
123 1724 235 1769 coelo
252 1745 262 1782 3
282 1724 460 1784 inspicio
483 1725 597 1769 hanc
619 1725 751 1768 imam
776 1732 971 1783 partem,
1005 1724 1083 1781 ubi
1100 1724 1348 1769 habitamus
1375 1741 1383 1767 :
1410 1735 1454 1771 et

62 1794 163 1839 hinc
181 1794 306 1838 video
325 1794 534 1838 beneficia
551 1804 648 1849 tua,
672 1794 856 1839 nubium
873 1828 884 1848 ,
905 1803 1134 1837 ventorum
1150 1829 1160 1849 ,
1183 1793 1448 1853 pluviarum.

63 1866 278 1926 Populum
303 1875 428 1910 tuum
447 1866 627 1910 attendo
654 1881 662 1906 :
684 1865 868 1909 eduxisti
891 1880 962 1908 eos
986 1865 1041 1908 de
1058 1864 1191 1909 domo
1213 1867 1448 1923 servitutis,

64 1945 106 1981 et
126 1937 245 1996 signa
269 1945 310 1980 et
339 1937 537 1997 prodigia
562 1936 700 1980 fecisti
721 1936 834 1980 inter
855 1935 1051 1979 inimicos
1084 1951 1234 1981 eorum
1251 1972 1261 1991 ,
1288 1938 1453 1996 punisti

16 1999 19 2002 Α
65 2022 134 2051 eos
156 2023 264 2067 quos
283 2006 488 2052 molestos
501 2007 797 2065 patiebantur,
814 2005 970 2065 impios
988 2003 1043 2048 de
1057 2014 1167 2050 terra
1182 2022 1258 2050 sua
1269 2009 1448 2067 ejecisti,

66 2092 180 2135 reges
202 2093 354 2121 eorum
373 2076 592 2131 occidisti,
620 2086 775 2120 terram
800 2091 951 2120 eorum
974 2075 1140 2136 populo
1161 2086 1238 2122 tuo
1260 2076 1419 2123 dedisti
1437 2099 1446 2124 ε

65 2149 149 2193 vidi
163 2149 323 2203 omnia,
339 2158 381 2192 et
397 2147 602 2208 impletus
615 2147 744 2192 laude
758 2146 861 2203 dixi,
882 2166 902 2189 «
926 2148 1125 2203 Domine,
1143 2164 1305 2193 nomen
1323 2159 1450 2195 tuum

69 2221 96 2262 >5
122 2220 166 2264 in
189 2219 414 2264 saeculum.
439 2236 459 2259 »
944 2270 947 2271 ⁷

85 2306 87 2309 ·
123 2293 240 2334 XVI.
278 2293 381 2334 Hsec
404 2289 582 2349 quidem
618 2290 673 2333 ad
705 2289 893 2333 litteram
922 2287 1146 2348 quomodo
1170 2289 1328 2349 scripta
1350 2301 1453 2337 sunt

67 2361 277 2416 videmus,
294 2361 510 2415 novimus,
529 2359 772 2404 laudamus.
793 2360 836 2405 Si
852 2368 998 2404 autem
1013 2358 1178 2419 aliquid
1190 2360 1449 2418 significant,

116 2463 124 2480 ¹
144 2458 223 2490 Psal.
244 2469 370 2496 cxxxiv,
397 2468 448 2499 io,
472 2468 522 2488 11.
544 2449 585 2478 —-⁴
609 2462 621 2479 ²
641 2455 721 2488 lbid.
746 2464 796 2487 12.
819 2454 993 2488 ——31bid.
1021 2456 1071 2487 13.

228 2535 350 2564 cxix.
1270 2525 1319 2562 16
