1815 3253
5 1763 14 1781 k

374 252 614 283 aruum-rio
646 256 693 283 m
724 253 927 283 PsALMUM
958 255 1159 283 cxxxvnr.
1356 244 1441 283 329

53 330 332 381 apparentem
350 336 440 366 non
462 321 672 366 continuo
697 329 1011 379 cognoverunt.
1043 322 1122 364 Est
1143 328 1186 364 et
1211 319 1320 365 alius
1342 335 1442 366 sen-

55 408 122 438 sus
144 412 152 437 :
183 412 202 435 «
228 394 464 447 Exurrexi,
486 402 529 437 et
560 390 703 437 adhuc
733 408 829 437 sum
848 401 991 436 tecum
1008 426 1019 446 ,
1047 409 1068 431 »
1094 400 1144 434 ut
1159 391 1244 435 hoc
1270 400 1443 451 tempus

53 463 292 521 significare
308 463 517 517 voluerit,
538 479 626 524 quo
651 463 794 507 adhuc
810 463 853 506 in
873 462 1046 506 occulto
1064 471 1127 505 est
1142 459 1196 505 ad
1224 461 1443 506 dexteram

53 536 188 580 Patris
206 571 216 589 ,
243 545 476 596 antequam
499 535 715 579 reveletur
734 535 778 578 in
796 534 992 578 claritate
1013 568 1023 589 ,
1047 549 1133 593 qua
1148 541 1358 577 venturus
1379 543 1444 577 est

54 603 407 665 adjudicandum
432 604 486 649 de
507 605 613 650 vivis
631 614 675 649 ct
689 605 888 650 mortuis.

109 678 273 721 XXVI.
300 680 357 721 Et
391 676 550 721 deinde
582 677 712 731 dicit,
752 676 859 737 quid
893 676 1058 720 interea
1081 690 1159 734 per
1188 683 1331 720 totum
1358 675 1443 720 hoc

54 757 244 807 tempus,
271 748 376 791 dum
390 748 479 808 jam
501 747 731 791 resurrexit
754 757 797 791 et
812 746 956 791 adhuc
978 761 1078 790 cum
1098 749 1224 790 Patre
1249 755 1339 799 est,
1362 761 1443 806 pa-

53 819 186 863 tiatur
208 819 278 863 hic
301 835 377 878 per
396 819 748 864 commixtionem
766 828 1044 879 peccatorum
1060 817 1106 861 in
1134 833 1316 878 corpore
1336 833 1415 862 suo
1429 853 1440 873 ,

53 889 172 950 quod
187 898 251 933 cst
266 889 455 933 Ecclesia
473 925 483 942 ‚
511 899 553 933 et
570 905 646 949 per
669 890 984 949 separationem
1015 889 1338 933 haereticorum.
1369 890 1445 933 Se-

53 961 201 1020 quitur
216 959 346 1013 enim,
366 968 407 1002 et
426 958 546 1013 dicit,
570 979 589 1001 «
617 960 659 1004 Si
682 959 906 1013 occideris,
924 963 1053 1014 Deus,
1078 969 1343 1019 peccatores,
1364 959 1445 1002 viri

59 1049 77 1073 »
102 1031 379 1088 sanguinum,
392 1030 607 1075 declinate
620 1047 641 1075 a
652 1046 737 1085 me,
749 1032 956 1091 quoniam
972 1031 1088 1076 dices
1102 1032 1147 1074 in
1163 1031 1442 1090 cogitatione,

56 1120 76 1144 »
111 1102 323 1161 accipient
338 1102 384 1145 in
404 1101 594 1146 vanitate
622 1102 816 1146 civitates
837 1118 934 1148 suas
953 1105 981 1145 ¹.
1004 1120 1025 1143 »
1050 1102 1237 1146 Videtur
1258 1102 1318 1146 sic
1335 1117 1444 1146 con-

53 1173 166 1218 necti
181 1173 289 1217 ordo
312 1172 545 1216 verborum
565 1192 573 1217 :
599 1192 618 1214 «
640 1173 679 1218 Si
695 1171 920 1227 occideris,
935 1176 1065 1227 Deus,
1081 1181 1351 1232 peccatores,
1371 1187 1444 1216 ac-

55 1263 75 1286 »
109 1244 271 1303 cipient
291 1243 337 1287 in
348 1244 539 1288 vanitate
554 1244 749 1288 civitates
763 1259 875 1288 suas.
901 1262 922 1285 »
944 1245 1011 1288 Sic
1029 1245 1145 1287 enim
1170 1243 1333 1288 occisos
1350 1243 1447 1287 vult

53 1314 252 1373 intelligi,
273 1330 373 1360 cum
391 1330 469 1375 per
489 1315 737 1375 superbiam
753 1351 763 1370 ‚
785 1332 870 1375 qua
892 1315 1218 1369 intumescunt,
1239 1315 1446 1359 amittunt

54 1387 232 1445 gratiam
253 1421 263 1441 ‚
289 1402 375 1447 qua
396 1386 566 1431 vivunt.
597 1405 616 1427 «
641 1385 823 1445 Spiritus
853 1386 969 1429 enim
1001 1395 1174 1429 sanctus
1204 1384 1445 1444 disciplinae

52 1456 234 1515 effugiet
255 1456 409 1500 fictum
427 1491 437 1510 ,
473 1465 517 1500 et
540 1455 708 1499 auferet
733 1471 777 1499 se
800 1472 823 1500 a
847 1455 1184 1515 cogitationibus
1215 1471 1315 1515 quae
1345 1464 1447 1499 sunt

54 1544 75 1568 »
109 1527 200 1570 sine
219 1526 444 1571 intellectu
461 1530 492 1571 ².
516 1545 536 1568 »
566 1527 633 1571 Sic
651 1526 913 1571 occiduntur
927 1534 1176 1586 peccatores
1193 1561 1203 1581 ,
1223 1526 1324 1586 quia
1344 1526 1446 1570 obs-

52 1596 193 1642 curari
215 1596 502 1655 intellioentia
524 1597 770 1642 alienantur
785 1614 808 1642 a
836 1598 922 1642 vita
952 1597 1069 1642 Dei3.
1090 1597 1311 1642 Amittunt
1330 1597 1446 1640 enim

53 1634 380 1712 confessionemD
397 1677 576 1727 propter
602 1667 871 1713 elationem:
901 1678 1033 1729 atque
1063 1669 1124 1712 ita
1145 1668 1191 1712 in
1214 1669 1274 1712 eis
1295 1668 1446 1713 occisis

53 1738 102 1782 fit
115 1737 235 1799 quod
253 1739 460 1798 scriptum
484 1749 574 1794 est,
599 1757 618 1780 (ι
644 1743 682 1783 Α
704 1748 901 1793 mortuo,
930 1749 1139 1816 tanquam
1163 1739 1239 1799 qui
1261 1754 1352 1783 non
1374 1738 1444 1794 sit,
1467 1762 1470 1767 ι

5 1828 8 1845 =
56 1827 77 1851 »
110 1811 222 1869 perit
239 1808 495 1853 confessio4.
505 1828 524 1850 »
544 1812 601 1853 Et
615 1809 674 1854 sic
693 1828 712 1851 «
729 1810 990 1870 Accipiunt
980 1825 1024 1852 111
1043 1809 1235 1853 vanitate
1254 1809 1448 1854 civitates

6 1877 11 1894 ⁸
57 1897 78 1922 »
111 1896 208 1924 suas
228 1916 239 1936 ,
267 1899 288 1922 »
324 1880 370 1924 id
392 1889 481 1936 est,
512 1880 700 1940 populos
722 1897 821 1926 suos
850 1896 984 1926 vanos
1005 1916 1015 1936 ,
1042 1896 1193 1925 eorum
1211 1881 1447 1925 vanitatem

6 1967 12 1995 ¹
26 1971 29 2019 Ι

55 1960 300 1996 sectantes:
319 1966 421 1995 cum
442 1950 773 2012 1nssat1Just1t1ae
792 1953 969 1996 nomine
992 1950 1279 2011 persuadent,
1294 1961 1344 1996 ut
1358 1950 1447 1995 dis-

10 2031 183 2097 ιι1υρῑο
200 2022 378 2066 unitatis
399 2022 604 2077 vinculo,
624 2039 696 2067 eos
720 2033 931 2084 tanquam
949 2024 1106 2083 jusum
1108 2039 1151 2066 es
1172 2023 1275 2066 caeci
1297 2032 1340 2067 et
1362 2023 1448 2066 im-

26 2087 179 2153 periti
201 2102 455 2153 sequantur.
479 2096 535 2137 Et
563 2094 664 2154 quia
683 2093 945 2154 plerumque
973 2094 1075 2137 hinc
1106 2094 1339 2137 inveniunt
1374 2109 1450 2138 oc-

56 2164 267 2207 casionem
309 2163 538 2222 separandi
573 2179 617 2208 se
650 2164 706 2208 ab
738 2164 904 2208 unitate
939 2164 1133 2219 Christi,
1173 2163 1278 2207 dum
1311 2163 1448 2208 malos

58 2243 273 2289 accusant,
290 2249 390 2277 cum
417 2233 577 2294 quibus
591 2249 635 2278 se
662 2234 1016 2279 communionem
1034 2234 1151 2278 nolle
1172 2234 1335 2278 habere
1350 2250 1450 2279 con·

10 2326 11 2330 ¹
57 2304 225 2369 fingunt
252 2324 260 2349 :
283 2314 326 2349 et
347 2305 447 2365 quia
464 2305 557 2348 fieri
574 2314 717 2365 potest
732 2341 742 2360 ,
768 2314 817 2349 ut
835 2320 923 2349 non
948 2314 1120 2349 tantum
1145 2304 1361 2349 infament
1382 2305 1451 2348 in-

59 2386 283 2432 nocentes,
320 2392 429 2436 quos
452 2386 661 2437 tanquam
690 2376 825 2421 malos
859 2393 903 2421 se
925 2377 1078 2436 fugere
1108 2376 1340 2431 simulant,
1374 2375 1451 2420 sed

12 2484 32 2527 ,ι
60 2446 184 2490 etiam
207 2463 306 2492 vera
332 2447 387 2491 de
409 2446 673 2507 quibusdam
690 2448 810 2491 malis
829 2448 895 2492 sui
917 2447 1129 2492 similibus
1148 2446 1318 2502 dicant,
1336 2447 1451 2490 inter

106 2549 116 2566 ¹
137 2543 215 2576 l’sal.
236 2555 376 2577 cxxxviii
392 2569 401 2586 ,
431 2555 484 2586 19,
509 2552 563 2576 20.
580 2560 622 2567 —
639 2550 652 2567 ²
675 2545 748 2585 Sap.
771 2554 794 2584 1,
819 2544 849 2576 5.
877 2560 913 2568 -
941 2542 953 2566 3
974 2543 1089 2586 EpheS.
1105 2555 1154 2585 1v,
1175 2543 1228 2576 18.
1249 2560 1285 2567 -
1314 2541 1330 2572 4
1345 2542 1444 2575 Eccli.

62 2607 140 2641 xm,
165 2600 219 2632 26.
