<?xml version="1.0" encoding="UTF-8"?>
<!DOCTYPE html PUBLIC "-//W3C//DTD XHTML 1.0 Transitional//EN"
    "http://www.w3.org/TR/xhtml1/DTD/xhtml1-transitional.dtd">
<html xmlns="http://www.w3.org/1999/xhtml" xml:lang="en" lang="en">
 <head>
  <title>
</title>
<meta http-equiv="Content-Type" content="text/html;charset=utf-8" />
  <meta name='ocr-system' content='tesseract 3.04.00' />
  <meta name='ocr-capabilities' content='ocr_page ocr_carea ocr_par ocr_line ocrx_word'/>
</head>
<body>
  <div class='ocr_page' id='page_1' title='image "./operaomniaaccura12auguuoft_0483.png"; bbox 0 0 1815 3253; ppageno 0'>
   <div class='ocr_carea' id='block_1_1' title="bbox 413 229 1453 275">
    <p class='ocr_par' dir='ltr' id='par_1_1' title="bbox 413 229 1453 275">
     <span class='ocr_line' id='line_1_1' title="bbox 413 229 1453 275; baseline -0.005 -1"><span class='ocrx_word' id='word_1_1' title='bbox 413 244 655 275; x_wconf 70' lang='grc' dir='ltr'>ΕΝΑιιιιΑτ-ῐο</span> <span class='ocrx_word' id='word_1_2' title='bbox 688 247 733 274; x_wconf 79' lang='lat' dir='ltr'>m</span> <span class='ocrx_word' id='word_1_3' title='bbox 765 245 966 275; x_wconf 79' lang='lat' dir='ltr'>PsALMtJ‘M</span> <span class='ocrx_word' id='word_1_4' title='bbox 1000 245 1120 273; x_wconf 72' lang='lat' dir='ltr'>CXLV.</span> <span class='ocrx_word' id='word_1_5' title='bbox 1369 229 1453 270; x_wconf 74' lang='lat'>473</span> 
     </span>
    </p>
   </div>
   <div class='ocr_carea' id='block_1_2' title="bbox 60 296 1460 2564">
    <p class='ocr_par' dir='ltr' id='par_1_2' title="bbox 65 296 1455 439">
     <span class='ocr_line' id='line_1_2' title="bbox 65 296 1455 373; baseline -0.004 -15"><span class='ocrx_word' id='word_1_6' title='bbox 65 314 326 358; x_wconf 80' lang='lat' dir='ltr'>erectionem</span> <span class='ocrx_word' id='word_1_7' title='bbox 349 311 585 373; x_wconf 84' lang='lat' dir='ltr'>quamdam</span> <span class='ocrx_word' id='word_1_8' title='bbox 608 312 652 355; x_wconf 91' lang='lat' dir='ltr'>in</span> <span class='ocrx_word' id='word_1_9' title='bbox 674 314 833 367; x_wconf 86' lang='lat' dir='ltr'>Deum,</span> <span class='ocrx_word' id='word_1_10' title='bbox 857 320 907 356; x_wconf 94' lang='lat' dir='ltr'>ut</span> <span class='ocrx_word' id='word_1_11' title='bbox 925 310 1075 355; x_wconf 86' lang='lat' dir='ltr'>laudet</span> <span class='ocrx_word' id='word_1_12' title='bbox 1096 313 1262 368; x_wconf 75' lang='lat' dir='ltr'>Deum3</span> <span class='ocrx_word' id='word_1_13' title='bbox 1286 317 1330 353; x_wconf 93' lang='lat' dir='ltr'>et</span> <span class='ocrx_word' id='word_1_14' title='bbox 1347 296 1455 353; x_wconf 83' lang='lat' dir='ltr'>dici-</span> 
     </span>
     <span class='ocr_line' id='line_1_3' title="bbox 67 381 1089 439; baseline -0.006 -11"><span class='ocrx_word' id='word_1_15' title='bbox 67 393 137 428; x_wconf 88' lang='lat' dir='ltr'>tur</span> <span class='ocrx_word' id='word_1_16' title='bbox 153 384 219 439; x_wconf 87' lang='lat' dir='ltr'>ei,</span> <span class='ocrx_word' id='word_1_17' title='bbox 249 402 270 425; x_wconf 90' lang='lat'>«</span> <span class='ocrx_word' id='word_1_18' title='bbox 294 381 460 438; x_wconf 84' lang='lat' dir='ltr'>Lauda,</span> <span class='ocrx_word' id='word_1_19' title='bbox 488 382 630 426; x_wconf 88' lang='lat' dir='ltr'>anima</span> <span class='ocrx_word' id='word_1_20' title='bbox 653 397 766 436; x_wconf 87' lang='lat' dir='ltr'>mea,</span> <span class='ocrx_word' id='word_1_21' title='bbox 786 383 1039 426; x_wconf 89' lang='lat' dir='ltr'>Dominum.</span> <span class='ocrx_word' id='word_1_22' title='bbox 1069 398 1089 421; x_wconf 85' lang='lat'>»</span> 
     </span>
    </p>

    <p class='ocr_par' dir='ltr' id='par_1_3' title="bbox 60 447 1460 2564">
     <span class='ocr_line' id='line_1_4' title="bbox 124 447 1455 514; baseline -0.005 -16"><span class='ocrx_word' id='word_1_23' title='bbox 124 457 205 498; x_wconf 88' lang='lat'><em>111.</em></span> <span class='ocrx_word' id='word_1_24' title='bbox 229 455 313 499; x_wconf 89' lang='lat' dir='ltr'>Sed</span> <span class='ocrx_word' id='word_1_25' title='bbox 333 453 428 514; x_wconf 90' lang='lat' dir='ltr'>quis</span> <span class='ocrx_word' id='word_1_26' title='bbox 451 452 579 508; x_wconf 89' lang='lat' dir='ltr'>dicit,</span> <span class='ocrx_word' id='word_1_27' title='bbox 597 461 640 497; x_wconf 90' lang='lat' dir='ltr'>et</span> <span class='ocrx_word' id='word_1_28' title='bbox 661 453 731 497; x_wconf 92' lang='lat' dir='ltr'>cui</span> <span class='ocrx_word' id='word_1_29' title='bbox 749 451 856 497; x_wconf 89' lang='lat' dir='ltr'>dicit</span> <span class='ocrx_word' id='word_1_30' title='bbox 871 453 889 496; x_wconf 75' lang='lat' dir='ltr'>P</span> <span class='ocrx_word' id='word_1_31' title='bbox 907 451 1024 505; x_wconf 87' lang='lat' dir='ltr'>Quid</span> <span class='ocrx_word' id='word_1_32' title='bbox 1048 450 1233 495; x_wconf 82' lang='lat' dir='ltr'>dicimus</span> <span class='ocrx_word' id='word_1_33' title='bbox 1247 484 1258 504; x_wconf 85' lang='lat'>‚</span> <span class='ocrx_word' id='word_1_34' title='bbox 1274 447 1455 493; x_wconf 73' lang='lat' dir='ltr'>fratres?</span> 
     </span>
     <span class='ocr_line' id='line_1_5' title="bbox 62 521 1455 579; baseline -0.005 -9"><span class='ocrx_word' id='word_1_35' title='bbox 62 526 175 570; x_wconf 86' lang='lat' dir='ltr'>Caro</span> <span class='ocrx_word' id='word_1_36' title='bbox 195 523 300 569; x_wconf 85' lang='lat' dir='ltr'>dicit</span> <span class='ocrx_word' id='word_1_37' title='bbox 317 559 328 579; x_wconf 92' lang='lat'>‚</span> <span class='ocrx_word' id='word_1_38' title='bbox 359 542 379 566; x_wconf 91' lang='lat'>«</span> <span class='ocrx_word' id='word_1_39' title='bbox 405 521 572 578; x_wconf 88' lang='lat' dir='ltr'>Lauda,</span> <span class='ocrx_word' id='word_1_40' title='bbox 594 522 738 567; x_wconf 84' lang='lat' dir='ltr'>anima</span> <span class='ocrx_word' id='word_1_41' title='bbox 760 538 872 576; x_wconf 86' lang='lat' dir='ltr'>mea,</span> <span class='ocrx_word' id='word_1_42' title='bbox 893 521 1158 566; x_wconf 82' lang='lat' dir='ltr'>Dominum?</span> <span class='ocrx_word' id='word_1_43' title='bbox 1185 537 1205 561; x_wconf 87' lang='lat'>»</span> <span class='ocrx_word' id='word_1_44' title='bbox 1234 522 1292 564; x_wconf 86' lang='lat' dir='ltr'>Et</span> <span class='ocrx_word' id='word_1_45' title='bbox 1311 528 1455 579; x_wconf 88' lang='lat' dir='ltr'>potest</span> 
     </span>
     <span class='ocr_line' id='line_1_6' title="bbox 61 589 1454 652; baseline -0.005 -11"><span class='ocrx_word' id='word_1_46' title='bbox 61 612 162 641; x_wconf 89' lang='lat' dir='ltr'>caro</span> <span class='ocrx_word' id='word_1_47' title='bbox 184 596 350 641; x_wconf 89' lang='lat' dir='ltr'>bonum</span> <span class='ocrx_word' id='word_1_48' title='bbox 374 595 604 640; x_wconf 89' lang='lat' dir='ltr'>consilium</span> <span class='ocrx_word' id='word_1_49' title='bbox 632 594 787 639; x_wconf 81' lang='lat' dir='ltr'>animae</span> <span class='ocrx_word' id='word_1_50' title='bbox 822 594 1081 652; x_wconf 73' lang='lat' dir='ltr'>suggerere?</span> <span class='ocrx_word' id='word_1_51' title='bbox 1115 593 1172 636; x_wconf 89' lang='lat' dir='ltr'>Ut</span> <span class='ocrx_word' id='word_1_52' title='bbox 1192 589 1383 635; x_wconf 90' lang='lat' dir='ltr'>multum</span> <span class='ocrx_word' id='word_1_53' title='bbox 1401 591 1454 635; x_wconf 89' lang='lat' dir='ltr'>sit</span> 
     </span>
     <span class='ocr_line' id='line_1_7' title="bbox 61 663 1454 726; baseline -0.005 -14"><span class='ocrx_word' id='word_1_54' title='bbox 61 667 252 712; x_wconf 86' lang='lat' dir='ltr'>edomita</span> <span class='ocrx_word' id='word_1_55' title='bbox 269 682 391 722; x_wconf 81' lang='lat' dir='ltr'>caro⁷</span> <span class='ocrx_word' id='word_1_56' title='bbox 419 675 462 710; x_wconf 89' lang='lat' dir='ltr'>et</span> <span class='ocrx_word' id='word_1_57' title='bbox 491 682 514 711; x_wconf 84' lang='lat' dir='ltr'>a</span> <span class='ocrx_word' id='word_1_58' title='bbox 536 666 723 711; x_wconf 88' lang='lat' dir='ltr'>Domino</span> <span class='ocrx_word' id='word_1_59' title='bbox 744 665 974 726; x_wconf 88' lang='lat' dir='ltr'>impertitis</span> <span class='ocrx_word' id='word_1_60' title='bbox 998 663 1164 710; x_wconf 82' lang='lat' dir='ltr'>viribus</span> <span class='ocrx_word' id='word_1_61' title='bbox 1186 671 1346 707; x_wconf 85' lang='lat' dir='ltr'>nostrae</span> <span class='ocrx_word' id='word_1_62' title='bbox 1363 677 1454 706; x_wconf 90' lang='lat' dir='ltr'>ser-</span> 
     </span>
     <span class='ocr_line' id='line_1_8' title="bbox 60 732 1454 797; baseline -0.006 -14"><span class='ocrx_word' id='word_1_63' title='bbox 60 737 189 783; x_wconf 88' lang='lat' dir='ltr'>vituti</span> <span class='ocrx_word' id='word_1_64' title='bbox 211 738 406 797; x_wconf 86' lang='lat' dir='ltr'>subjecta</span> <span class='ocrx_word' id='word_1_65' title='bbox 423 772 434 792; x_wconf 91' lang='lat'>‚</span> <span class='ocrx_word' id='word_1_66' title='bbox 459 746 510 781; x_wconf 90' lang='lat' dir='ltr'>ut</span> <span class='ocrx_word' id='word_1_67' title='bbox 537 736 717 782; x_wconf 91' lang='lat' dir='ltr'>omnino</span> <span class='ocrx_word' id='word_1_68' title='bbox 734 736 793 780; x_wconf 90' lang='lat' dir='ltr'>ita</span> <span class='ocrx_word' id='word_1_69' title='bbox 815 735 972 780; x_wconf 88' lang='lat' dir='ltr'>serviat</span> <span class='ocrx_word' id='word_1_70' title='bbox 995 734 1122 779; x_wconf 92' lang='lat' dir='ltr'>nobis</span> <span class='ocrx_word' id='word_1_71' title='bbox 1151 734 1263 778; x_wconf 90' lang='lat' dir='ltr'>sicut</span> <span class='ocrx_word' id='word_1_72' title='bbox 1298 732 1454 777; x_wconf 90' lang='lat' dir='ltr'>condi-</span> 
     </span>
     <span class='ocr_line' id='line_1_9' title="bbox 61 803 1452 868; baseline -0.005 -15"><span class='ocrx_word' id='word_1_73' title='bbox 61 808 224 853; x_wconf 87' lang='lat' dir='ltr'>tionale</span> <span class='ocrx_word' id='word_1_74' title='bbox 263 808 554 868; x_wconf 76' lang='lat' dir='ltr'>mancipium3</span> <span class='ocrx_word' id='word_1_75' title='bbox 593 807 753 852; x_wconf 84' lang='lat' dir='ltr'>sufficit</span> <span class='ocrx_word' id='word_1_76' title='bbox 784 816 835 851; x_wconf 91' lang='lat' dir='ltr'>ut</span> <span class='ocrx_word' id='word_1_77' title='bbox 870 822 959 851; x_wconf 91' lang='lat' dir='ltr'>non</span> <span class='ocrx_word' id='word_1_78' title='bbox 992 804 1215 866; x_wconf 88' lang='lat' dir='ltr'>impediat.</span> <span class='ocrx_word' id='word_1_79' title='bbox 1256 803 1423 849; x_wconf 86' lang='lat' dir='ltr'><strong>Deinde</strong></span> <span class='ocrx_word' id='word_1_80' title='bbox 1440 838 1452 857; x_wconf 82' lang='lat'>,</span> 
     </span>
     <span class='ocr_line' id='line_1_10' title="bbox 61 874 1455 939; baseline -0.004 -17"><span class='ocrx_word' id='word_1_81' title='bbox 61 878 333 934; x_wconf 63' lang='lat' dir='ltr'>Chadssimi,</span> <span class='ocrx_word' id='word_1_82' title='bbox 378 879 532 939; x_wconf 90' lang='lat' dir='ltr'>utique</span> <span class='ocrx_word' id='word_1_83' title='bbox 569 877 747 925; x_wconf 86' lang='lat' dir='ltr'>consilia</span> <span class='ocrx_word' id='word_1_84' title='bbox 777 893 800 921; x_wconf 86' lang='lat' dir='ltr'>a</span> <span class='ocrx_word' id='word_1_85' title='bbox 823 875 1077 921; x_wconf 89' lang='lat' dir='ltr'>melioribus</span> <span class='ocrx_word' id='word_1_86' title='bbox 1108 883 1336 935; x_wconf 89' lang='lat' dir='ltr'>petuntur.</span> <span class='ocrx_word' id='word_1_87' title='bbox 1363 874 1455 918; x_wconf 89' lang='lat' dir='ltr'>Etsi</span> 
     </span>
     <span class='ocr_line' id='line_1_11' title="bbox 61 944 1457 1011; baseline -0.004 -17"><span class='ocrx_word' id='word_1_88' title='bbox 61 951 229 995; x_wconf 84' lang='lat' dir='ltr'>bonum</span> <span class='ocrx_word' id='word_1_89' title='bbox 251 950 462 1011; x_wconf 88' lang='lat' dir='ltr'>quiddam</span> <span class='ocrx_word' id='word_1_90' title='bbox 480 959 543 994; x_wconf 91' lang='lat' dir='ltr'>est</span> <span class='ocrx_word' id='word_1_91' title='bbox 560 950 704 994; x_wconf 88' lang='lat' dir='ltr'>anima</span> <span class='ocrx_word' id='word_1_92' title='bbox 720 958 889 1005; x_wconf 89' lang='lat' dir='ltr'>nostra,</span> <span class='ocrx_word' id='word_1_93' title='bbox 910 958 953 993; x_wconf 90' lang='lat' dir='ltr'>et</span> <span class='ocrx_word' id='word_1_94' title='bbox 974 949 1141 992; x_wconf 89' lang='lat' dir='ltr'>bonum</span> <span class='ocrx_word' id='word_1_95' title='bbox 1164 944 1374 1007; x_wconf 83' lang='lat' dir='ltr'>quiddam</span> <span class='ocrx_word' id='word_1_96' title='bbox 1392 954 1457 990; x_wconf 90' lang='lat' dir='ltr'>est</span> 
     </span>
     <span class='ocr_line' id='line_1_12' title="bbox 61 1016 1455 1082; baseline -0.004 -16"><span class='ocrx_word' id='word_1_97' title='bbox 61 1037 162 1067; x_wconf 88' lang='lat' dir='ltr'>caro</span> <span class='ocrx_word' id='word_1_98' title='bbox 184 1031 353 1077; x_wconf 88' lang='lat' dir='ltr'>nostra,</span> <span class='ocrx_word' id='word_1_99' title='bbox 374 1023 476 1082; x_wconf 89' lang='lat' dir='ltr'>quia</span> <span class='ocrx_word' id='word_1_100' title='bbox 498 1030 737 1082; x_wconf 87' lang='lat' dir='ltr'>utrumque</span> <span class='ocrx_word' id='word_1_101' title='bbox 756 1020 830 1065; x_wconf 91' lang='lat' dir='ltr'>ille</span> <span class='ocrx_word' id='word_1_102' title='bbox 852 1020 1012 1065; x_wconf 86' lang='lat' dir='ltr'>creavit</span> <span class='ocrx_word' id='word_1_103' title='bbox 1026 1055 1041 1076; x_wconf 89' lang='lat'><em>,</em></span> <span class='ocrx_word' id='word_1_104' title='bbox 1064 1019 1140 1079; x_wconf 87' lang='lat' dir='ltr'>qui</span> <span class='ocrx_word' id='word_1_105' title='bbox 1175 1016 1280 1062; x_wconf 89' lang='lat' dir='ltr'>fecit</span> <span class='ocrx_word' id='word_1_106' title='bbox 1309 1017 1455 1062; x_wconf 85' lang='lat' dir='ltr'>omnia</span> 
     </span>
     <span class='ocr_line' id='line_1_13' title="bbox 62 1088 1455 1152; baseline -0.004 -16"><span class='ocrx_word' id='word_1_107' title='bbox 62 1091 178 1136; x_wconf 77' lang='lat' dir='ltr'>bena</span> <span class='ocrx_word' id='word_1_108' title='bbox 195 1091 347 1137; x_wconf 83' lang='lat' dir='ltr'>valde¹</span> <span class='ocrx_word' id='word_1_109' title='bbox 367 1113 379 1150; x_wconf 83' lang='lat'><em>3</em></span> <span class='ocrx_word' id='word_1_110' title='bbox 399 1092 596 1152; x_wconf 87' lang='lat' dir='ltr'>quamvis</span> <span class='ocrx_word' id='word_1_111' title='bbox 621 1107 725 1151; x_wconf 93' lang='lat' dir='ltr'>ergo</span> <span class='ocrx_word' id='word_1_112' title='bbox 747 1092 792 1135; x_wconf 93' lang='lat' dir='ltr'>in</span> <span class='ocrx_word' id='word_1_113' title='bbox 816 1091 1049 1150; x_wconf 89' lang='lat' dir='ltr'>generibus</span> <span class='ocrx_word' id='word_1_114' title='bbox 1070 1088 1255 1149; x_wconf 86' lang='lat' dir='ltr'>propriis</span> <span class='ocrx_word' id='word_1_115' title='bbox 1276 1097 1455 1131; x_wconf 86' lang='lat' dir='ltr'>utrum-</span> 
     </span>
     <span class='ocr_line' id='line_1_14' title="bbox 60 1157 1454 1223; baseline -0.004 -17"><span class='ocrx_word' id='word_1_116' title='bbox 60 1177 148 1223; x_wconf 87' lang='lat' dir='ltr'>que</span> <span class='ocrx_word' id='word_1_117' title='bbox 169 1164 224 1206; x_wconf 86' lang='lat' dir='ltr'>sit</span> <span class='ocrx_word' id='word_1_118' title='bbox 245 1163 429 1216; x_wconf 85' lang='lat' dir='ltr'>bonum,</span> <span class='ocrx_word' id='word_1_119' title='bbox 452 1171 600 1206; x_wconf 83' lang='lat' dir='ltr'>tamen</span> <span class='ocrx_word' id='word_1_120' title='bbox 620 1161 726 1206; x_wconf 91' lang='lat' dir='ltr'>dicit</span> <span class='ocrx_word' id='word_1_121' title='bbox 749 1160 1008 1221; x_wconf 81' lang='lat' dir='ltr'>Apostolus,</span> <span class='ocrx_word' id='word_1_122' title='bbox 1046 1179 1066 1202; x_wconf 91' lang='lat'>«</span> <span class='ocrx_word' id='word_1_123' title='bbox 1088 1161 1257 1218; x_wconf 90' lang='lat' dir='ltr'>Corpus</span> <span class='ocrx_word' id='word_1_124' title='bbox 1276 1157 1454 1219; x_wconf 87' lang='lat' dir='ltr'>quidem</span> 
     </span>
     <span class='ocr_line' id='line_1_15' title="bbox 63 1227 1455 1292; baseline -0.002 -17"><span class='ocrx_word' id='word_1_125' title='bbox 63 1252 84 1275; x_wconf 69' lang='grc' dir='ltr'><strong>η</strong></span> <span class='ocrx_word' id='word_1_126' title='bbox 119 1242 345 1278; x_wconf 88' lang='lat' dir='ltr'>mortuum</span> <span class='ocrx_word' id='word_1_127' title='bbox 366 1242 452 1287; x_wconf 86' lang='lat' dir='ltr'>est,</span> <span class='ocrx_word' id='word_1_128' title='bbox 485 1241 665 1292; x_wconf 87' lang='lat' dir='ltr'>propter</span> <span class='ocrx_word' id='word_1_129' title='bbox 685 1241 929 1292; x_wconf 86' lang='lat' dir='ltr'>peccatum.</span> <span class='ocrx_word' id='word_1_130' title='bbox 959 1250 979 1273; x_wconf 85' lang='lat'>»</span> <span class='ocrx_word' id='word_1_131' title='bbox 1003 1233 1081 1275; x_wconf 88' lang='lat' dir='ltr'>Est</span> <span class='ocrx_word' id='word_1_132' title='bbox 1102 1229 1256 1289; x_wconf 86' lang='lat' dir='ltr'>utique</span> <span class='ocrx_word' id='word_1_133' title='bbox 1278 1238 1321 1273; x_wconf 91' lang='lat' dir='ltr'>et</span> <span class='ocrx_word' id='word_1_134' title='bbox 1344 1227 1455 1272; x_wconf 89' lang='lat' dir='ltr'>illud</span> 
     </span>
     <span class='ocr_line' id='line_1_16' title="bbox 60 1301 1456 1365; baseline -0.004 -16"><span class='ocrx_word' id='word_1_135' title='bbox 60 1320 218 1364; x_wconf 88' lang='lat' dir='ltr'>corpus</span> <span class='ocrx_word' id='word_1_136' title='bbox 234 1339 246 1358; x_wconf 82' lang='lat'>‚</span> <span class='ocrx_word' id='word_1_137' title='bbox 272 1303 403 1365; x_wconf 88' lang='lat' dir='ltr'>quale</span> <span class='ocrx_word' id='word_1_138' title='bbox 419 1303 546 1348; x_wconf 91' lang='lat' dir='ltr'>nobis</span> <span class='ocrx_word' id='word_1_139' title='bbox 564 1303 858 1363; x_wconf 83' lang='lat' dir='ltr'>promittitur,</span> <span class='ocrx_word' id='word_1_140' title='bbox 884 1312 927 1347; x_wconf 89' lang='lat' dir='ltr'>et</span> <span class='ocrx_word' id='word_1_141' title='bbox 943 1303 1143 1346; x_wconf 91' lang='lat' dir='ltr'>nondum</span> <span class='ocrx_word' id='word_1_142' title='bbox 1163 1301 1392 1355; x_wconf 85' lang='lat' dir='ltr'>habemus,</span> <span class='ocrx_word' id='word_1_143' title='bbox 1411 1301 1456 1344; x_wconf 87' lang='lat' dir='ltr'>in</span> 
     </span>
     <span class='ocr_line' id='line_1_17' title="bbox 60 1371 1456 1436; baseline -0.004 -16"><span class='ocrx_word' id='word_1_144' title='bbox 60 1377 184 1436; x_wconf 86' lang='lat' dir='ltr'>cujus</span> <span class='ocrx_word' id='word_1_145' title='bbox 216 1374 515 1434; x_wconf 81' lang='lat' dir='ltr'>redemptione</span> <span class='ocrx_word' id='word_1_146' title='bbox 533 1389 608 1434; x_wconf 90' lang='lat' dir='ltr'>spe</span> <span class='ocrx_word' id='word_1_147' title='bbox 627 1374 884 1433; x_wconf 82' lang='lat' dir='ltr'>gaudemus,</span> <span class='ocrx_word' id='word_1_148' title='bbox 910 1373 1084 1417; x_wconf 88' lang='lat' dir='ltr'>dicente</span> <span class='ocrx_word' id='word_1_149' title='bbox 1105 1371 1333 1432; x_wconf 81' lang='lat' dir='ltr'>Apostolo,</span> <span class='ocrx_word' id='word_1_150' title='bbox 1362 1390 1381 1412; x_wconf 92' lang='lat'>«</span> <span class='ocrx_word' id='word_1_151' title='bbox 1404 1373 1456 1415; x_wconf 87' lang='lat' dir='ltr'>In</span> 
     </span>
     <span class='ocr_line' id='line_1_18' title="bbox 63 1444 1453 1506; baseline -0.002 -18"><span class='ocrx_word' id='word_1_152' title='bbox 63 1464 85 1488; x_wconf 90' lang='lat'>»</span> <span class='ocrx_word' id='word_1_153' title='bbox 121 1445 440 1506; x_wconf 88' lang='lat' dir='ltr'>nobismetipsis</span> <span class='ocrx_word' id='word_1_154' title='bbox 457 1445 801 1504; x_wconf 82' lang='lat' dir='ltr'>ingemiscimus,</span> <span class='ocrx_word' id='word_1_155' title='bbox 839 1444 1120 1504; x_wconf 87' lang='lat' dir='ltr'>adoptionem</span> <span class='ocrx_word' id='word_1_156' title='bbox 1153 1450 1453 1502; x_wconf 75' lang='lat' dir='ltr'>expectantes,</span> 
     </span>
     <span class='ocr_line' id='line_1_19' title="bbox 63 1511 1456 1576; baseline -0.002 -17"><span class='ocrx_word' id='word_1_157' title='bbox 63 1535 84 1559; x_wconf 91' lang='lat'>»</span> <span class='ocrx_word' id='word_1_158' title='bbox 120 1516 469 1576; x_wconf 88' lang='lat' dir='ltr'>redemptionem</span> <span class='ocrx_word' id='word_1_159' title='bbox 486 1516 679 1576; x_wconf 89' lang='lat' dir='ltr'>corporis</span> <span class='ocrx_word' id='word_1_160' title='bbox 701 1515 853 1560; x_wconf 86' lang='lat' dir='ltr'>nostri.</span> <span class='ocrx_word' id='word_1_161' title='bbox 880 1517 962 1575; x_wconf 89' lang='lat' dir='ltr'>Spe</span> <span class='ocrx_word' id='word_1_162' title='bbox 987 1514 1102 1558; x_wconf 90' lang='lat' dir='ltr'>enim</span> <span class='ocrx_word' id='word_1_163' title='bbox 1132 1513 1238 1558; x_wconf 87' lang='lat' dir='ltr'>salvi</span> <span class='ocrx_word' id='word_1_164' title='bbox 1260 1511 1363 1557; x_wconf 85' lang='lat' dir='ltr'>facti</span> <span class='ocrx_word' id='word_1_165' title='bbox 1381 1529 1456 1556; x_wconf 93' lang='lat' dir='ltr'>su-</span> 
     </span>
     <span class='ocr_line' id='line_1_20' title="bbox 64 1583 1456 1647; baseline -0.001 -18"><span class='ocrx_word' id='word_1_166' title='bbox 64 1605 84 1629; x_wconf 84' lang='lat'>»</span> <span class='ocrx_word' id='word_1_167' title='bbox 120 1602 232 1631; x_wconf 90' lang='lat' dir='ltr'>mus.</span> <span class='ocrx_word' id='word_1_168' title='bbox 252 1589 356 1647; x_wconf 91' lang='lat' dir='ltr'>Spes</span> <span class='ocrx_word' id='word_1_169' title='bbox 375 1596 519 1631; x_wconf 89' lang='lat' dir='ltr'>autem</span> <span class='ocrx_word' id='word_1_170' title='bbox 535 1603 634 1647; x_wconf 76' lang='lat' dir='ltr'>quae</span> <span class='ocrx_word' id='word_1_171' title='bbox 649 1585 824 1631; x_wconf 88' lang='lat' dir='ltr'>videtur</span> <span class='ocrx_word' id='word_1_172' title='bbox 840 1622 850 1641; x_wconf 87' lang='lat'><strong>‚</strong></span> <span class='ocrx_word' id='word_1_173' title='bbox 867 1601 955 1630; x_wconf 92' lang='lat' dir='ltr'>non</span> <span class='ocrx_word' id='word_1_174' title='bbox 975 1594 1039 1630; x_wconf 90' lang='lat' dir='ltr'>est</span> <span class='ocrx_word' id='word_1_175' title='bbox 1059 1600 1169 1645; x_wconf 89' lang='lat' dir='ltr'>spes.</span> <span class='ocrx_word' id='word_1_176' title='bbox 1197 1584 1326 1637; x_wconf 88' lang='lat' dir='ltr'>Quod</span> <span class='ocrx_word' id='word_1_177' title='bbox 1341 1583 1456 1628; x_wconf 88' lang='lat' dir='ltr'>enim</span> 
     </span>
     <span class='ocr_line' id='line_1_21' title="bbox 63 1653 1457 1718; baseline -0.003 -18"><span class='ocrx_word' id='word_1_178' title='bbox 63 1676 84 1700; x_wconf 89' lang='lat'>»</span> <span class='ocrx_word' id='word_1_179' title='bbox 114 1657 234 1702; x_wconf 92' lang='lat' dir='ltr'>videt</span> <span class='ocrx_word' id='word_1_180' title='bbox 247 1658 360 1718; x_wconf 89' lang='lat' dir='ltr'>quis,</span> <span class='ocrx_word' id='word_1_181' title='bbox 381 1656 490 1718; x_wconf 87' lang='lat' dir='ltr'>quid</span> <span class='ocrx_word' id='word_1_182' title='bbox 512 1659 680 1717; x_wconf 79' lang='lat' dir='ltr'>sperat?</span> <span class='ocrx_word' id='word_1_183' title='bbox 696 1657 738 1702; x_wconf 90' lang='lat' dir='ltr'>Si</span> <span class='ocrx_word' id='word_1_184' title='bbox 753 1665 900 1701; x_wconf 89' lang='lat' dir='ltr'>autem</span> <span class='ocrx_word' id='word_1_185' title='bbox 915 1654 1037 1716; x_wconf 89' lang='lat' dir='ltr'>quod</span> <span class='ocrx_word' id='word_1_186' title='bbox 1055 1671 1145 1700; x_wconf 90' lang='lat' dir='ltr'>non</span> <span class='ocrx_word' id='word_1_187' title='bbox 1156 1653 1354 1698; x_wconf 90' lang='lat' dir='ltr'>videmus</span> <span class='ocrx_word' id='word_1_188' title='bbox 1368 1669 1457 1713; x_wconf 87' lang='lat' dir='ltr'>spe-</span> 
     </span>
     <span class='ocr_line' id='line_1_22' title="bbox 62 1725 1457 1788; baseline -0.004 -15"><span class='ocrx_word' id='word_1_189' title='bbox 62 1747 84 1770; x_wconf 87' lang='lat'>»</span> <span class='ocrx_word' id='word_1_190' title='bbox 120 1744 289 1783; x_wconf 85' lang='lat' dir='ltr'>ramus,</span> <span class='ocrx_word' id='word_1_191' title='bbox 324 1744 402 1788; x_wconf 92' lang='lat' dir='ltr'>per</span> <span class='ocrx_word' id='word_1_192' title='bbox 423 1728 677 1787; x_wconf 82' lang='lat' dir='ltr'>patientiam</span> <span class='ocrx_word' id='word_1_193' title='bbox 705 1736 984 1788; x_wconf 85' lang='lat' dir='ltr'>expectamus</span> <span class='ocrx_word' id='word_1_194' title='bbox 1000 1728 1032 1770; x_wconf 82' lang='lat'>².</span> <span class='ocrx_word' id='word_1_195' title='bbox 1062 1744 1082 1767; x_wconf 85' lang='lat'>»</span> <span class='ocrx_word' id='word_1_196' title='bbox 1124 1725 1330 1779; x_wconf 86' lang='lat' dir='ltr'>Quamvis</span> <span class='ocrx_word' id='word_1_197' title='bbox 1354 1740 1457 1783; x_wconf 81' lang='lat' dir='ltr'>ergo</span> 
     </span>
     <span class='ocr_line' id='line_1_23' title="bbox 60 1795 1459 1860; baseline -0.004 -16"><span class='ocrx_word' id='word_1_198' title='bbox 60 1800 228 1844; x_wconf 86' lang='lat' dir='ltr'>bonum</span> <span class='ocrx_word' id='word_1_199' title='bbox 252 1798 433 1860; x_wconf 88' lang='lat' dir='ltr'>aliquod</span> <span class='ocrx_word' id='word_1_200' title='bbox 455 1799 509 1843; x_wconf 89' lang='lat' dir='ltr'>sit</span> <span class='ocrx_word' id='word_1_201' title='bbox 529 1814 687 1858; x_wconf 89' lang='lat' dir='ltr'>corpus</span> <span class='ocrx_word' id='word_1_202' title='bbox 710 1807 908 1843; x_wconf 87' lang='lat' dir='ltr'>nostrum</span> <span class='ocrx_word' id='word_1_203' title='bbox 929 1806 1103 1856; x_wconf 83' lang='lat' dir='ltr'>3tamen</span> <span class='ocrx_word' id='word_1_204' title='bbox 1124 1795 1322 1857; x_wconf 86' lang='lat' dir='ltr'>quandiu</span> <span class='ocrx_word' id='word_1_205' title='bbox 1339 1810 1459 1839; x_wconf 90' lang='lat' dir='ltr'>mor-</span> 
     </span>
     <span class='ocr_line' id='line_1_24' title="bbox 60 1865 1459 1930; baseline -0.004 -16"><span class='ocrx_word' id='word_1_206' title='bbox 60 1870 146 1914; x_wconf 80' lang='lat' dir='ltr'>tale</span> <span class='ocrx_word' id='word_1_207' title='bbox 163 1879 343 1930; x_wconf 87' lang='lat' dir='ltr'>propter</span> <span class='ocrx_word' id='word_1_208' title='bbox 364 1878 615 1930; x_wconf 76' lang='lat' dir='ltr'>peccatum,</span> <span class='ocrx_word' id='word_1_209' title='bbox 653 1867 851 1929; x_wconf 86' lang='lat' dir='ltr'>quandiu</span> <span class='ocrx_word' id='word_1_210' title='bbox 882 1866 1082 1926; x_wconf 84' lang='lat' dir='ltr'>indigens</span> <span class='ocrx_word' id='word_1_211' title='bbox 1104 1902 1116 1923; x_wconf 95' lang='lat'>,</span> <span class='ocrx_word' id='word_1_212' title='bbox 1142 1865 1340 1926; x_wconf 87' lang='lat' dir='ltr'>quandiu</span> <span class='ocrx_word' id='word_1_213' title='bbox 1360 1881 1459 1910; x_wconf 87' lang='lat' dir='ltr'>cor-</span> 
     </span>
     <span class='ocr_line' id='line_1_25' title="bbox 61 1936 1457 2001; baseline -0.004 -16"><span class='ocrx_word' id='word_1_214' title='bbox 61 1940 268 2000; x_wconf 87' lang='lat' dir='ltr'>ruptibile</span> <span class='ocrx_word' id='word_1_215' title='bbox 288 1977 299 1997; x_wconf 81' lang='lat'>‚</span> <span class='ocrx_word' id='word_1_216' title='bbox 324 1939 523 2001; x_wconf 85' lang='lat' dir='ltr'>quandiu</span> <span class='ocrx_word' id='word_1_217' title='bbox 547 1940 606 1984; x_wconf 87' lang='lat' dir='ltr'>ita</span> <span class='ocrx_word' id='word_1_218' title='bbox 644 1939 878 1994; x_wconf 86' lang='lat' dir='ltr'>mutabile,</span> <span class='ocrx_word' id='word_1_219' title='bbox 904 1947 955 1983; x_wconf 91' lang='lat' dir='ltr'>ut</span> <span class='ocrx_word' id='word_1_220' title='bbox 991 1953 1046 1982; x_wconf 90' lang='lat' dir='ltr'>ne</span> <span class='ocrx_word' id='word_1_221' title='bbox 1080 1946 1246 1998; x_wconf 88' lang='lat' dir='ltr'>puncto</span> <span class='ocrx_word' id='word_1_222' title='bbox 1278 1936 1457 1997; x_wconf 90' lang='lat' dir='ltr'>quidem</span> 
     </span>
     <span class='ocr_line' id='line_1_26' title="bbox 64 2007 1460 2071; baseline -0.003 -16"><span class='ocrx_word' id='word_1_223' title='bbox 64 2012 268 2071; x_wconf 87' lang='lat' dir='ltr'>temporis</span> <span class='ocrx_word' id='word_1_224' title='bbox 292 2012 498 2055; x_wconf 87' lang='lat' dir='ltr'>consistat</span> <span class='ocrx_word' id='word_1_225' title='bbox 518 2013 563 2054; x_wconf 90' lang='lat' dir='ltr'>in</span> <span class='ocrx_word' id='word_1_226' title='bbox 585 2026 629 2054; x_wconf 90' lang='lat' dir='ltr'>se</span> <span class='ocrx_word' id='word_1_227' title='bbox 646 2046 656 2065; x_wconf 75' lang='lat'><strong>‚</strong></span> <span class='ocrx_word' id='word_1_228' title='bbox 689 2009 844 2070; x_wconf 88' lang='lat' dir='ltr'>procul</span> <span class='ocrx_word' id='word_1_229' title='bbox 864 2009 1001 2053; x_wconf 90' lang='lat' dir='ltr'>dubio</span> <span class='ocrx_word' id='word_1_230' title='bbox 1023 2007 1109 2052; x_wconf 84' lang='lat' dir='ltr'>tale</span> <span class='ocrx_word' id='word_1_231' title='bbox 1135 2017 1220 2063; x_wconf 79' lang='lat' dir='ltr'>est,</span> <span class='ocrx_word' id='word_1_232' title='bbox 1256 2017 1306 2052; x_wconf 90' lang='lat' dir='ltr'>ut</span> <span class='ocrx_word' id='word_1_233' title='bbox 1334 2017 1460 2068; x_wconf 91' lang='lat' dir='ltr'>opte-</span> 
     </span>
     <span class='ocr_line' id='line_1_27' title="bbox 61 2078 1459 2141; baseline -0.002 -16"><span class='ocrx_word' id='word_1_234' title='bbox 61 2097 158 2125; x_wconf 90' lang='lat' dir='ltr'>mus</span> <span class='ocrx_word' id='word_1_235' title='bbox 178 2080 526 2141; x_wconf 85' lang='lat' dir='ltr'>redemptionem</span> <span class='ocrx_word' id='word_1_236' title='bbox 549 2080 687 2135; x_wconf 77' lang='lat' dir='ltr'>ilfius,</span> <span class='ocrx_word' id='word_1_237' title='bbox 714 2096 802 2140; x_wconf 88' lang='lat' dir='ltr'>qua</span> <span class='ocrx_word' id='word_1_238' title='bbox 817 2080 870 2124; x_wconf 90' lang='lat' dir='ltr'>sit</span> <span class='ocrx_word' id='word_1_239' title='bbox 888 2078 1125 2139; x_wconf 84' lang='lat' dir='ltr'>aliquando</span> <span class='ocrx_word' id='word_1_240' title='bbox 1143 2094 1233 2122; x_wconf 90' lang='lat' dir='ltr'>non</span> <span class='ocrx_word' id='word_1_241' title='bbox 1248 2078 1349 2122; x_wconf 87' lang='lat' dir='ltr'>tale.</span> <span class='ocrx_word' id='word_1_242' title='bbox 1374 2079 1459 2122; x_wconf 86' lang='lat' dir='ltr'>Sed</span> 
     </span>
     <span class='ocr_line' id='line_1_28' title="bbox 60 2148 1456 2212; baseline -0.002 -16"><span class='ocrx_word' id='word_1_243' title='bbox 60 2152 192 2212; x_wconf 83' lang='lat' dir='ltr'>quale</span> <span class='ocrx_word' id='word_1_244' title='bbox 214 2153 295 2196; x_wconf 90' lang='lat' dir='ltr'>erit</span> <span class='ocrx_word' id='word_1_245' title='bbox 308 2151 721 2212; x_wconf 78' lang='lat' dir='ltr'>aliquando?Quale</span> <span class='ocrx_word' id='word_1_246' title='bbox 733 2151 848 2194; x_wconf 91' lang='lat' dir='ltr'>idem</span> <span class='ocrx_word' id='word_1_247' title='bbox 865 2149 1100 2210; x_wconf 87' lang='lat' dir='ltr'>Apostolus</span> <span class='ocrx_word' id='word_1_248' title='bbox 1118 2149 1224 2194; x_wconf 88' lang='lat' dir='ltr'>dicit</span> <span class='ocrx_word' id='word_1_249' title='bbox 1241 2148 1326 2194; x_wconf 90' lang='lat' dir='ltr'>alio</span> <span class='ocrx_word' id='word_1_250' title='bbox 1343 2149 1456 2205; x_wconf 88' lang='lat' dir='ltr'>loco,</span> 
     </span>
     <span class='ocr_line' id='line_1_29' title="bbox 66 2220 1460 2282; baseline -0.001 -17"><span class='ocrx_word' id='word_1_251' title='bbox 66 2243 86 2266; x_wconf 89' lang='lat'>«</span> <span class='ocrx_word' id='word_1_252' title='bbox 121 2224 306 2282; x_wconf 87' lang='lat' dir='ltr'>Oportet</span> <span class='ocrx_word' id='word_1_253' title='bbox 328 2221 614 2281; x_wconf 86' lang='lat' dir='ltr'>corruptibile</span> <span class='ocrx_word' id='word_1_254' title='bbox 646 2222 730 2266; x_wconf 91' lang='lat' dir='ltr'>hoc</span> <span class='ocrx_word' id='word_1_255' title='bbox 763 2220 945 2264; x_wconf 88' lang='lat' dir='ltr'>induere</span> <span class='ocrx_word' id='word_1_256' title='bbox 982 2221 1357 2280; x_wconf 85' lang='lat' dir='ltr'>incorruptionem</span> <span class='ocrx_word' id='word_1_257' title='bbox 1376 2255 1387 2276; x_wconf 84' lang='lat'>,</span> <span class='ocrx_word' id='word_1_258' title='bbox 1417 2229 1460 2263; x_wconf 85' lang='lat' dir='ltr'>et</span> 
     </span>
     <span class='ocr_line' id='line_1_30' title="bbox 65 2291 1458 2337; baseline -0.001 -3"><span class='ocrx_word' id='word_1_259' title='bbox 65 2312 85 2334; x_wconf 92' lang='lat'>»</span> <span class='ocrx_word' id='word_1_260' title='bbox 120 2292 304 2337; x_wconf 85' lang='lat' dir='ltr'>mortale</span> <span class='ocrx_word' id='word_1_261' title='bbox 325 2293 409 2337; x_wconf 90' lang='lat' dir='ltr'>hoc</span> <span class='ocrx_word' id='word_1_262' title='bbox 431 2292 614 2336; x_wconf 88' lang='lat' dir='ltr'>induere</span> <span class='ocrx_word' id='word_1_263' title='bbox 635 2291 1050 2336; x_wconf 43' lang='lat' dir='ltr'>immortalitatem?</span> <span class='ocrx_word' id='word_1_264' title='bbox 1072 2310 1091 2332; x_wconf 91' lang='lat'>»</span> <span class='ocrx_word' id='word_1_265' title='bbox 1112 2291 1197 2335; x_wconf 91' lang='lat' dir='ltr'>Sed</span> <span class='ocrx_word' id='word_1_266' title='bbox 1215 2291 1344 2334; x_wconf 88' lang='lat' dir='ltr'>etiam</span> <span class='ocrx_word' id='word_1_267' title='bbox 1357 2305 1458 2334; x_wconf 91' lang='lat' dir='ltr'>cum</span> 
     </span>
     <span class='ocr_line' id='line_1_31' title="bbox 61 2359 1457 2422; baseline -0.002 -15"><span class='ocrx_word' id='word_1_268' title='bbox 61 2363 194 2408; x_wconf 87' lang='lat' dir='ltr'>fuerit</span> <span class='ocrx_word' id='word_1_269' title='bbox 211 2363 297 2407; x_wconf 86' lang='lat' dir='ltr'>tale</span> <span class='ocrx_word' id='word_1_270' title='bbox 313 2378 471 2422; x_wconf 91' lang='lat' dir='ltr'>corpus</span> <span class='ocrx_word' id='word_1_271' title='bbox 484 2370 698 2417; x_wconf 85' lang='lat' dir='ltr'>nostrum,</span> <span class='ocrx_word' id='word_1_272' title='bbox 717 2377 874 2421; x_wconf 88' lang='lat' dir='ltr'>corpus</span> <span class='ocrx_word' id='word_1_273' title='bbox 886 2363 977 2422; x_wconf 85' lang='lat' dir='ltr'>jam</span> <span class='ocrx_word' id='word_1_274' title='bbox 992 2359 1170 2405; x_wconf 83' lang='lat' dir='ltr'>coeleste</span> <span class='ocrx_word' id='word_1_275' title='bbox 1184 2370 1227 2405; x_wconf 86' lang='lat' dir='ltr'>et</span> <span class='ocrx_word' id='word_1_276' title='bbox 1249 2360 1457 2420; x_wconf 84' lang='lat' dir='ltr'>spiritale,</span> 
     </span>
     <span class='ocr_line' id='line_1_32' title="bbox 61 2432 1460 2494; baseline -0.002 -15"><span class='ocrx_word' id='word_1_277' title='bbox 61 2450 218 2494; x_wconf 88' lang='lat' dir='ltr'>corpus</span> <span class='ocrx_word' id='word_1_278' title='bbox 241 2434 486 2492; x_wconf 87' lang='lat' dir='ltr'>angelicum</span> <span class='ocrx_word' id='word_1_279' title='bbox 514 2433 559 2477; x_wconf 87' lang='lat' dir='ltr'>in</span> <span class='ocrx_word' id='word_1_280' title='bbox 594 2434 796 2477; x_wconf 88' lang='lat' dir='ltr'>societate</span> <span class='ocrx_word' id='word_1_281' title='bbox 833 2433 1127 2492; x_wconf 83' lang='lat' dir='ltr'>Angelorum,</span> <span class='ocrx_word' id='word_1_282' title='bbox 1153 2448 1234 2477; x_wconf 91' lang='lat' dir='ltr'>nec</span> <span class='ocrx_word' id='word_1_283' title='bbox 1257 2433 1315 2477; x_wconf 91' lang='lat' dir='ltr'>sic</span> <span class='ocrx_word' id='word_1_284' title='bbox 1337 2432 1460 2476; x_wconf 84' lang='lat' dir='ltr'>dabit</span> 
     </span>
     <span class='ocr_line' id='line_1_33' title="bbox 60 2503 1459 2564; baseline -0.001 -16"><span class='ocrx_word' id='word_1_285' title='bbox 60 2504 290 2549; x_wconf 88' lang='lat' dir='ltr'>consilium</span> <span class='ocrx_word' id='word_1_286' title='bbox 314 2505 485 2548; x_wconf 84' lang='lat' dir='ltr'>animae.</span> <span class='ocrx_word' id='word_1_287' title='bbox 515 2506 693 2563; x_wconf 90' lang='lat' dir='ltr'>Semper</span> <span class='ocrx_word' id='word_1_288' title='bbox 713 2503 827 2547; x_wconf 91' lang='lat' dir='ltr'>enim</span> <span class='ocrx_word' id='word_1_289' title='bbox 851 2519 1008 2564; x_wconf 89' lang='lat' dir='ltr'>corpus</span> <span class='ocrx_word' id='word_1_290' title='bbox 1026 2538 1037 2559; x_wconf 82' lang='lat'>‚</span> <span class='ocrx_word' id='word_1_291' title='bbox 1064 2503 1276 2563; x_wconf 82' lang='lat' dir='ltr'>quoniam</span> <span class='ocrx_word' id='word_1_292' title='bbox 1300 2517 1459 2562; x_wconf 89' lang='lat' dir='ltr'>corpus</span> 
     </span>
    </p>
   </div>
   <div class='ocr_carea' id='block_1_3' title="bbox 112 2586 1261 2630">
    <p class='ocr_par' dir='ltr' id='par_1_4' title="bbox 112 2586 1261 2630">
     <span class='ocr_line' id='line_1_34' title="bbox 112 2586 1261 2630; baseline -0.003 -9"><span class='ocrx_word' id='word_1_293' title='bbox 112 2594 122 2610; x_wconf 86' lang='lat'>¹</span> <span class='ocrx_word' id='word_1_294' title='bbox 146 2589 394 2630; x_wconf 58' lang='lat' dir='ltr'>Gon.1‚1.3.—</span> <span class='ocrx_word' id='word_1_295' title='bbox 422 2595 434 2611; x_wconf 84' lang='lat'>²</span> <span class='ocrx_word' id='word_1_296' title='bbox 457 2591 631 2629; x_wconf 80' lang='lat' dir='ltr'>Rom.v1u,</span> <span class='ocrx_word' id='word_1_297' title='bbox 656 2598 706 2629; x_wconf 81' lang='lat' dir='ltr'>m,</span> <span class='ocrx_word' id='word_1_298' title='bbox 727 2593 758 2619; x_wconf 88' lang='lat' dir='ltr'>et</span> <span class='ocrx_word' id='word_1_299' title='bbox 774 2587 888 2620; x_wconf 71' lang='lat'><strong>23-25.</strong></span> <span class='ocrx_word' id='word_1_300' title='bbox 903 2604 945 2609; x_wconf 88' lang='lat'>-—</span> <span class='ocrx_word' id='word_1_301' title='bbox 971 2586 982 2609; x_wconf 75' lang='lat'>3</span> <span class='ocrx_word' id='word_1_302' title='bbox 1007 2598 1018 2620; x_wconf 78' lang='grc' dir='ltr'>ι</span> <span class='ocrx_word' id='word_1_303' title='bbox 1037 2589 1109 2618; x_wconf 79' lang='lat' dir='ltr'>Cor.</span> <span class='ocrx_word' id='word_1_304' title='bbox 1131 2598 1186 2625; x_wconf 86' lang='lat' dir='ltr'>xv,</span> <span class='ocrx_word' id='word_1_305' title='bbox 1209 2586 1261 2619; x_wconf 75' lang='lat'>55.</span> 
     </span>
    </p>
   </div>
  </div>
 </body>
</html>
