1815 3253
361 222 444 262 414
799 231 833 261 s.
868 229 1099 262 Auens-nm
1130 235 1311 263 13121500121

358 314 465 345 voce
486 314 573 360 qua
594 298 752 344 dieitur
773 317 781 343 :
808 317 828 341 «
852 302 946 358 Ego
969 299 1085 343 enim
1112 300 1156 344 in
1179 299 1483 360 iniquitatibus
1504 305 1768 357 conceptus

362 389 382 412 »
417 386 539 426 sum,
570 379 613 414 et
646 370 692 413 in
729 371 913 429 peccatis
943 378 1081 413 mater
1102 385 1197 414 mea
1219 371 1265 414 in
1288 379 1412 414 utero
1445 385 1515 413 me
1538 368 1686 412 aluit1.
1716 378 1738 408 »
1766 417 1768 421 Α

359 441 491 485 Venit
526 450 673 485 autem
699 439 773 484 ille
806 455 883 499 per
901 440 1147 498 Virginem,
1185 456 1404 485 assumens
1428 454 1602 484 carnem
1617 472 1628 493 ,
1652 453 1744 482 non

358 510 631 572 iniquitatem
649 510 805 566 carnis,
832 525 1052 554 assumens
1075 525 1248 554 carnem
1269 510 1480 554 mundam
1502 507 1744 552 mundatri-
1765 551 1768 565 ³

358 596 467 625 cem.
505 580 575 625 Illi
607 589 753 625 autem
791 595 922 640 quem
958 589 1230 640 peccatorem
1257 580 1495 640 putabant,
1533 587 1743 638 tanquam

358 660 584 695 mortuum
618 649 767 695 saeculi
794 649 1080 709 deputabant.
1117 652 1174 694 At
1194 649 1267 693 ille
1288 649 1364 710 qui
1384 649 1431 693 in
1468 648 1552 693 alio
1575 647 1745 692 Psalmo
1768 645 1769 662 ³

359 721 466 765 dixit
492 740 501 765 :
530 739 550 763 «
590 723 698 774 Quae
733 736 823 764 non
854 720 1012 779 rapui,
1047 729 1153 764 tunc
1195 720 1477 764 exolvebam²
1503 738 1512 763 :
1541 736 1561 760 »
1593 727 1637 762 et
1668 717 1745 777 qui

360 790 467 835 dixit
487 790 533 835 in
554 790 792 850 Evangelio
813 825 824 845 ,
861 809 881 833 «
905 793 1019 835 Eece
1040 790 1159 835 venit
1180 790 1378 850 princeps
1410 788 1567 845 mundi
1584 823 1595 844 ,
1629 803 1746 848 prae·
1768 793 1769 845 ξ

364 879 385 902 »
421 861 586 921 positus
604 861 771 916 mortis,
791 861 930 920 operis
948 860 1051 904 mali
1072 876 1313 920 persuasor,
1334 859 1533 919 supplicii
1555 868 1742 914 exactor,
1768 892 1769 924 ἶ

367 951 385 973 »
420 932 566 987 Venit,
589 931 748 992 inquit,
767 940 811 975 et
829 931 875 975 in
896 946 965 975 me
986 929 1097 975 nihil
1114 929 1306 976 inveniet
1322 932 1353 975 ³.
1375 948 1396 972 »
1423 929 1540 983 Quid
1561 939 1640 984 est,
1661 948 1680 970 «
1695 932 1753 973 In>

364 1020 385 1044 »
421 1019 490 1047 me
508 1003 618 1048 nihil
632 1003 856 1050 inveniet?
872 1021 893 1045 »
914 1002 1090 1049 Nullam
1112 1002 1314 1062 culpam,
1350 1001 1458 1046 nihil
1482 1016 1616 1062 quare
1638 999 1748 1044 mori
1768 995 1770 1029 ῗ

362 1073 562 1118 debeam.
593 1093 614 1117 «
640 1074 725 1120 Sed
745 1083 796 1118 ut
817 1074 955 1118 sciant
976 1089 1125 1118 omnes
1143 1074 1244 1134 quia
1265 1073 1561 1127 voluntatem,
1586 1071 1744 1131 inquit,
1768 1070 1770 1104 ἓ

365 1162 386 1186 »
422 1146 560 1190 Patris
584 1146 670 1189 mei
693 1144 830 1201 facio,
856 1146 1017 1204 surgite
1034 1180 1046 1200 ,
1075 1160 1221 1189 eamus
1242 1145 1345 1189 hinc
1362 1146 1393 1188 4.
1425 1163 1445 1185 »
1479 1146 1535 1188 Ut
1564 1143 1744 1197 moriar,
1768 1190 1770 1198 Ε

362 1215 532 1276 inquit,
568 1216 843 1261 voluntatem
884 1216 1019 1260 Patris
1046 1217 1131 1259 mei
1151 1214 1269 1260 ,facio
1288 1249 1300 1270 ,
1331 1230 1420 1259 non
1442 1222 1586 1258 autem
1609 1221 1771 1259 morte

362 1301 458 1330 sum
478 1285 653 1345 dignus.
677 1286 797 1331 Nihil
819 1284 902 1330 feci
922 1287 1041 1329 unde
1061 1286 1221 1330 moriar
1236 1321 1246 1341 ,
1267 1286 1343 1329 sed
1362 1284 1474 1329 facio
1490 1294 1539 1328 ut
1560 1284 1746 1329 moriar:

362 1365 412 1400 ut
442 1355 507 1399 illi
542 1371 620 1416 per
654 1355 895 1400 innocentis
925 1365 1110 1399 mortem
1140 1355 1407 1411 liberentur,
1428 1354 1505 1415 qui
1527 1354 1751 1398 habebant

362 1442 496 1486 quare
518 1435 810 1471 morerentur.
845 1444 866 1468 «
895 1424 1233 1471 Collocaverunt
1261 1441 1330 1469 me
1362 1425 1408 1469 in
1430 1425 1692 1479 tenebrosis,
1726 1441 1748 1466 »

365 1507 571 1558 tanquam
605 1498 652 1542 in
676 1497 856 1542 infernis
873 1532 884 1553 ,
910 1506 1121 1558 tanquam
1154 1498 1199 1541 in
1220 1496 1441 1556 sepulcro,
1472 1505 1679 1556 tanquam
1705 1497 1771 1539 in'

362 1569 452 1629 ipsa
473 1569 673 1629 passione
692 1604 703 1624 ,
728 1587 748 1611 «
770 1567 905 1613 Velut
928 1578 1122 1613 mortuos
1142 1568 1309 1623 saeculi,
1339 1586 1360 1610 »
1386 1583 1487 1612 eum
1509 1568 1586 1628 qui
1609 1566 1713 1611 dicit
1738 1580 1761 1612 ε’

368 1658 388 1681 «
424 1643 584 1684 Factus
613 1655 709 1683 sum
744 1638 856 1683 sicut
883 1639 1016 1683 homo
1054 1639 1145 1682 sine
1175 1638 1391 1698 adjutorio
1423 1639 1535 1682 inter
1556 1646 1752 1682 mortuos

367 1728 388 1751 »
422 1710 577 1755 liber5.
610 1729 630 1752 »
654 1710 773 1764 Quid
791 1719 876 1766 est,
902 1710 1043 1754 liber?
1065 1725 1199 1770 quare
1222 1709 1364 1754 liber?
1386 1710 1496 1763 Quia
1519 1710 1658 1754 omnis
1677 1709 1771 1771 qui

365 1779 468 1825 facit
489 1789 745 1840 peccatum,
769 1795 916 1824 servus
936 1789 1000 1824 est
1023 1780 1188 1839 peccati
1205 1781 1237 1824 ⁰.
1269 1779 1466 1839 Denique
1499 1795 1589 1824 non
1610 1778 1751 1823 solve·
1770 1788 1771 1800 ¹

365 1860 431 1895 ret
452 1867 476 1895 a
495 1850 702 1906 vinculis,
727 1849 808 1894 nisi
823 1849 935 1893 liber
954 1865 977 1893 a
994 1848 1192 1894 vinculis.
1213 1848 1291 1893 Ille
1307 1849 1418 1893 liber
1439 1858 1623 1894 mortem
1642 1838 1772 1898 occi-

367 1921 431 1965 dit
446 1956 457 1977 ,
476 1921 703 1966 vinculum
720 1920 858 1964 vinxit
874 1955 885 1974 ,
906 1920 1201 1979 captivitatem
1218 1920 1471 1979 captivavit,
1497 1928 1541 1963 et
1566 1919 1754 1964 colloca·
1769 1962 1771 1977 1

367 2001 525 2037 verunt
541 2007 643 2036 eum
663 1992 710 2035 in
732 1991 970 2036 tenebrosis
992 2000 1202 2052 tanquam
1224 2000 1419 2035 mortuos
1441 1989 1602 2034 saeculi.

426 2065 505 2107 IX.
546 2081 565 2104 «
597 2065 655 2106 Et
683 2061 863 2105 taedium
886 2096 897 2116 ‚
928 2061 1100 2121 inquit,
1136 2076 1284 2120 passus
1319 2069 1382 2104 est
1418 2061 1462 2103 in
1489 2075 1559 2104 me
1581 2059 1772 2120 spiritus

369 2150 390 2174 »
425 2148 548 2177 meus
566 2134 597 2175 ⁷.
626 2150 646 2173 »
673 2130 1000 2185 Recordamini,
1038 2148 1057 2172 «
1083 2130 1227 2174 Tristis
1249 2140 1312 2174 est
1334 2131 1476 2174 anima
1498 2146 1592 2174 mea
1616 2144 1772 2190 usque

369 2220 391 2244 >›
426 2204 482 2247 ad
499 2204 728 2246 mortemss.
752 2220 773 2243 η
800 2200 955 2245 Videte
972 2216 1124 2246 vocem
1146 2217 1293 2245 unam.
1319 2201 1542 2262 Numquid
1563 2217 1653 2246 non
1674 2217 1771 2261 ap-

367 2282 490 2332 paret
521 2274 612 2332 ipse
634 2272 840 2316 transitus
875 2288 898 2316 a
922 2272 1062 2330 eapite
1099 2271 1153 2315 ad
1175 2272 1370 2316 membra
1385 2307 1395 2327 ,
1421 2287 1444 2315 a
1466 2260 1669 2315 menfbris
1699 2270 1772 2316 ad.

368 2344 533 2402 caput?
549 2361 570 2385 α
590 2342 803 2398 Taedium,
817 2341 975 2402 inquit,
996 2356 1141 2401 passus
1162 2350 1226 2386 est
1245 2342 1290 2385 in
1307 2356 1376 2385 me
1391 2342 1562 2402 spiritus
1579 2356 1749 2386 meus.»

415 2464 426 2481 ¹
457 2457 538 2490 Psal.
573 2468 614 2500 L,
634 2467 664 2500 7.
696 2473 738 2480 ·—-·
763 2464 775 2479 ²
797 2457 845 2489 Id.
868 2467 985 2499 vam,
1018 2456 1049 2488 5.
1071 2473 1113 2479 —-
1133 2455 1146 2479 3
1164 2459 1342 2496 Joan.x1v,
1372 2457 1424 2488 30.
1450 2453 1619 2488 —41bid.
1638 2457 1690 2487 31.
1712 2472 1753 2478 -—

369 2512 384 2537 5
411 2514 491 2547 Psal.
523 2524 657 2553 xxxvu,
687 2513 718 2546 5.
743 2530 786 2537 —
811 2511 827 2536 6
857 2515 949 2546 Joan.
978 2523 1059 2555 vin,
1083 2511 1136 2555 34.
1165 2519 1233 2546 -7
1263 2511 1342 2546 Psal.
1364 2522 1464 2555 extu,
1487 2510 1520 2554 4.
1541 2529 1582 2535 -
1606 2510 1621 2535 3
1638 2512 1751 2545 Mauh.

369 2580 463 2612 xxvr,
483 2569 536 2603 38.

1804 2360 1813 2403 ‚La
