1815 3253
303 211 386 251 504
741 220 775 249 s.
812 219 1042 249 Auensnm
1073 223 1254 250 muscom

300 290 464 332 interea
491 286 597 347 quid
629 285 733 331 facit
753 286 971 330 medicus?
996 285 1155 344 Alligat
1176 286 1455 331 contritiones
1482 294 1578 330 tuas
1594 321 1604 341 ,
1634 295 1684 330 ut
1749 285 1750 288 ’
1782 302 1785 311 ’

300 358 434 418 possis
459 357 685 416 pervenire
716 356 771 400 ad
793 356 1083 416 plenissimam
1110 357 1381 411 firmitatem,
1407 356 1546 402 donec
1576 373 1684 402 con-

301 428 511 473 solidetur
528 426 648 488 quod
668 425 856 471 fractum
877 437 956 482 est,
981 427 1101 487 quod
1118 427 1340 486 alligatum
1360 436 1437 471 cst.
1459 430 1567 480 Quae
1584 437 1686 472 sunt

298 501 381 543 ista
412 497 719 557 alligamenta?
760 496 1032 556 Temporalia
1073 507 1353 542 sacramenta.
1397 497 1687 556 Alligamenta

302 569 576 614 medicinalia¹
599 577 701 612 sunt
722 568 991 612 contritionis
1023 578 1203 624 nostrae,
1229 577 1494 614 sacramenta
1513 569 1687 612 interim

302 640 555 700 temporalia
572 675 582 694 ,
607 639 765 699 quibus
794 639 1006 684 habemus
1030 639 1368 684 consolationem
1395 659 1404 685 z
1424 649 1468 684 et
1487 640 1567 683 ista
1591 655 1688 683 om-

302 712 374 756 nia
395 726 494 771 quae
526 709 749 769 loquimur
770 709 915 764 vobis,
946 710 1037 769 ipsa
1059 725 1158 770 quae
1186 719 1342 754 sonant
1368 718 1411 753 et
1436 718 1658 754 transeunt
1673 745 1685 766 ,

302 779 520 843 quidquid
550 780 596 824 in
632 779 824 824 Ecclesia
852 780 1014 838 geritur
1050 781 1373 840 temporaliter,
1412 780 1690 839 alligamenta

302 861 405 897 sunt
435 850 764 895 contritionum.
803 850 1182 903 Quemadmodum
1222 851 1336 895 enim
1370 850 1562 894 medicus
1588 866 1690 910 per-

302 923 416 967 fecta
437 922 619 965 sanitate
641 920 830 965 detrahit
849 921 1079 980 ligaturam
1103 941 1111 966 :
1137 922 1196 966 sic
1218 922 1263 965 in
1288 920 1360 965 illa
1379 921 1550 966 civitate
1570 923 1692 965 Jeru-

303 993 458 1047 salem,
493 1008 594 1036 cum
629 991 818 1051 aequales
858 991 1036 1050 Angelis
1069 990 1171 1036 facti
1207 991 1439 1046 fuerimus,
1475 991 1692 1052 numquid

301 1063 463 1123 putatis
484 1062 546 1106 ibi
575 1071 927 1121 accepturos-nos
957 1078 1047 1106 esse
1069 1062 1281 1122 quod0hic
1315 1062 1575 1121 accipimus?
1602 1066 1692 1106 Aut

302 1134 364 1178 ibi
381 1133 654 1177 recitandum
673 1141 736 1175 cst
757 1132 883 1176 nobis
900 1131 1203 1190 Evangelium,
1224 1142 1274 1176 ut
1297 1132 1403 1176 fides
1424 1142 1571 1176 nostra
1592 1148 1693 1192 per-
1751 1165 1763 1175 .

304 1204 503 1248 maneat?
527 1211 602 1246 aut
622 1202 887 1261 imponenda
912 1212 975 1246 est
999 1218 1153 1246 manus
1187 1204 1242 1246 ab
1265 1202 1411 1262 aliquo
1433 1203 1692 1262 praeposito?

306 1278 393 1318 Ista
421 1273 567 1318 omnia
594 1272 868 1329 alligamenta
896 1271 1100 1317 fracturae
1130 1282 1258 1328 sunt,
1287 1271 1479 1332 perfecta
1513 1273 1693 1318 sanitate

305 1345 591 1388 detrahentur
617 1362 626 1387 :
658 1341 733 1386 sed
765 1341 937 1386 adeam
964 1358 1054 1387 non
1087 1343 1406 1402 perveniretur,
1445 1343 1526 1386 nisi
1549 1342 1692 1401 alliga*

306 1409 472 1458 rentur.
493 1432 512 1456 «
535 1416 665 1458 Sanat
681 1427 781 1470 ergo
796 1413 1003 1458 contritos
1020 1412 1150 1458 corde
1162 1449 1172 1468 ,
1193 1422 1236 1457 et
1253 1412 1399 1471 alligat
1414 1412 1692 1458 contritiones

309 1504 329 1527 ³)
365 1500 532 1529 eorum.
572 1502 592 1525 »

367 1559 445 1600 IX.
486 1575 505 1597 «
541 1556 625 1608 Qui
647 1564 848 1599 numerat
881 1554 1210 1600 multitudinem
1244 1555 1488 1612 stellarum,
1520 1565 1564 1600 et
1595 1571 1692 1601 om-

311 1646 330 1668 »
366 1626 493 1669 nibus
511 1628 568 1669 eis
586 1626 761 1669 nomina
780 1627 979 1670 vocans1.
1001 1644 1021 1667 »
1042 1625 1158 1679 Quid
1180 1641 1388 1685 magnum
1411 1630 1517 1681 Deo,
1538 1641 1696 1670 nume-

308 1712 402 1741 rare
439 1695 768 1739 multitudinem
809 1695 1061 1740 stellarum?
1104 1698 1199 1740 Hoc
1236 1704 1279 1739 et
1319 1697 1516 1741 homines
1553 1696 1697 1741 conati

308 1777 411 1812 sunt
436 1786 444 1812 :
466 1766 656 1811 viderint
676 1776 826 1811 utrum
847 1767 1028 1826 implere
1057 1767 1281 1827 potuerint
1300 1789 1310 1825 3
1339 1783 1429 1812 non
1451 1776 1598 1812 tamen
1621 1783 1696 1813 co-

307 1847 539 1892 narentur,
566 1837 647 1881 nisi
665 1853 708 1880 se
738 1836 993 1896 impleturos
1015 1853 1104 1882 esse
1127 1847 1362 1897 sperarent.
1390 1837 1480 1882 Illis
1505 1837 1697 1883 dimitta-

306 1924 402 1952 mus
419 1906 526 1968 quid
544 1908 782 1967 potuerint,
808 1917 851 1951 et
868 1923 1096 1968 quousque
1112 1908 1386 1968 pervenerint
1409 1927 1418 1952 ε
1439 1911 1529 1953 Deo
1550 1918 1696 1953 autem

307 1988 415 2039 puto
437 1994 526 2022 non
550 1994 640 2022 esse
662 1994 869 2036 magnum
889 1993 1119 2022 numerare
1141 1993 1290 2022 omnes
1311 1977 1469 2022 stellas.
1495 1981 1563 2022 An
1585 1978 1697 2023 sorte

307 2065 557 2105 numerum,
583 2065 638 2093 ne
661 2049 955 2105 obliviscatur,
982 2052 1424 2108 recensetPMagnum
1447 2059 1510 2094 est
1531 2051 1697 2111 aliquid

309 2125 399 2166 Deo
417 2121 559 2165 stellas
577 2137 821 2176 numerare,
847 2121 918 2166 cui
940 2121 1083 2179 capilli
1098 2121 1290 2179 capitum
1307 2121 1524 2165 numerati
1541 2131 1642 2166 sunt
1660 2125 1697 2165 ’ΞΡ

308 2190 589 2236 Μειιιίἲεεωῐη
618 2199 706 2251 est,
738 2190 913 2245 fratres,
945 2189 1110 2250 aliquid
1140 2189 1250 2234 velle
1283 2193 1423 2234 Deum
1455 2191 1696 2250 intelligere

310 2276 403 2314 nos,
428 2260 474 2303 in
497 2276 547 2304 eo
569 2259 689 2320 quod
712 2260 796 2303 ait:
826 2278 845 2301 «
871 2260 956 2313 Qui
976 2269 1176 2303 numerat
1198 2259 1531 2304 multitudinem
1552 2261 1698 2306 stella-

312 2349 332 2372 »
369 2345 488 2385 rum,
521 2339 563 2373 et
589 2329 797 2373 omnibus
818 2329 898 2384 cis,
924 2329 1096 2390 inquit,
1121 2331 1297 2374 nomina
1329 2346 1502 2375 vocans.
1530 2349 1550 2372 »
1586 2334 1697 2376 Sunt

306 2401 441 2446 stellae
473 2399 675 2461 quaedam
707 2400 873 2444 lumina
908 2401 954 2445 in
990 2400 1180 2445 Ecclesia
1218 2400 1485 2446 consolantia
1521 2411 1695 2446 noctem

308 2480 499 2516 nostram
517 2506 527 2526 ,
551 2486 700 2515 omnes
728 2470 783 2514 dc
805 2471 964 2531 quibus
984 2470 1089 2516 dicit
1110 2471 1343 2531 Apostolus
1368 2491 1376 2517 :
1404 2491 1424 2515 «
1454 2475 1506 2516 In
1533 2472 1695 2531 quibus

362 2563 369 2579 ¹
390 2556 469 2589 Psal.
489 2567 594 2598 cxtvt,
617 2556 648 2598 4,
671 2574 711 2580 -
732 2564 743 2579 ³
764 2556 886 2592 Matth.
906 2568 938 2599 x,
965 2556 1018 2590 30.
