1815 3253
357 190 440 229 400
788 199 821 227 s.
857 198 1087 230 Anous‘nm
1120 202 1301 231 Er1scor1

346 265 478 325 justi,
504 279 606 309 cum
628 264 714 309 sint
735 273 779 308 et
798 265 880 324 ipsi
896 265 942 310 in
964 265 1154 323 mundo,
1178 283 1268 312 non
1291 267 1497 312 dicuntur
1513 268 1705 314 mundus
1719 271 1750 313 2³*

353 336 464 389 Quia
484 335 589 380 dicit
605 334 840 394 Apostolus
856 370 868 392 ,
897 354 917 378 «
943 339 995 380 In
1016 352 1144 381 carne
1174 347 1320 383 autem
1356 338 1628 384 ambulantes
1647 354 1739 384 non

354 422 376 446 »
411 405 653 450 secundum
675 420 849 452 carnem
872 406 1135 465 militamus3
1162 409 1432 454 conversatio
1450 409 1566 453 enim
1591 419 1739 454 nostra

354 494 375 518 »
409 476 454 520 in
472 475 593 520 coelis
608 485 671 520 est
687 477 718 520 1.
741 493 767 517 »¹
786 476 964 520 Habitat
984 476 1055 521 hic
1070 478 1213 537 justus
1225 494 1376 535 carne,
1391 478 1468 524 sed
1489 479 1620 524 corde
1637 494 1739 524 cum

364 549 459 591 Deo
477 549 620 592 est.Et
638 546 733 607 ipse
754 545 999 606 appellatur
1020 548 1211 592 mundus
1232 569 1244 606 3
1268 549 1302 593 si
1330 550 1423 593 sine
1441 564 1572 593 causa
1594 549 1734 605 audit,

353 620 534 663 Sursum
551 634 626 662 cor
650 637 659 662 :
683 618 716 662 si
739 627 886 662 autem
910 626 973 662 est
992 634 1119 662 causa
1141 634 1276 679 quare
1296 619 1442 676 audit,
1469 635 1641 665 sursum
1656 621 1738 665 ha-

351 688 474 733 bitet.
506 707 527 731 «
550 689 714 734 Mortui
735 689 851 732 enim
873 689 970 739 estis
986 724 996 744 ‚
1018 688 1139 743 dicit,
1156 698 1200 734 et
1219 690 1307 735 vita
1327 701 1468 736 vestra
1484 690 1740 736 abscondita

353 777 373 800 »
409 767 474 803 est
494 774 594 803 cum
610 759 781 804 Christo
803 758 849 802 in
868 762 957 803 Deo
971 762 1002 803 ².
1022 777 1043 800 »
1065 762 1264 813 Quorum
1286 769 1432 805 autem
1453 761 1542 806 vita
1565 761 1637 805 hic
1655 769 1736 817 est,

350 829 395 874 id
416 839 508 885 est,
537 845 726 890 quorum
747 829 1011 874 desiderium
1029 839 1072 874 et
1098 846 1221 876 amor
1232 832 1303 876 hic
1317 832 1482 888 haeret,
1501 832 1573 877 hic
1593 841 1742 877 conte·

351 902 461 946 ritur
476 937 487 957 ‚
504 902 577 946 hic
611 899 860 961 implicatur
876 937 887 957 ‚
912 902 1026 946 bene
1050 901 1259 948 dicuntur
1279 903 1544 948 habitatores
1565 902 1735 948 mundi.

350 974 407 1016 Et
440 973 550 1016 bene
583 972 791 1016 dicuntur
824 972 1015 1016 mundus
1035 1008 1045 1028 ‚
1068 972 1132 1016 illi
1164 974 1239 1033 qui
1262 973 1462 1018 habitant
1483 973 1700 1017 mundum
1725 992 1735 1018 ε

350 1045 461 1088 sicut
492 1044 605 1088 bene
644 1043 850 1088 dicuntur
874 1043 1057 1100 domus,
1090 1043 1153 1088 illi
1189 1045 1266 1105 qui
1299 1045 1500 1089 habitant
1538 1043 1737 1089 domum.

349 1115 543 1159 Mundus
561 1130 664 1173 ergo
687 1124 730 1158 et
756 1114 946 1158 mundus
973 1133 981 1158 :
1015 1133 1034 1156 «
1054 1114 1246 1159 Mundus
1262 1130 1340 1174 per
1358 1130 1458 1159 eum
1481 1114 1621 1160 factus
1643 1124 1707 1159 est
1723 1149 1735 1170 ‚

352 1204 371 1228 »
408 1195 452 1230 et
475 1185 667 1229 mundus
700 1200 800 1229 eum
823 1200 914 1229 non
945 1181 1162 1243 cognovit.
1191 1203 1212 1226 »
1237 1188 1350 1229 Ecce
1371 1185 1563 1230 mundus
1597 1184 1739 1230 factus

348 1271 425 1315 per
442 1256 678 1300 Dominum
697 1290 707 1310 ,
732 1270 831 1299 ecce
846 1254 1038 1298 mundus
1061 1255 1138 1314 qui
1160 1270 1248 1299 non
1266 1256 1468 1313 cognovit
1484 1256 1734 1300 Dominum.

350 1327 500 1372 Lauda
528 1337 578 1371 tu
602 1326 810 1371 fabricam
826 1360 837 1381 ‚
865 1335 909 1370 et
931 1341 1027 1370 ama
1062 1324 1394 1384 fabricatorem3
1419 1335 1462 1370 et
1482 1326 1573 1372 noli
1595 1342 1738 1371 amare

347 1398 546 1442 habitare
566 1398 611 1442 in
635 1397 798 1442 fabrica
817 1432 828 1449 ,
855 1395 932 1440 sed
959 1396 1109 1441 habita
1125 1397 1172 1440 in
1193 1396 1469 1441 fabricatore.

405 1472 526 1513 XVI.
555 1488 574 1512 «
600 1472 716 1514 Erue
739 1484 808 1512 me
829 1484 851 1512 a
869 1468 1230 1528 persequentibus
1243 1472 1312 1512 me
1330 1484 1338 1510 z
1364 1469 1572 1528 quoniam
1594 1484 1736 1514 corro-

351 1559 371 1582 »
396 1540 538 1584 horati
554 1549 655 1584 sunt
673 1554 802 1598 super
819 1553 902 1582 me.
920 1556 939 1579 »
958 1538 1060 1591 Quis
1074 1537 1198 1594 dixit,
1224 1557 1244 1581 «
1260 1538 1539 1584 Corrohorati
1556 1548 1658 1583 sunt
1668 1554 1738 1583 su·

351 1630 371 1653 »
406 1627 484 1671 per
504 1613 600 1655 me?
632 1630 651 1652 »
678 1612 846 1669 Corpus
888 1610 1049 1654 Christi
1078 1609 1261 1666 elamat,
1293 1610 1498 1655 Ecclesiae
1533 1626 1617 1655 vox
1644 1619 1733 1666 est,

347 1683 544 1726 membra
567 1681 729 1727 Christi
752 1680 941 1725 clamant
968 1699 975 1724 ε
1001 1679 1191 1724 Multum
1210 1681 1345 1725 crevit
1365 1697 1572 1725 numerus
1586 1696 1738 1740 pecca-

348 1762 509 1798 torum.
539 1752 791 1805 «Quoniam
819 1749 1058 1795 abundavit
1089 1751 1319 1810 iniquitas,
1339 1751 1596 1810 {refrigescet
1632 1751 1736 1796 cha-

350 1843 370 1867 »
406 1825 506 1869 ritas
529 1824 813 1869 multorumss.
840 1841 861 1865 α
886 1825 1001 1866 Erue
1016 1837 1086 1866 me
1099 1838 1121 1866 a
1140 1823 1499 1883 persequentibus
1516 1838 1585 1867 me
1600 1841 1610 1868 ε
1624 1838 1736 1883 quo-

351 1915 371 1938 »
406 1896 523 1940 niam
545 1894 814 1939 corroborati
836 1902 938 1937 sunt
954 1908 1084 1952 super
1101 1907 1185 1936 me.
1209 1911 1230 1934 »

404 1969 548 2010 XVII.
580 1985 599 2008 «
630 1964 755 2010 Educ
778 1963 832 2008 de
855 1978 1024 2008 carcere
1047 1964 1235 2007 animam
1258 1979 1398 2008 meam
1413 1999 1423 2019 ,
1456 1972 1507 2008 ut
1526 1964 1735 2009 confitea-

349 2055 370 2079 »
405 2046 477 2082 tur
492 2037 658 2081 nomini
671 2045 764 2080 tuo.
783 2053 802 2076 »
822 2037 979 2080 Carcer
996 2034 1074 2077 iste
1092 2050 1114 2078 a
1133 2034 1348 2093 prioribus
1361 2034 1475 2078 varie
1487 2033 1734 2080 intellectus

346 2117 424 2152 est.
451 2111 507 2151 Et
530 2106 641 2152 forte
663 2107 750 2164 ipse
772 2114 836 2149 est
866 2120 1010 2149 carcer
1031 2105 1105 2163 qui
1128 2103 1331 2147 scribitur
1348 2104 1392 2147 in
1413 2103 1542 2149 titulo
1558 2140 1569 2160 7
1591 2124 1610 2147 «
1632 2107 1735 2165 Spe-

350 2197 369 2218 »
405 2177 548 2221 lunca.
579 2176 788 2220 »Titulus
810 2174 924 2218 enim
942 2173 1100 2218 Psalmi
1116 2174 1246 2233 hujus
1274 2174 1333 2217 ita
1355 2189 1398 2217 se
1414 2174 1547 2219 habet
1573 2194 1580 2218 :
1610 2194 1630 2217 ι(
1656 2178 1733 2220 In-

349 2266 369 2290 »
406 2246 700 2305 tellectusipsi
723 2244 881 2300 David,
923 2259 1023 2288 curn
1056 2253 1165 2287 esset
1186 2243 1231 2287 in
1267 2242 1494 2302 spelunca,
1529 2245 1681 2290 oratio.
1708 2264 1728 2287 »

347 2322 455 2371 Quae
477 2317 705 2377 spelunca,
736 2316 826 2375 ipse
853 2323 895 2359 et
921 2330 1079 2359 carcer.
1106 2318 1201 2359 Duo
1223 2313 1422 2374 quaedam
1451 2315 1733 2373 intelligenda

347 2385 768 2449 pi·oposuim11S‚sc(l
797 2400 934 2429 unum
967 2400 1067 2429 cum
1105 2383 1467 2439 intellexerimus,
1495 2394 1732 2445 utrumque

348 2461 442 2505 crit.
468 2459 622 2504 Merita
645 2471 859 2502 carcerem
877 2455 1059 2500 faciunt.
1085 2457 1194 2499 Nam
1218 2454 1262 2497 in
1285 2469 1374 2499 uno
1396 2455 1588 2515 quodam
1608 2455 1731 2499 habi-

396 2553 440 2578 12
454 2547 527 2578 Cor.
550 2555 581 2585 x,
602 2543 630 2575 3.
649 2559 690 2565 --
707 2549 719 2566 ²
735 2541 851 2574 Coloss.
871 2552 920 2582 111,
939 2540 971 2572 3.
987 2557 1027 2564 ——-
1054 2538 1068 2562 3
1089 2539 1201 2572 Matth.
1223 2549 1313 2581 xxiv,
1336 2549 1385 2571 12.
