1815 3253
345 189 428 227 230
774 198 807 227 s.
844 199 1075 234 Aucus-mm
1105 192 1287 233 12121500151

343 279 448 308 num
471 273 549 308 est.
575 265 793 323 Cogitate,
812 275 855 309 et
871 268 1015 313 videte
1035 269 1240 329 quoniam
1264 268 1477 329 quidquid
1497 269 1615 314 aliud
1629 269 1719 314 lau·
1806 268 1814 312 1

344 334 476 388 datis,
511 333 609 378 ideo
635 333 820 378 laudatis
857 337 958 396 quia
991 339 1156 383 bonum
1180 348 1257 383 est.
1292 339 1456 383 Insanit
1477 339 1552 398 qui
1573 337 1720 383 laudat
1759 339 1814 387 As?

343 405 463 464 quod
488 419 577 448 non
605 413 668 448 est
692 405 874 450 bonum.
904 408 945 451 Si
965 408 1114 453 laudes
1136 397 1336 468 iniquum
1358 424 1409 452 eo
1425 409 1518 468 ipso
1535 424 1623 468 quo
1643 408 1721 452 ini-
1773 438 1776 443 -
1807 395 1813 436 l

342 490 455 536 quus
478 483 540 518 est
557 509 568 529 ,
605 489 751 519 nonne
773 484 815 518 et
851 485 900 519 tu
933 477 1109 538 iniquus
1131 480 1243 523 eris?
1276 479 1318 524 Si
1338 478 1487 523 laudes
1508 478 1649 523 furem
1672 487 1721 523 eo
1807 480 1815 507 ss

343 548 437 606 ipso
461 561 550 604 quo
570 543 643 588 fur
675 554 764 595 est,
796 561 943 591 nonne
979 557 1023 592 et
1054 558 1102 593 tu
1126 551 1340 610 particeps
1362 550 1479 594 eris?
1503 550 1545 594 Si
1575 549 1722 593 laudes
1773 535 1815 581 ffh

338 622 504 673 justum
530 616 575 658 in
598 630 648 659 eo
670 615 762 674 ipso
786 632 874 675 quo
891 618 1031 676 justus
1058 628 1121 663 est
1140 655 1151 674 ‚
1175 635 1322 664 nonne
1340 629 1382 663 et
1403 629 1452 664 tu
1474 619 1606 663 habes
1621 618 1722 662 inde
1774 620 1813 659 Ἰ11

343 694 509 747 partem
528 683 782 729 laudando?
810 688 905 730 Non
928 688 1043 730 enim
1064 688 1262 733 laudares
1286 689 1478 748 justum,
1503 688 1585 731 nisi
1607 700 1724 731 ama-
1772 678 1815 719 *l

345 772 411 801 res
437 775 445 800 :
474 771 563 799 non
586 770 748 799 amares
763 791 774 810 ,
800 757 832 799 si
854 757 960 800 nihil
984 758 1086 802 inde
1108 759 1303 803 haberes.
1324 759 1364 803 Si
1388 773 1488 816 ergo
1509 757 1723 818 quidquid
1770 747 1813 805 -ul

347 826 466 872 aliud
483 825 726 880 laudamus,
742 826 841 871 ideo
862 827 1091 873 laudamus
1104 830 1205 890 quia
1228 830 1395 873 bonum
1411 838 1472 873 est
1485 850 1496 886 3
1511 827 1631 872 nulla
1645 827 1722 872 tibi
1780 818 1815 873 <is

346 898 483 957 major
503 911 628 940 causa
651 905 693 939 et
718 896 867 941 melior
888 907 931 942 et
950 899 1113 944 firmior
1134 899 1225 943 dari
1247 900 1406 959 potuit,
1420 914 1554 958 quare
1575 893 1722 942 laudes
1780 886 1814 945 §sl

346 973 487 1014 Deum
503 1002 513 1022 ,
539 966 619 1010 nisi
641 967 741 1026 quia
771 967 913 1013 bonus
944 970 1025 1013 est.'
1057 973 1193 1029 Ergo,
1218 990 1237 1012 «
1254 970 1448 1015 Laudate
1464 969 1720 1024 Dominum,
1786 990 1790 1011 l
1812 973 1815 1000 1

351 1058 372 1081 »
408 1038 614 1098 quoniam
638 1037 780 1081 bonus
798 1047 877 1088 θεῖ,
905 1057 926 1080 »

401 1109 457 1153 V.
484 1106 689 1160 Quandiu
719 1106 912 1152 dicamus
936 1111 1028 1171 ejus
1056 1109 1294 1154 bonitatem
1311 1110 1329 1152 ‘?
1347 1109 1447 1162 Quis
1469 1108 1599 1153 corde
1620 1121 1725 1152 con-
1781 1094 1790 1167 ᾗ
1813 1112 1815 1140 ³

345 1180 475 1240 cipiat
490 1214 501 1233 ‚
533 1187 608 1222 aut
629 1178 943 1238 complectatur
965 1196 1096 1241 quam
1124 1181 1265 1225 bonus
1296 1181 1349 1224 sit
1369 1181 1610 1224 Dominus?
1644 1176 1726 1223 Sed
1779 1189 1796 1222 ιἐ·

346 1250 402 1295 ad
433 1264 509 1293 nos
548 1247 772 1292 redeamus
791 1284 801 1303 ‚
837 1259 880 1294 et
902 1251 946 1294 in
969 1251 1094 1295 nobis
1126 1250 1250 1294 illum
1273 1265 1577 1308 agnoscamus,
1604 1257 1646 1304 et
1681 1247 1725 1292 in
1776 1250 1793 1326 e}

346 1319 551 1380 operibus
569 1317 775 1362 artificem
793 1318 1038 1364 laudemus:
1056 1320 1155 1380 quia
1173 1320 1315 1379 ipsum
1337 1318 1619 1378 contemplari
1637 1311 1727 1362 ido'-
1776 1330 1794 1370 Q

346 1390 417 1434 nei
447 1404 537 1433 non
568 1403 732 1433 sumus.
767 1390 859 1433 Etsi
892 1389 1176 1449 contemplari
1208 1388 1354 1433 idonei
1377 1388 1611 1448 aliquando
1641 1387 1726 1431 eri-'
1762 1375 1790 1450 li

345 1475 442 1504 mus
468 1478 476 1504 :
502 1473 602 1502 cum
630 1457 764 1502 fuerit
791 1459 1052 1504 mundatum
1082 1475 1156 1503 cor
1190 1468 1387 1503 nostrum
1414 1458 1500 1502 fide
1517 1494 1528 1511 ‚
1564 1466 1614 1502 ut
1634 1468 1726 1517 pos*
1779 1474 1792 1510 ες

348 1541 487 1575 tremo
511 1527 697 1587 gaudeat
717 1529 917 1573 veritate:
934 1544 1051 1573 nunc
1069 1529 1275 1588 quoniam
1298 1530 1387 1587 ipse
1405 1544 1426 1572 a
1449 1528 1573 1572 nobis
1590 1526 1727 1571 videri
1780 1544 1793 1567 ¹.»
1814 1540 1815 1549 ¹

347 1616 437 1646 non
469 1608 635 1660 potest,
667 1614 796 1658 opera
839 1601 930 1659 ejus
961 1600 1208 1654 videamus,
1249 1615 1303 1642 ne
1341 1599 1431 1642 sine
1465 1599 1558 1658 ejus
1598 1597 1727 1641 laude
1780 1595 1799 1640 „4³

345 1685 659 1715 remaneamus.
682 1672 797 1726 Ergo
821 1668 907 1713 dixi
933 1688 941 1713 :
976 1688 995 1711 «
1019 1669 1214 1714 Laudate
1236 1669 1494 1723 Dominum⁷
1519 1667 1726 1728 quoniam
1783 1684 1800 1710 ιε

347 1759 368 1783 »
405 1741 544 1784 bonus
568 1747 632 1782 est
653 1757 660 1783 :
686 1738 854 1797 psallite
876 1739 1042 1783 nomini
1065 1739 1156 1799 ejus
1175 1774 1184 1793 ‚
1212 1739 1419 1799 quoniam
1442 1737 1580 1782 suavis
1599 1746 1675 1781 est.
1701 1747 1722 1777 55
1799 1747 1801 1783 1

346 1815 476 1856 Forte
513 1818 623 1853 esset
658 1809 801 1853 bonus
835 1818 878 1853 et
899 1810 1040 1854 suavis
1057 1825 1147 1853 non
1172 1816 1305 1863 esset,
1331 1808 1364 1852 si
1394 1808 1473 1852 tibi
1495 1823 1583 1852 non
1606 1808 1728 1852 daret
1760 1807 1764 1864 1
1798 1822 1802 1851 ι

1786 1886 1803 1916 »ι

1801 1970 1804 1991 1

344 1896 467 1942 posse
490 1888 675 1938 gustare.
716 1879 861 1923 Talem
886 1889 1030 1924 autem
1067 1895 1110 1923 se
1145 1879 1334 1939 praebuit
1365 1878 1613 1922 hominibus
1633 1913 1643 1932 ‚
1677 1878 1728 1922 ut

346 1952 476 1997 etiam
505 1965 661 2009 panem
685 1949 740 1993 de
762 1949 874 1994 coelo
896 1950 1078 2003 miserit,
1104 1959 1145 1993 et
1168 1949 1306 1993 filium
1333 1963 1459 1992 suum
1483 1947 1695 2007 aequalem
1712 1983 1723 2003 ,

345 2023 421 2082 qui
447 2023 531 2066 hoc
564 2030 626 2064 est
665 2021 785 2080 quod
817 2021 929 2079 ipse„
956 2020 1123 2064 dederit
1145 2020 1364 2064 hominem
1387 2017 1659 2072 faciendum,
1685 2021 1728 2062 et

344 2109 422 2153 pro
445 2091 694 2137 hominibus
713 2090 1023 2135 occidendum¹
1049 2112 1059 2147 3
1078 2100 1128 2135 ut
1144 2106 1220 2150 per
1235 2091 1318 2134 hoc
1338 2089 1459 2149 quod
1480 2098 1529 2133 tu
1547 2103 1610 2143 es,
1632 2103 1727 2148 gus-

345 2172 408 2207 tes
435 2161 555 2222 quod
577 2176 666 2204 non
692 2175 750 2204 es.
774 2159 964 2204 Multum
994 2160 1107 2204 enim
1137 2161 1192 2204 ad
1214 2169 1256 2204 te
1278 2168 1369 2203 erat
1390 2168 1561 2217 gustare
1583 2158 1726 2203 suavi-

345 2241 479 2276 tatem
507 2230 612 2287 Dei3
640 2229 741 2289 quia
771 2239 935 2273 remota
958 2239 1049 2273 erat
1069 2229 1141 2274 illa
1168 2239 1211 2274 et
1233 2229 1358 2273 nimis
1379 2228 1485 2282 alta,
1512 2237 1559 2272 tu
1582 2235 1727 2272 autem

344 2303 469 2347 nimis
494 2302 686 2360 abjectus
706 2308 749 2344 et
767 2300 812 2342 in
834 2299 921 2344 imo
939 2301 1101 2360 jacens.
1116 2303 1165 2343 In
1184 2315 1338 2357 magna
1360 2300 1437 2343 ista
1459 2298 1726 2358 separatione

343 2373 496 2416 missus
519 2380 582 2415 est
604 2369 828 2414 mediator.
852 2372 949 2416 Non
984 2379 1151 2430 poteras
1174 2370 1228 2414 ad
1255 2373 1392 2414 Deum
1426 2370 1557 2414 homo
1576 2405 1586 2424 ,
1613 2372 1726 2413 Deus

341 2441 481 2488 factus
514 2450 578 2486 θεῖ
596 2442 755 2498 homo3
780 2449 829 2485 ut
851 2441 1059 2500 quoniam
1079 2442 1212 2486 homo
1243 2450 1365 2501 potes
1395 2439 1450 2485 ad
1470 2439 1695 2486 hominem
1710 2473 1722 2494 ,

391 2532 402 2550 ¹
424 2525 633 2568 Joan.v1‚41
647 2529 684 2558 et
702 2536 755 2559 10.

1802 2045 1805 2094 Ι

1802 2387 1806 2412 ι

1802 2421 1805 2479 l
