1815 3253
359 247 601 278 mmmm-no
632 250 678 277 m
710 246 914 277 PsALMUM
945 248 1109 275 cxxvu.
1337 232 1419 273 137

36 319 69 362 si
89 317 242 378 accipis
261 339 271 374 3
287 326 330 361 et
350 317 484 374 magis
507 316 646 374 cogita
665 314 887 376 quomodo
910 313 1074 357 nutrias
1097 311 1172 371 qui
1189 311 1280 354 nati
1299 320 1416 366 sunt,

37 404 166 450 quam
179 397 229 432 ut
246 396 492 432 nascantur.
505 389 602 432 Non
616 386 732 429 enim
746 387 834 445 jam
853 383 1034 428 felicitas
1047 381 1280 426 esthabere
1294 380 1419 436 filios,

37 457 111 503 sed
132 459 268 502 bonos
285 458 461 502 habere.
490 460 552 500 De
575 456 818 500 nutriendis
841 454 1018 509 labora,
1044 454 1076 496 si
1107 452 1198 496 nati
1221 450 1383 494 fuerint
1410 470 1418 494 :

38 528 71 572 si
89 537 233 572 autem
251 544 339 572 non
357 527 468 581 nati,
495 542 573 585 age
597 526 750 585 gratias
771 528 875 569 Deo.
905 527 1035 568 Forte
1057 522 1201 566 minus
1216 520 1424 565 sollicitus

39 599 141 652 eris,
165 608 208 642 et
231 608 376 642 tamen
400 596 554 641 sterilis
581 612 670 640 non
697 595 938 640 remansisti
960 594 1074 638 illius
1098 595 1262 637 matris.
1295 595 1426 635 Forte

38 683 115 728 per
147 677 188 712 te
219 677 458 712 nascuntur
487 666 736 726 spiritaliter
764 665 818 710 de
849 665 930 709 ista
961 673 1121 718 matre,
1157 663 1356 723 quisunt
1377 669 1428 704 ut

39 736 221 783 novellae
249 737 462 782 olivarum
484 738 804 781 circumeuntes
825 750 1018 779 mensam
1044 733 1233 778 Domini.
1260 734 1429 777 Conso-

37 809 152 852 letur
173 823 275 866 ergo
298 818 339 851 tc
357 808 586 862 Dominus,
608 816 659 851 ut
682 825 702 849 «
726 806 882 851 Videas
900 806 1015 850 bona
1039 802 1294 850 Jerusalem.
1311 821 1330 842 n
1346 801 1427 845 Illa

38 877 153 921 enim
176 878 291 921 bona
317 886 464 920 «sunt.
480 895 500 918 »
518 882 659 930 Quare
681 878 812 921 sunt?
831 876 939 929 Quia
964 884 1125 919 aeterna
1143 882 1260 918 sunt.
1281 875 1425 926 Quare

39 950 174 994 sunt?
196 949 307 1002 Quia
334 948 395 993 ibi
418 957 482 992 est
503 964 577 991 rex
592 983 602 1002 ‚
634 968 653 990 «
678 950 772 1006 Ego
795 963 891 991 sum
908 948 983 1007 qui
1006 962 1102 990 sum
1118 948 1148 989 ¹.
1180 966 1198 986 »
1225 947 1311 988 Ista
1327 958 1430 987 vero

40 1021 155 1065 bona
175 1029 291 1074 sunt,
309 1029 352 1064 et
373 1035 463 1063 non
484 1029 607 1064 sunt:
626 1035 715 1063 non
733 1020 847 1062 enim
867 1027 982 1062 stant
1000 1017 1250 1073 dabuntur,
1265 1015 1427 1058 fluunt.

42 1092 139 1136 Filii
173 1101 274 1136 sunt
301 1091 494 1152 parvuli,
520 1090 730 1135 blandiris
765 1088 986 1150 parvulis3
1012 1086 1300 1132 blandiuntur
1336 1100 1432 1145 par-

41 1161 131 1206 vuli
157 1182 165 1207 :
186 1161 404 1222 numquid
428 1170 545 1205 stant
562 1162 607 1204 in
625 1163 708 1205 eo‘?
734 1159 818 1205 Sed
836 1169 957 1219 optas
980 1168 1030 1202 ut
1052 1167 1262 1211 crescant,
1288 1165 1338 1200 ut
1361 1171 1433 1199 ac-

43 1231 168 1276 cedat
190 1241 293 1276 aetas
319 1241 457 1291 optas.
493 1231 577 1276 Sed
599 1229 698 1275 vide
720 1230 822 1290 quia
844 1245 944 1273 cum
968 1228 1134 1272 accedit
1155 1243 1264 1281 una,
1297 1225 1430 1270 altera

43 1303 240 1347 moritur.
281 1302 495 1346 Veniente
526 1301 733 1361 pueritia,
768 1301 955 1344 moritur
982 1298 1191 1356 infantia3
1228 1297 1432 1341 veniente

43 1371 331 1417 adolescentia
348 1407 359 1427 ‚
384 1373 568 1417 moritur
587 1371 771 1431 pueritia
794 1392 804 1427 3
828 1371 1030 1414 veniente
1044 1372 1278 1429 juventute
1293 1402 1303 1422 ‚
1336 1382 1431 1410 mo-

44 1443 154 1487 ritur
172 1442 458 1487 adolescentia
476 1463 486 1499 3
510 1443 712 1485 veniente
733 1450 971 1495 senectute,
998 1440 1181 1483 moritur
1197 1439 1431 1498 juventus3

2 1538 12 1568 ,¹
44 1514 246 1557 veniente
273 1523 437 1566 morte,
463 1514 648 1557 moritur
678 1512 817 1556 omnis
839 1521 957 1555 aetas.
984 1510 1114 1564 Quod
1131 1518 1254 1569 optas
1276 1506 1435 1566 gradus

46 1583 183 1628 aetatis
200 1619 210 1637 ‚
242 1592 305 1628 tot
327 1582 458 1627 simul
480 1593 603 1642 optas
630 1592 672 1626 et
690 1590 851 1625 mortes
869 1591 1064 1625 aetatum.
1090 1583 1187 1625 Non
1211 1588 1312 1623 sunt
1334 1592 1436 1635 ergo

0 1658 4 1690 ἲ
46 1655 140 1698 ista.
178 1656 293 1698 Num
321 1652 480 1696 deinde
514 1652 604 1696 nati
627 1661 731 1696 sunt
752 1651 833 1695 tibi
855 1650 931 1694 filii
964 1652 1008 1694 in
1032 1660 1145 1694 terra
1172 1659 1318 1694 tecum
1346 1648 1437 1691 vie-

0 1728 4 1747 ‘²
47 1724 148 1778 turi,
170 1739 224 1767 an
243 1723 387 1783 potius
408 1722 623 1766 exclusuri
645 1730 688 1765 et
709 1722 979 1766 successuri?
998 1722 1065 1765 Ad
1083 1736 1154 1765 eos
1178 1718 1339 1779 gaudes
1363 1718 1437 1778 qui

49 1794 139 1837 nati
171 1802 273 1837 sunt
291 1828 302 1848 ‚
333 1802 384 1836 ut
417 1791 692 1836 excludaris?
718 1792 818 1836 Nati
840 1791 956 1835 enim
978 1791 1101 1850 pueri
1123 1800 1333 1850 tanquam
1356 1790 1439 1832 hoc

0 1885 9 1900 i
50 1864 203 1908 dicunt
225 1864 480 1923 parentibus
513 1863 599 1907 suis
623 1897 633 1916 ,
654 1862 733 1906 Eia
757 1863 942 1920 cogitate
964 1861 1026 1904 ire
1050 1861 1174 1915 hinc,
1201 1875 1376 1917 agamus
1398 1868 1442 1902 et

51 1950 129 1978 nos
161 1935 345 1978 mimum
383 1943 595 1978 nostrum.
630 1933 791 1976 Mimus
828 1941 891 1976 est
918 1933 1034 1976 enim
1071 1931 1237 1990 generis
1259 1930 1442 1974 humani

53 2013 142 2048 tota
159 2005 246 2048 vita
269 2004 518 2048 tentationis
545 2023 552 2047 :
574 2003 672 2063 quia
694 2003 860 2046 dictum
878 2011 941 2046 est
970 2021 978 2046 :
1008 2022 1025 2042 «
1048 2002 1256 2046 Universa
1275 2001 1443 2044 vanitas

58 2094 75 2115 »
110 2075 242 2118 homo
258 2074 407 2118 vivens
419 2077 452 2117 ².
479 2091 500 2114 »
527 2077 584 2117 Et
605 2083 750 2117 tamen
768 2073 801 2116 si
825 2073 1041 2131 gaudetur
1063 2072 1118 2116 ad
1139 2072 1249 2116 filios
1270 2086 1442 2116 succes-

8 2181 10 2187 ,
54 2159 198 2201 suros3
220 2153 433 2204 quantum
458 2142 740 2202 gaudendum
758 2143 886 2187 estad
911 2142 1023 2187 filios
1046 2158 1145 2187 cum
1170 2142 1329 2202 quibus
1350 2158 1443 2201 per-

0 2237 9 2255 ,-
54 2214 326 2258 manebimus
347 2250 356 2267 ‚
383 2224 426 2258 et
454 2216 507 2258 ad
526 2215 648 2258 illum
672 2224 838 2274 patrem
863 2216 932 2260 cui
957 2217 1045 2259 nati
1068 2231 1217 2259 sumus
1238 2230 1327 2258 non
1350 2230 1446 2258 mo-

0 2309 9 2326 ,-
55 2284 241 2327 riturum
257 2319 267 2337 ‚
294 2283 368 2327 sed
396 2293 447 2328 ut
469 2301 545 2329 nos
566 2300 668 2329 cum
693 2285 768 2329 illo
791 2300 960 2345 semper
976 2287 1200 2330 vivamus?
1226 2289 1320 2345 Ipsa
1344 2294 1446 2329 sunt

0 2368 9 2398 t
57 2352 174 2397 bona
196 2352 433 2396 Jerusalem
449 2389 460 2408 ,
493 2355 596 2413 quia
613 2355 843 2414 ipsa'sunt.
874 2374 894 2397 «
919 2354 1152 2399 Benedicat
1170 2365 1213 2399 te
1231 2371 1334 2414 ergo
1358 2358 1447 2399 Do-

0 2424 9 2467 i·
62 2439 83 2463 »
118 2422 260 2466 minus
282 2437 333 2465 ex
357 2423 484 2478 Sion,
510 2433 553 2467 et
575 2423 718 2467 videas
743 2440 842 2483 quae
867 2425 981 2468 bona
1012 2435 1114 2469 sunt
1138 2425 1395 2468 Jerusalem.
1425 2443 1444 2464 »

0 2509 9 2538 i
60 2494 169 2538 Nam
184 2493 264 2537 ista
281 2509 380 2553 quac
404 2493 590 2537 attendis
608 2495 743 2549 bona,
764 2511 904 2540 caecus
926 2496 1060 2541 vides.
1092 2516 1111 2538 «
1137 2496 1293 2539 Videas
1308 2530 1318 2542 ,
1344 2493 1450 2538 »sed

112 2578 299 2619 ¹1³,x-osl.1u,
323 2577 374 2619 14.
404 2595 442 2601 --
471 2586 482 2600 ²
507 2578 585 2611 Psz‘il.
607 2590 741 2619 xuwm5
760 2580 791 2610 6.
