1815 3253
420 267 663 298 malumno
695 271 740 297 nv
774 268 976 298 PsALMUM
1008 269 1134 296 exim.
1397 257 1451 296 57

65 350 302 397 pauperem
319 351 364 380 se
385 335 517 380 debet
539 351 799 394 cognoscere
824 356 832 381 ι
854 345 897 380 et
919 336 954 379 si
984 334 1116 379 habet
1138 333 1326 388 divitias,
1347 333 1454 378 scire

68 407 200 452 debet
220 407 322 467 quia
343 422 432 451 non
455 416 556 451 sunt
575 406 660 450 illae
685 422 798 451 verae
820 407 982 452 divitiae
1000 441 1010 461 ‚
1031 414 1082 449 ut
1097 405 1200 449 alias
1221 404 1451 450 desideret.

67 478 152 531 Qui
173 478 289 521 enim
309 477 480 521 divitias
503 476 628 521 falsas
651 477 866 522 desiderat
881 513 892 533 ,
912 492 1034 523 veras
1052 492 1140 520 non
1161 476 1319 536 quaerit
1345 495 1352 520 :
1378 476 1456 535 qui

68 557 213 592 autem
241 563 362 592 veras
396 547 585 607 quaerit,
624 547 768 593 adhuc
800 563 965 608 pauper
994 557 1088 603 est3
1115 556 1157 591 et
1180 555 1295 590 reete
1321 545 1454 601 dicit,

72 638 93 661 «
124 623 294 679 Pauper
315 628 358 663 et
380 618 534 663 dolens
557 634 637 678 ego
662 623 793 664 sum¹.
824 639 842 661 »
871 623 1036 664 Rursus
1051 618 1126 662 illc
1142 619 1218 679 qui
1238 627 1280 662 et
1293 633 1458 677 pauper

68 699 150 745 est,
174 700 218 735 et
238 691 430 750 nequitia
448 689 603 750 plenus
626 700 715 745 est,
736 690 854 735 unde
877 690 1037 735 dicitur
1069 689 1325 733 abundare?
1348 689 1458 742 Quia

69 760 268 821 displicet
289 760 353 805 illi
372 761 474 821 quia
498 777 664 821 pauper
676 771 739 806 est
755 796 766 817 ,
788 770 831 805 et
843 761 1011 822 justitia
1031 762 1120 819 ipsa
1135 758 1305 804 videtur
1318 759 1460 803 abun-

68 832 172 877 dare
193 831 238 876 id
260 831 391 877 eorde
412 848 490 877 suo
513 833 741 877 adversum
762 834 976 894 justitiam
1000 832 1092 876 Dei.
1118 834 1175 876 Et
1192 847 1291 891 quae
1315 830 1459 874 abun-

69 902 217 947 dantia
244 902 424 962 justitiae
455 905 648 947 nostrae?
681 906 1048 963 Quantaeumque
1065 901 1232 962 justitia
1261 902 1305 944 in
1334 900 1460 945 nobis

69 971 200 1017 fuerit
215 1007 226 1027 ‚
250 987 319 1016 ros
352 981 416 1016 est
437 973 582 1017 nescio
605 975 702 1033 quis
734 974 788 1018 ad
812 973 934 1017 illum
961 973 1156 1030 fontem3
1189 971 1243 1016 ad
1267 972 1460 1031 saginam

69 1043 187 1088 illam
210 1051 376 1087 tantam
393 1043 610 1088 stillicidia
630 1044 833 1105 quaedam
855 1053 979 1099 sunt,
997 1061 1095 1104 quae
1113 1044 1245 1087 vitam
1268 1052 1460 1087 nostram

69 1112 294 1170 molliant,
315 1123 358 1158 et
379 1113 533 1158 duram
560 1115 835 1175 iniquitatem
867 1115 1052 1159 solvant.
1079 1113 1212 1159 Modo
1241 1112 1464 1157 desidere·

69 1200 167 1229 mus
184 1183 238 1228 de
254 1184 386 1244 pleno
399 1184 523 1229 fonte
535 1185 714 1245 justitiae
731 1186 931 1245 saginari,
947 1184 1243 1229 desideremus
1261 1184 1463 1228 ubertate

70 1255 142 1300 illa
164 1256 333 1311 satiari,
359 1255 413 1300 de
436 1273 522 1318 qua
550 1257 710 1302 dicitur
739 1257 784 1301 in
823 1257 993 1302 Psalmo
1014 1292 1025 1311 ‚
1068 1277 1088 1299 «
1115 1257 1462 1301 Inebriabuntur

73 1345 93 1368 »
128 1327 184 1371 ab
204 1328 404 1373 ubertate
424 1329 581 1373 domus
599 1337 686 1372 tuae
706 1363 717 1382 ‚
738 1337 782 1372 et
804 1337 997 1373 torrente
1017 1327 1255 1387 voluptatis
1277 1337 1365 1372 tuae
1384 1343 1466 1387 po-

73 1414 94 1438 »
129 1397 240 1442 tabis
268 1413 340 1443 eos
356 1402 388 1442 ².
417 1417 438 1441 »
465 1400 546 1443 Hic
567 1408 713 1443 autem
743 1415 845 1444 cum
868 1415 1044 1454 sumus,
1077 1399 1227 1458 inopes
1263 1415 1341 1443 nos
1378 1414 1466 1443 esse

71 1467 365 1527 intelligamus
392 1478 436 1514 et
467 1479 666 1527 egentes,
707 1486 795 1514 non
821 1469 959 1514 solum
998 1471 1151 1514 harum
1184 1470 1433 1514 divitiarum
1452 1505 1463 1525 ‚

72 1555 172 1599 quae
195 1555 285 1584 non
303 1548 529 1584 suntverae
545 1539 724 1595 divitiae,
739 1541 814 1585 sed
830 1551 873 1585 et
887 1541 1018 1600 ipsius
1034 1540 1197 1585 salutis.
1216 1544 1273 1585 Et
1287 1541 1466 1601 quando

71 1610 163 1654 sani
184 1625 349 1665 sumus,
373 1610 667 1669 intelligamus
685 1613 786 1672 quia
809 1612 1096 1656 infirmamur.
1120 1611 1326 1665 Quandiu
1349 1613 1465 1655 enim

73 1696 229 1740 corpus
251 1681 334 1725 hoc
356 1682 490 1725 esurit
512 1692 554 1726 et
576 1682 694 1737 sitit,
727 1682 922 1742 quandiu
948 1683 1030 1726 hoc
1065 1698 1221 1742 corpus
1245 1682 1466 1741 vigilando

73 1750 302 1810 fatigatur,
317 1751 473 1797 stando
491 1751 719 1810 fatigatur,
737 1752 1004 1797 ambulando
1017 1751 1224 1812 fatigatur
1237 1788 1248 1809 ‚
1274 1752 1467 1798 sedendo

5 1835 7 1849 ¹
73 1820 303 1880 fatigatur,
325 1823 634 1867 manducando
656 1824 890 1882 fatigatur3
915 1839 1197 1884 quocumque
1225 1840 1268 1867 se
1289 1824 1466 1868 verterit

71 1891 125 1935 ad
141 1891 384 1936 subsidium
407 1893 691 1951 fatigationis,
717 1894 777 1937 ibi
794 1894 962 1938 invenit
985 1894 1112 1938 aliam
1133 1894 1433 1953 fatigationem
1454 1914 1462 1940 :

69 1977 159 2007 non
182 1972 245 2007 est
266 1978 369 2022 ergo
391 1963 583 2023 perfecta
614 1965 774 2009 sanitas
789 2000 799 2018 ‚
837 1980 917 2009 nec
949 1965 994 2008 in
1029 1965 1122 2024 ipso
1145 1980 1341 2024 corpore.
1367 1968 1465 2010 Non

69 2042 170 2077 sunt
193 2047 294 2091 ergo
311 2033 397 2077 illae
417 2033 579 2079 divitiae
594 2071 604 2090 ,
624 2035 700 2079 sed
723 2034 977 2079 mendicitas
998 2056 1006 2080 2
1023 2036 1125 2095 quia
1145 2045 1313 2096 quanto
1328 2036 1463 2095 magis

69 2103 317 2160 abundant,
350 2114 472 2149 tanto
503 2107 655 2150 crescit
686 2107 830 2166 inopia
854 2116 895 2151 et
920 2108 1114 2152 avaritia.
1147 2110 1246 2153 Non
1283 2116 1347 2151 est
1381 2107 1460 2151 ista

69 2174 182 2218 salus
200 2175 390 2234 eorporis
409 2210 420 2230 ,
441 2176 516 2220 sed
539 2175 782 2220 infirmitas.
812 2178 1165 2236 Paregorizamur
1182 2180 1244 2235 (8)
1261 2178 1460 2238 quotidie

67 2243 393 2289 medicamentis
417 2242 518 2301 Dei,
545 2247 649 2306 quia
669 2246 982 2291 manducamus
1006 2257 1048 2291 et
1072 2248 1262 2291 bibimus
1290 2268 1298 2293 :
1324 2247 1462 2292 medi-

67 2325 265 2359 camenta
288 2317 377 2376 ipsa
399 2327 526 2372 sunt,
568 2334 667 2377 quae
703 2318 828 2362 nobis
866 2328 1166 2378 apponuntur.
1203 2322 1373 2363 Fratres
1392 2354 1402 2373 ‚
1428 2320 1461 2363 si

68 2386 200 2431 vultis
216 2387 362 2432 videre
378 2388 517 2448 qualis
536 2390 715 2433 morbus
730 2405 808 2434 nos
824 2390 981 2434 habeat
994 2425 1005 2445 ,
1029 2391 1283 2450 quijejunat
1295 2400 1462 2450 septem

67 2455 221 2501 diebus
242 2493 253 2513 ‚
287 2456 402 2503 fame
439 2461 711 2504 consumitur
737 2476 745 2501 :
781 2463 898 2518 Ergo
920 2460 994 2505 illa
1015 2462 1151 2505 fames
1174 2461 1234 2505 ibi
1259 2472 1322 2506 est
1346 2481 1354 2506 :
1382 2461 1458 2505 sed

116 2560 125 2576 ¹
142 2554 220 2586 Psal,
243 2565 352 2596 mviii,
371 2555 424 2588 30.
448 2541 489 2579 .'-
510 2563 523 2578 ²
541 2556 588 2587 ltl.
612 2567 708 2595 xxxv,
729 2567 761 2597 9.
