1815 3253
338 244 418 279 180
764 255 796 280 s.
834 250 1061 282 At'GtisTINI
1096 256 1275 283 Eprscom

328 317 506 361 laniavit
524 331 592 360 me
617 336 625 362 :
652 326 792 361 totum
814 319 897 362 hoc
919 334 1008 363 non
1031 320 1080 363 fit
1100 320 1144 363 in
1174 320 1343 376 anima,
1372 328 1416 362 et
1450 328 1593 362 tamen
1619 333 1708 362 non

327 387 432 431 dicit
452 388 634 444 nisime,
654 398 831 448 propter
849 390 1057 434 unitatem
1078 392 1279 435 consortii
1300 391 1446 449 ipsius.

381 460 459 501 XI.
488 460 694 503 Dominus
718 474 818 517 ergo
840 469 986 504 noster
1008 463 1130 505 Jesus
1152 461 1347 506 Christus
1370 460 1507 520 panis,
1533 475 1576 504 se
1599 457 1708 503 fecit

323 527 450 571 nobis
471 527 560 584 lac,
582 529 830 574 incarnatus
851 539 894 574 et
916 545 1127 589 apparens
1149 531 1342 576 mortalis
1362 548 1373 575 :
1395 540 1444 575 ut
1464 530 1508 574 in
1532 545 1583 574 eo
1606 528 1707 572 fini-

322 606 441 642 retur
464 614 601 654 mors,
629 608 671 643 et
695 615 784 643 non
813 600 1112 644 aberraremus
1145 617 1168 645 a
1200 602 1370 657 Verbo,
1409 599 1631 646 credentes
1662 599 1708 642 in

319 684 493 713 carnem
519 668 637 729 quod
659 668 824 714 factum
848 679 914 716 est
933 671 1143 715 Verbum.
1183 673 1296 716 Hinc
1319 687 1581 725 crescamus,
1613 670 1705 728 ipso

319 738 431 784 laete
456 740 701 784 nutriamur
728 760 736 785 :
773 750 1009 801 antequam
1031 740 1163 786 validi
1196 743 1327 787 simus
1356 742 1411 786 ad
1445 739 1705 801 capiendum

318 810 536 866 Verbum,
576 827 665 855 non
688 810 940 856 recedamus
961 828 985 856 a
1012 811 1099 856 fide
1129 812 1252 857 lactis
1284 813 1434 857 nostri.
1469 811 1537 855 llli
1560 819 1706 854 autem

319 879 513 924 haeretici
531 879 724 926 volentes
746 881 966 940 disputare
990 883 1044 926 de
1065 897 1116 927 eo
1130 917 1141 938 ,
1163 882 1283 942 quod
1306 898 1395 927 non
1418 889 1619 941 poterant
1640 896 1707 924 ca-

318 965 436 1010 pere,
457 949 663 996 dixerunt
679 953 780 1012 quia
803 952 938 997 Filius
961 953 1103 997 minor
1125 961 1188 998 est
1209 969 1340 1013 quam
1365 956 1507 1007 Pater,
1526 960 1569 995 et
1590 950 1706 994 dixe-

318 1030 423 1065 runt
444 1021 547 1081 quia
582 1022 764 1081 Spiritus
789 1032 962 1068 sanctus
982 1024 1127 1067 minor
1149 1032 1212 1067 est
1228 1039 1358 1084 quam
1385 1022 1548 1080 Filius3
1574 1030 1616 1065 et
1636 1020 1704 1064 fe-

318 1100 473 1135 cerunt
494 1090 668 1149 gradus,
685 1101 727 1137 et
748 1092 1022 1137 immiserunt
1040 1093 1084 1136 in
1106 1093 1342 1138 Ecclesiam
1363 1102 1445 1137 tres
1467 1092 1584 1137 deos.
1608 1094 1706 1137 Non

317 1161 434 1205 enim
456 1171 639 1221 possunt
661 1178 818 1222 negare
843 1166 980 1207 Deum
1002 1178 1089 1207 esse
1107 1167 1302 1220 Patrem,
1323 1179 1402 1208 nec
1424 1173 1603 1223 possunt
1625 1179 1704 1208 ne-

320 1247 420 1291 gare
449 1235 588 1276 Deum
621 1248 709 1277 esse
745 1233 905 1277 Filium
926 1269 937 1289 ,
978 1249 1058 1278 nec
1088 1244 1269 1293 possunt
1291 1250 1463 1293 ,negare
1498 1234 1704 1293 Spiritum

320 1312 519 1347 sanctum
537 1306 761 1348 Deum.At
782 1304 816 1347 si
840 1308 966 1349 Pater
987 1308 1100 1349 Deus
1122 1314 1164 1349 et
1178 1305 1311 1349 Filius
1326 1309 1438 1349 Deus
1458 1314 1501 1348 et
1522 1305 1704 1364 Spiritus

320 1383 492 1418 sanctus
515 1377 628 1418 Deus
646 1374 882 1434 inaequales
907 1384 1036 1430 sunt,
1065 1384 1108 1419 et
1136 1391 1226 1420 non
1251 1385 1352 1420 sunt
1377 1377 1569 1436 ejusdem
1600 1375 1704 1419 sub-
1766 1404 1768 1437 3
1789 1406 1791 1412 ι

317 1445 487 1488 stantiae
505 1465 516 1502 3
534 1460 622 1489 non
645 1454 707 1489 est
729 1460 842 1489 unus
865 1448 994 1501 Deus,
1012 1446 1087 1489 sed
1109 1454 1193 1489 tres
1213 1444 1288 1489 dii.
1312 1446 1588 1506 Disputantes
1602 1460 1702 1504 ergo

317 1514 438 1575 quod
468 1531 621 1575 capere
653 1531 742 1559 non
770 1524 998 1574 poterant,
1026 1514 1127 1559 elati
1165 1524 1268 1559 sunt
1299 1516 1344 1559 in
1365 1516 1634 1576 superbiam,
1660 1525 1702 1560 et

317 1583 481 1629 factum
516 1595 578 1630 est
606 1587 652 1629 in
687 1586 745 1629 eis
773 1585 894 1645 quod
917 1585 1077 1630 dicitur
1099 1586 1144 1629 in
1166 1586 1246 1630 isto
1269 1585 1440 1630 Psalmo
1466 1606 1474 1630 ε
1506 1605 1525 1627 «
1549 1586 1591 1631 Si
1613 1601 1702 1631 non
1761 1590 1763 1616 l
1814 1613 1815 1637 ;

320 1675 340 1697 »
376 1656 599 1701 humiliter
641 1656 907 1711 sentiebam,
952 1656 1026 1699 sed
1063 1655 1246 1701 exaltavi
1288 1657 1475 1701 animam
1513 1672 1654 1700 meam
1687 1675 1696 1701 z

319 1745 340 1769 )›
376 1727 750 1787 quemadmodum
782 1727 858 1787 qui
893 1725 1061 1770 ablatus
1098 1735 1162 1771 est
1194 1742 1217 1770 a
1238 1726 1348 1771 lacte
1369 1743 1497 1787 super
1517 1737 1700 1771 matrem
1756 1770 1759 1796 4,

320 1817 340 1840 »
375 1813 494 1842 suam
513 1834 523 1853 ,
556 1798 615 1842 sic
651 1798 881 1842 retributio
908 1798 954 1841 in
978 1797 1165 1842 animam
1193 1814 1349 1842 meam.
1380 1817 1399 1840 »
1425 1802 1563 1843 Mater
1585 1798 1699 1842 enim
1755 1805 1758 1850 ζ
1784 1839 1785 1842 ,
1812 1823 1815 1849 5

316 1869 509 1915 Ecclesia
532 1870 609 1914 Dei
632 1879 719 1925 est,
745 1868 864 1913 unde
881 1868 945 1912 illi
961 1869 1144 1929 separati
1161 1877 1262 1913 sunt
1279 1889 1287 1914 ς
1307 1869 1369 1913 ibi
1390 1869 1540 1913 lactari
1558 1878 1601 1913 et
1622 1885 1699 1913 nu·
1754 1888 1756 1902 r

315 1940 409 1986 triri
429 1939 663 1996 debebant,
676 1949 726 1984 ut
745 1949 987 1984 crescerent
1003 1939 1057 1983 ad
1074 1938 1333 1999 capiendum
1348 1940 1542 1984 Verbum
1561 1943 1699 1983 Deum

315 2009 434 2069 apud
459 2014 592 2054 Deum
607 2045 618 2065 ,
643 2010 690 2053 in
705 2009 846 2054 forma
867 2009 945 2054 Dei
966 2008 1180 2069 aequalem
1198 2010 1329 2053 Patri.

377 2083 480 2125 XII.
505 2081 605 2125 Visa
628 2089 691 2125 est
713 2080 784 2124 hic
806 2080 983 2140 quidem
1001 2080 1056 2123 ab
1073 2079 1154 2134 his,
1172 2079 1248 2139 qui
1266 2089 1364 2123 ante
1382 2096 1459 2124 nos
1481 2079 1559 2124 ista
1583 2088 1697 2125 trae·
1749 2110 1750 2133 2
1780 2096 1783 2129 ε

314 2160 486 2206 larunt,
513 2160 556 2195 et
579 2151 659 2195 alia
680 2151 908 2205 sententia,
932 2159 976 2194 et
997 2148 1366 2194 aliusi'ntellectus
1388 2151 1433 2194 in
1456 2151 1519 2194 his
1537 2150 1694 2206 verbis,
1747 2170 1749 2191 ι

315 2236 447 2281 quem
474 2237 562 2265 non
585 2221 740 2265 tacebo
762 2220 970 2265 Charitati
993 2222 1172 2262 Vestrae.
1199 2222 1291 2263 Hoc
1324 2220 1439 2263 enim
1461 2219 1662 2263 dixerunt
1684 2237 1692 2264 :
1745 2257 1747 2281 ἶ

314 2291 465 2335 Omnis
480 2291 691 2350 superbus
713 2290 912 2349 displicet
933 2292 1039 2343 Deo,
1059 2297 1102 2332 et
1123 2288 1254 2332 debet
1278 2304 1321 2332 se
1344 2291 1533 2333 humana
1556 2290 1696 2333 anima

312 2361 542 2406 humiliare
561 2397 571 2416 ,
598 2377 652 2404 ne
676 2366 763 2405 Deo
786 2360 1010 2419 displiceat
1027 2394 1037 2408 ,
1065 2369 1107 2403 et
1134 2368 1227 2403 toto
1246 2359 1376 2403 corde
1394 2360 1553 2403 intueri
1576 2358 1694 2419 quod
1742 2354 1745 2407 ξ

315 2432 479 2477 dictum
504 2441 566 2476 est
587 2451 596 2476 :
614 2452 633 2474 «
651 2438 820 2485 Quanto
839 2446 1021 2489 magnus
1043 2446 1109 2484 es,
1134 2440 1252 2474 tanto
1276 2431 1455 2474 humilia
1476 2440 1517 2474 tc
1540 2431 1584 2473 in
1603 2445 1695 2474 om-

316 2521 334 2544 »
371 2503 525 2556 nibus,
565 2511 606 2545 et
634 2518 778 2546 coram
817 2505 901 2545 Deo
925 2500 1113 2545 invenies
1138 2501 1363 2559 grafianffl.
1395 2519 1414 2542 ι)
1443 2499 1525 2546 Sed
1550 2515 1692 2543 rursus

365 2594 372 2609 ¹
395 2587 493 2619 Eccli.
519 2598 564 2628 ιιι,
582 2596 633 2619 ¹20.
