1815 3253
348 207 589 238 ENARRATio
620 211 664 237 m
699 209 902 239 PsALMUM
934 210 1095 238 cxxxix.
1326 198 1409 238 353

24 289 210 335 quorum
233 290 407 319 eausam
432 275 642 319 Dominus
664 291 755 320 non
777 275 971 335 negliget
998 295 1005 319 :
1041 275 1120 319 etsi
1140 274 1272 319 modo
1295 289 1416 334 pres-

24 359 143 390 suras
161 345 409 404 patiuntur,
428 345 655 404 apparebit
679 345 813 406 gloria
834 346 1053 405 ipsorum,
1077 360 1177 389 cum
1199 360 1415 405 apparue-

24 416 79 460 rit
109 426 241 476 caput
268 416 476 476 ipsorum.
507 415 684 461 Talibus
707 418 823 461 enim
847 417 917 461 hic
948 417 1193 461 constitutis
1222 416 1411 460 dieitur:

29 506 50 530 «
82 487 245 532 Mortui
266 488 364 532 estis
385 523 396 542 ,
422 497 464 531 et
481 488 568 532 vita
590 498 731 533 vestra
754 488 1007 532 abscondita
1033 497 1095 531 est
1120 503 1219 532 cum
1244 488 1417 532 Christo

26 576 47 600 η
81 558 127 602 in
153 561 242 603 Deo
260 560 291 602 ¹.
327 577 347 600 »
380 561 494 616 Ergo
522 575 733 619 pauperes
766 574 916 603 sumus
935 594 945 613 ‚
971 558 1226 603 abscondita
1249 567 1313 602 est
1328 558 1415 602 vita

24 637 170 674 nostra
185 664 196 683 ‚
222 628 458 673 clamemus
480 630 535 674 ad
557 645 728 689 panem.
767 633 843 674 Est
877 630 994 672 enim
1019 629 1141 688 panis
1163 629 1287 674 vivus
1304 664 1315 682 ‚
1340 629 1416 688 qui

24 698 79 744 de
100 698 214 744 coelo
234 700 487 744 deseendit2
513 719 522 745 ε
549 711 590 745 et
627 701 703 760 qui
738 701 782 744 in
816 700 883 744 via
909 701 1048 744 reficit
1075 716 1154 744 nos
1171 735 1181 755 ‚
1212 701 1256 744 in
1278 700 1417 759 patria

23 770 235 813 saturabit
256 786 349 815 nos.
374 770 508 815 Modo
541 771 653 814 enim
672 805 682 825 ,
709 779 758 814 ut
791 769 1021 826 duremus,
1048 771 1281 814 reficimur.
1308 772 1417 814 Nam

24 854 196 883 neeesse
229 850 293 884 est
314 840 551 884 esuriamus
568 876 578 895 ‚
605 840 893 901 quoadusque
918 840 1139 885 satiemur.
1169 859 1189 883 «
1222 839 1418 898 Cognovi

26 926 47 951 »
81 909 184 969 quia
206 908 335 953 faciet
350 911 562 954 Dominus
579 909 793 970 judicium
813 911 1190 968 egentis.»Certus
1208 919 1298 954 erat
1320 911 1416 965 iste,

28 999 49 1024 «
82 981 298 1034 Quoniam
322 980 451 1025 faciet
477 982 688 1025 Dominus
719 981 935 1041 judicium
958 983 1122 1040 egentis
1141 1018 1152 1037 ‚
1179 992 1222 1026 et
1246 997 1420 1026 causam

28 1069 49 1094 »
83 1067 340 1111 pauperum.
367 1052 625 1096 »Ostendet
658 1052 819 1112 iniquis
851 1054 1077 1112 quomodo
1115 1052 1257 1112 diligit
1278 1054 1419 1113 justos

23 1138 144 1177 su08‚
170 1123 372 1167 ostendet
400 1122 608 1166 divitibus
636 1122 861 1181 quomodo
888 1122 1038 1181 diligat
1059 1138 1274 1182 pauperes
1301 1138 1416 1166 suos.

25 1194 184 1239 Divites
206 1193 340 1248 dixit,
359 1193 569 1253 superbos
591 1215 602 1251 3
628 1209 840 1253 pauperes
861 1193 994 1249 dixit,
1015 1192 1202 1238 humiles
1229 1213 1238 1238 ε
1265 1193 1419 1238 divites

25 1264 157 1320 dixit,
181 1280 259 1324 per
282 1263 596 1308 abundantiam
624 1279 714 1308 non
742 1272 1013 1324 quaerentes3
1037 1279 1250 1323 pauperes
1277 1263 1415 1319 dixit,

26 1349 102 1394 per
142 1334 405 1378 desiderium
453 1334 730 1394 suspirantes.
789 1333 940 1378 Faciet
988 1334 1199 1378 Dominus
1245 1348 1420 1378 causam

26 1405 233 1466 ipsorum.

101 1478 270 1520 XVIII.
318 1494 337 1517 «
383 1477 695 1519 Verumtamen
738 1474 843 1534 justi
881 1475 1212 1519 confitebuntur
1249 1475 1416 1519 nomini

28 1564 49 1588 n
85 1554 161 1590 tuo
180 1547 211 1589 3.
242 1564 261 1586 »
294 1548 350 1589 Et
383 1544 561 1605 quando
585 1560 684 1603 ages
714 1559 887 1588 causam
918 1545 1112 1603 ipsorum
1132 1579 1143 1600 ,
1174 1554 1218 1589 et
1239 1544 1418 1604 quando

23 1615 151 1661 facies
168 1615 383 1676 judicium
400 1616 593 1675 ipsorum
612 1650 622 1670 ,
644 1624 722 1659 tuo
744 1615 910 1659 nomini
929 1616 1261 1660 confitebuntur
1287 1635 1296 1660 ε
1322 1631 1417 1659 me-

26 1688 113 1732 ritis
134 1688 220 1732 suis
248 1687 357 1732 nihil
384 1686 602 1740 tribuent,
641 1702 731 1731 non
751 1687 948 1731 tribuent
970 1696 1113 1731 totum
1144 1687 1227 1731 nisi
1251 1687 1418 1731 miseri-

25 1758 182 1803 cordiae
214 1767 319 1802 tuae.
348 1776 367 1799 «
393 1761 706 1802 Verumtamen
739 1757 845 1817 justi
884 1758 1216 1802 confitebuntur
1250 1758 1419 1803 nomini

29 1846 50 1871 »
82 1839 175 1874 tuo.
195 1848 214 1871 υ
233 1832 290 1873 Et
311 1830 413 1889 quia
435 1829 767 1873 confitebuntur
789 1829 957 1873 nomini
979 1838 1056 1873 tuo
1072 1864 1083 1884 ,
1105 1839 1155 1873 ut
1180 1839 1419 1889 quantum-

27 1915 214 1960 cumque
231 1900 336 1959 justi
358 1898 521 1942 fuerint
537 1934 547 1954 ,
583 1897 693 1941 nihil
719 1898 800 1941 sibi
838 1908 1059 1942 assumant
1085 1898 1140 1943 de
1177 1915 1256 1943 suo
1272 1934 1282 1954 ‚
1307 1899 1418 1943 nihil

46 1970 106 2014 ibi
142 1971 337 2014 tribuant
369 1969 424 2013 de
458 1985 563 2026 suo3
599 1968 708 2029 quid
739 1969 835 2024 fiet,
868 1978 918 2012 ut
947 1969 1137 2028 dirigant
1171 1972 1275 2014 cor?
1308 1971 1417 2023 Quia

28 2040 203 2101 quando
226 2040 282 2085 ad
312 2056 356 2084 se
378 2041 563 2084 flectunt
580 2075 591 2093 ‚
617 2048 825 2099 torquent
857 2055 932 2083 cor
959 2059 967 2084 ς
1000 2040 1180 2099 quando
1196 2050 1341 2084 autem
1369 2041 1416 2084 in

0 2126 1 2146 ³
29 2112 258 2156 Dominum
288 2110 544 2165 intendant,
572 2110 768 2169 dirigunt
789 2126 878 2154 cor.
901 2111 957 2154 Et
979 2111 1057 2154 ubi
1079 2111 1161 2154 erit
1184 2111 1385 2171 voluptas
1402 2147 1413 2167 ‚

0 2195 3 2222 ι
31 2181 104 2226 ubi
134 2181 332 2242 requies,
360 2181 437 2225 ubi
462 2181 667 2238 gaudium
686 2216 697 2235 ‚
733 2180 812 2224 ubi
839 2180 1100 2225 beatitudo?
1131 2181 1350 2242 numquid
1372 2183 1418 2225 in

0 2263 72 2315 'gse
88 2254 106 2297 Ρ
121 2255 218 2298 Non
247 2272 254 2297 :
287 2252 363 2296 sed
388 2252 432 2295 in
455 2268 543 2311 quo
565 2261 666 2296 sunt
687 2251 777 2295 lux.
803 2270 823 2292 «
848 2254 974 2296 Nune
995 2261 1141 2296 autem
1162 2252 1237 2296 lux
1260 2253 1304 2295 in
1326 2255 1418 2297 Do-

0 2331 54 2371 [3»
86 2324 205 2367 mino
221 2324 253 2377 ⁴,
277 2341 297 2364 »
316 2321 440 2366 dixit.
468 2321 571 2365 Ideo
593 2321 692 2366 vide
715 2320 824 2382 quid
845 2322 1063 2382 sequitur,
1089 2322 1187 2366 vide
1207 2338 1295 2382 quo
1312 2339 1418 2367 con-

0 2374 181 2454 ·ldudit.
212 2413 232 2436 «
259 2392 579 2437 Inhabitabuut
608 2392 714 2435 recti
730 2407 830 2435 cum
850 2391 977 2436 vultu
1000 2402 1091 2437 tuo.
1120 2411 1140 2434 n
1165 2392 1280 2437 Male
1303 2394 1419 2438 enim

0 2498 24 2522 ις
79 2496 86 2513 ¹
109 2490 225 2522 Coloss.
247 2501 292 2521 ιιι.
319 2489 349 2520 3.
368 2505 408 2512 -
432 2495 444 2510 ²
459 2490 548 2520 Joau
572 2486 748 2528 vi‚41.-—
765 2485 778 2510 3
793 2487 872 2519 Psal.
890 2498 1021 2530 cxxxix,
1047 2487 1097 2530 14.
1117 2505 1159 2510 --
1176 2489 1191 2516 4
1207 2489 1321 2530 Ephes.
1340 2491 1417 2531 v‚8.

192 2567 301 2596 cxix
1234 2556 1285 2594 23
