1815 3253
393 227 632 257 ENARRATlo
664 230 709 256 m
741 227 943 257 PsALMUM
975 229 1140 255 cxxx1v.
1366 214 1450 254 245

67 298 277 344 habentes
299 311 461 341 nomen
478 303 649 338 tantum
672 303 714 338 et
737 295 905 352 signum
931 314 939 339 :
965 295 1009 337 in
1038 292 1169 337 eorde
1191 301 1336 336 autem
1363 293 1449 352 pri-

22 359 25 428 ,¹
67 369 334 427 mogenitum
357 382 482 411 suum
506 366 790 425 sepelierunt3
815 381 952 425 usque
974 364 1108 418 adeo,
1139 372 1188 407 ut
1210 364 1387 424 quando
1411 364 1449 407 ei

19 430 21 438 ¹
67 438 231 500 aliquid
251 438 405 483 dixeris
420 472 430 492 ,
456 445 632 496 propter
651 436 811 480 bonam
834 436 963 479 vitam
981 471 992 490 ,
1009 443 1187 494 propter
1209 448 1328 493 spem
1349 434 1450 478 vitae

66 519 240 554 aeternae
256 544 266 564 ,
293 518 335 552 et
359 517 534 568 propter
556 507 755 550 timorem
789 506 897 565 ignis
919 506 1066 549 aeterni
1088 540 1099 560 ,
1134 505 1251 564 apud
1274 519 1318 548 se
1352 503 1454 547 sub-

16 594 20 638 j
65 589 240 638 sannet3
265 589 340 624 aut
362 579 395 623 si
417 578 512 623 talis
533 587 596 622 est
618 586 667 621 ut
689 576 845 621 audeat
866 591 1011 621 eoram
1034 586 1098 632 te,
1115 591 1162 620 os
1186 583 1389 635 torqueat
1406 583 1450 619 et

17 679 21 688 ·
64 650 206 706 dicat,
231 650 336 703 Quis
365 650 454 693 hue
474 647 577 692 inde
610 663 802 692 reversus
832 649 924 691 est?
955 646 1109 691 dicunt
1139 645 1220 689 sibi
1250 645 1449 689 homines

14 724 20 788 ,ᾖ
63 720 183 781 quod
200 720 369 764 volunt.
391 722 450 763 Et
470 718 738 763 Christianus
757 727 821 762 est
839 738 847 763 ε
873 718 947 762 sed
966 717 1068 778 quia
1091 716 1306 775 affligens,
1333 715 1450 759 ocei-

14 794 17 859 j
63 808 133 837 sus
158 800 222 835 est
243 790 556 850 primogenitus
579 791 670 850 ejus
688 825 699 845 ,
724 799 897 834 mortua
919 799 981 833 est
1005 787 1112 832 fides
1135 788 1225 847 ejus
1252 806 1261 831 ι
1293 795 1337 830 et
1365 786 1451 830 hoe

12 903 16 918 ,
66 881 86 905 «
121 862 189 906 Ab
218 861 393 909 homine
416 876 555 920 usque
584 862 639 904 ad
673 876 820 920 pecus.
850 877 870 900 ·»
907 860 1085 914 Dicam,
1120 857 1293 912 fratres,
1329 856 1450 917 quod

12 921 17 966 Ῐ
62 933 214 978 sentio.
241 932 448 976 Homines
480 930 675 989 intelligo
709 930 957 990 spiritaliter
980 922 1211 988 significari
1239 937 1451 988 tanquam

11 1027 16 1063 ;
62 1002 210 1047 doctos
225 1038 235 1057 ,
256 1011 434 1061 propter
451 1000 705 1045 rationalem
725 1001 937 1056 animam,
962 999 1082 1060 quod
1106 1009 1168 1043 est
1190 999 1323 1042 homo
1349 1017 1357 1042 :
1378 1013 1449 1057 pe-

11 1118 14 1124 ,
60 1089 158 1118 cora
181 1088 283 1116 vero
304 1072 527 1126 indoctos,
554 1071 630 1115 sed
654 1081 797 1114 tamen
820 1071 1030 1114 habentes
1052 1070 1183 1113 fidem
1199 1105 1210 1124 ,
1236 1084 1338 1112 nam
1359 1083 1451 1113 non

12 1174 14 1181 ι
59 1144 272 1189 haberent
293 1142 594 1202 primogenita.
617 1143 728 1186 Sunt
745 1140 863 1186 docti
880 1141 955 1201 qui
975 1141 1176 1199 affligunt
1189 1139 1445 1194 Ecclesiam,

59 1215 284 1259 schismata
303 1223 345 1257 et
366 1215 549 1258 hae1e<es
572 1213 790 1257 faciendo.
809 1212 996 1258 Proinde
1018 1230 1098 1258 nee
1120 1214 1166 1257 in
1185 1213 1291 1257 illis
1281 1213 1448 1257 invenis

9 1295 14 1319 ἵ
58 1284 214 1338 fidem,
241 1284 446 1344 quoniam
472 1282 574 1327 facti
591 1293 693 1327 sunt
714 1287 792 1327 AEo
773 1293 956 1343 ygptus,
984 1284 1027 1327 id
1056 1292 1139 1339 est,
1166 1284 1342 1328 afflietio
1363 1299 1446 1343 po-

56 1355 162 1416 pulo
186 1356 278 1399 Dei.
305 1355 454 1399 Occisa
477 1364 579 1398 sunt
606 1355 896 1414 primogenita
923 1371 1109 1399 eorum·
1102 1356 1328 1400 ‚trahunt
1350 1364 1447 1414 post

56 1442 100 1470 se
113 1426 263 1470 turbas
276 1425 488 1479 indoctas,
503 1426 593 1485 ipsa
606 1435 709 1469 sunt
726 1441 897 1485 pecora.
916 1429 966 1469 In
981 1426 1062 1470 hac
1078 1441 1178 1484 ergo
1191 1425 1442 1481 afflictione,

9 1526 13 1544 ;
55 1513 141 1558 qua
161 1495 352 1541 Ecclesia
375 1496 582 1554 affligitur
594 1531 609 1551 ,
636 1496 820 1540 moritur
841 1497 884 1539 in
899 1496 1192 1555 affligentibus
1209 1495 1330 1539 fides.
1353 1499 1446 1540 Mo-

55 1568 227 1611 riuntur
262 1566 549 1625 primogenita
587 1575 629 1609 et
663 1566 709 1609 in
737 1566 837 1625 ipsis
859 1566 995 1610 doctis
1021 1576 1064 1610 et
1096 1566 1306 1624 indoctis·
1341 1568 1444 1627 quia

55 1637 213 1682 oceidit
235 1640 347 1681 Deus
374 1637 665 1695 primogenita
688 1640 765 1681 [ΕΟ
746 1637 996 1696 gyptiorum
1022 1657 1041 1679 «
1077 1638 1146 1682 Ab
1169 1639 1345 1682 homine
1371 1654 1445 1682 us·-

57 1725 79 1749 »
113 1722 199 1766 que
223 1706 276 1750 ad
299 1722 494 1766 pecus.»

111 1779 233 1822 XIX.
258 1777 441 1821 Immisit
462 1777 581 1834 signa
608 1786 651 1821 et
671 1777 894 1837 prodigia
884 1795 929 1822 m
949 1779 1094 1824 medio
1114 1780 1206 1835 tui,
1232 1784 1440 1842 AEgypte,

0 1870 10 1894 ,ι
58 1864 80 1888 »
114 1848 159 1891 in
178 1848 404 1892 Pharaone
426 1857 469 1891 et
489 1847 534 1890 in
558 1847 762 1891 omnibus
784 1849 915 1893 servis
932 1851 1023 1909 ejus
1048 1852 1060 1876 ¹
1090 1869 1098 1894 :
1127 1869 1146 1891 n
1174 1851 1342 1896 Phaiao
1370 1868 1443 1896 rex

55 1919 374 1977 AEgyptiorum.
399 1921 567 1963 Nomen
583 1917 816 1974 attendite,
843 1928 886 1963 et
905 1918 1051 1963 videte
1067 1922 1443 1980 quemadmodum

53 1988 132 2032 ista
157 1987 286 2032 faciat
309 1992 436 2032 Deus.
470 1991 563 2032 Rex
585 1989 629 2032 in
651 1989 770 2033 omni
801 1999 930 2048 gente
962 1991 1079 2049 prior
1108 2000 1199 2050 est3
1223 1995 1443 2053 AEgyptus

0 2068 9 2113 ᾧ
55 2057 229 2102 afflictio
251 2067 337 2114 est,
362 2059 530 2102 Pharao
544 2057 779 2118 dissipatio.
807 2060 995 2105 Asslietio
1018 2076 1120 2118 ergo
1143 2077 1287 2120 regem
1312 2063 1445 2108 habet

0 2121 8 2172 Ι
55 2126 376 2187 dissipationem
400 2147 408 2172 :
429 2129 531 2188 quia
553 2128 616 2173 illi
647 2130 723 2189 qui
743 2120 946 2189 affligunt
966 2131 1225 2187 Ecclesiam,
1251 2132 1445 2193 dissipati

0 2208 2 2218 ἱ
54 2198 267 2256 affligunt.
296 2200 353 2242 Ut
375 2199 490 2241 enim
522 2199 745 2258 affligant,
785 2199 1051 2260 dissipantur
1087 2221 1095 2246 z
1131 2203 1339 2263 quoniam
1373 2219 1446 2247 rex

0 2266 5 2283 ³
55 2266 198 2323 ducit,
236 2267 425 2327 populus
453 2269 678 2329 sequitur,
715 2270 922 2329 praeeedit
954 2271 1176 2332 dissipatio
1197 2309 1208 2328 ‚
1247 2275 1445 2334 sequitur

55 2338 244 2383 afflictio.
267 2338 430 2382 Audite
448 2374 457 2389 ,
479 2339 625 2383 audite
647 2341 825 2385 nomina
841 2343 934 2386 haec
951 2377 962 2397 ,
996 2342 1352 2402 interpretatione
1374 2354 1447 2403 ty-

0 2423 2 2448 ι
54 2409 149 2468 pica
168 2419 212 2453 et
228 2410 437 2469 sapientia
462 2409 605 2469 plena.
631 2413 720 2456 Nee
741 2428 881 2456 unum
898 2413 1066 2458 invenis
1084 2430 1135 2458 ex
1153 2414 1243 2459 istis
1265 2416 1447 2460 nomini-

133 2506 214 2537 Psal.
235 2518 360 2542 cxxxiv,
385 2517 433 2548 19.
