1815 3253
348 238 402 277 60
779 250 812 276 8.
848 246 1077 278 AUGUSTINI
1108 250 1289 278 EPISCOPI

347 314 475 359 multi
498 329 635 370 unus,
660 314 761 374 quia
783 323 826 359 et
838 330 950 359 unus
968 315 1182 371 Christus,
1203 324 1247 360 et
1268 316 1313 359 in
1335 315 1506 361 Christo
1530 314 1728 360 membra

348 384 508 430 Christi
535 400 636 429 cum
670 385 841 430 Christo
877 400 1017 429 unum
1053 384 1241 442 faciunt,
1273 387 1495 431 ethorum
1531 385 1731 431 omnium
1787 422 1789 429 Α

346 456 645 501 membrorum
669 466 799 516 caput
814 456 861 501 in
882 456 994 502 coelo
1025 467 1104 502 est.
1129 460 1296 517 Corpus
1320 468 1465 502 autem
1484 457 1650 502 etiamsi
1666 456 1731 501 la-
1786 493 1788 504 ,

346 527 472 572 horat
492 527 538 571 in
560 536 672 571 terra
693 562 704 582 ,
729 543 819 572 non
850 537 915 572 est
949 529 1176 587 praecisum
1201 544 1224 572 a
1246 529 1386 588 capite
1417 544 1511 573 suo.
1538 531 1730 586 Desuper
1785 579 1787 585 y

347 599 463 642 enim
491 607 623 657 caput
657 599 886 658 prospicit,
925 607 967 643 et
999 599 1185 644 consulit
1220 600 1405 659 corpori.
1435 601 1546 644 Nam
1578 598 1612 642 si
1641 613 1732 642 non

346 669 618 724 consuleret,
655 685 744 713 non
781 669 945 714 diceret
974 669 1038 713 illi
1077 670 1340 729 persecutori
1382 668 1524 714 adhuc
1568 668 1698 714 Saulo
1715 703 1728 724 ,
1782 685 1785 730 j

305 794 313 801 Δ
345 739 543 783 nondum
567 738 724 794 Paulo,
755 759 774 781 «
798 739 945 794 Saule,
973 738 1101 784 Saule
1119 775 1130 795 ,
1155 739 1264 799 quid
1286 749 1356 782 me
1375 739 1641 799 persequeris
1658 740 1668 762 ¹
1684 740 1727 782 P»
1782 768 1784 794 ς

345 810 513 853 Ethaec
543 809 706 868 optime
729 809 862 853 nostis
880 844 890 864 ,
919 819 962 853 et
983 809 1140 854 usitata
1162 817 1264 853 sunt
1292 808 1428 853 vobis.
1458 811 1556 854 Non
1586 817 1731 852 autem
1781 798 1783 854 s

346 895 447 923 cum
470 878 640 923 fastidio
658 889 1054 924 commemorentur
1075 881 1134 924 eis
1156 879 1316 940 quibus
1337 895 1427 924 non
1449 879 1728 934 exciderunt,

345 960 397 995 ut
417 966 494 1010 per
529 965 680 995 eorum
702 951 952 1011 patientiam
990 951 1171 996 redeant
1203 951 1249 995 in
1281 967 1355 996 cor
1392 952 1522 995 etiam
1551 966 1729 1006 eorum,

348 1021 508 1081 quibus
524 1021 771 1065 exciderant
792 1041 800 1066 :
819 1022 1005 1066 salubria
1023 1029 1125 1066 sunt
1143 1022 1256 1065 enim
1272 1057 1282 1077 ,
1301 1031 1344 1066 et
1360 1022 1515 1082 saepius
1527 1020 1728 1066 dicenda.
1777 1022 1779 1039 ³

352 1092 448 1137 Sive
467 1106 567 1149 ergo
590 1108 703 1136 unus
732 1101 902 1147 cantet,
928 1093 1015 1136 sive
1042 1091 1168 1136 multi
1197 1100 1400 1149 cantent3
1426 1101 1469 1136 et
1499 1091 1627 1135 multi
1648 1092 1732 1136 ho-
1777 1088 1778 1095 ’

350 1162 486 1206 mines
504 1178 617 1206 unus
634 1163 766 1206 homo
784 1171 847 1206 est
867 1197 878 1218 ,
911 1163 1011 1222 quia
1034 1162 1176 1206 unitas
1198 1171 1289 1219 est,
1314 1171 1358 1205 et
1378 1161 1598 1217 Christus,
1623 1161 1734 1206 sicut
1774 1164 1777 1213 ξ

350 1231 560 1289 diximus,
596 1248 708 1277 unus
740 1241 832 1288 cst,
873 1242 916 1277 et
948 1248 1098 1278 omnes
1135 1232 1370 1278 Christiani
1404 1232 1599 1276 membra
1633 1241 1734 1277 sunt
1773 1257 1775 1265 ι

351 1303 525 1348 Christi.
1772 1352 1773 1363 ἵ

408 1377 466 1418 II.
492 1373 609 1427 Quid
637 1389 739 1432 ergo
761 1374 831 1418 isti
859 1373 1066 1418 cantant?
1091 1373 1186 1417 haec
1215 1373 1411 1417 membra
1440 1372 1598 1418 Christi
1626 1372 1734 1432 quid

348 1446 555 1489 cantant?
578 1447 739 1489 Amant
760 1445 877 1488 enim
894 1479 905 1499 ,
929 1453 972 1488 et
1003 1442 1188 1487 amando
1210 1452 1413 1498 cantant,
1447 1442 1733 1488 desiderando

347 1523 540 1559 cantant.
558 1514 806 1574 Aliquando
819 1530 919 1558 cum
935 1513 1214 1558 tribulatione
1226 1522 1419 1568 cantant,
1437 1522 1479 1557 et
1497 1512 1733 1573 aliquando
1768 1542 1770 1556 .

349 1584 584 1629 exultando
605 1594 810 1640 cantant,
836 1600 936 1629 cum
959 1585 1004 1627 in
1029 1599 1103 1644 spe
1131 1592 1322 1628 cantant.
1350 1583 1592 1628 Tribulatio
1615 1583 1730 1627 enim
1768 1573 1769 1589 ¹

349 1664 491 1698 nostra
509 1655 553 1698 in
570 1655 772 1713 praesenti
790 1653 948 1698 saeculo
964 1689 974 1709 ,
995 1669 1090 1713 spes
1111 1669 1213 1698 vero
1233 1662 1379 1698 nostra
1403 1652 1457 1697 de
1476 1652 1628 1697 futuro
1650 1668 1732 1697 sae-
1766 1679 1767 1704 ;

348 1725 448 1769 culo
475 1745 483 1770 :
506 1734 548 1768 et
570 1725 650 1769 nisi
674 1725 720 1769 in
748 1725 1028 1769 tribulatione
1059 1725 1282 1784 praesentis
1304 1723 1452 1768 saeculi
1484 1723 1733 1768 consoletur

349 1812 426 1840 nos
444 1811 537 1855 spes
550 1795 686 1839 futuri
707 1795 854 1843 saeeuli
872 1831 882 1849 ,
907 1797 1112 1856 perimus.
1138 1795 1356 1840 Gaudium
1378 1810 1481 1854 ergo
1513 1803 1727 1850 nostrum,
1763 1797 1765 1849 j
1814 1834 1815 1847 ,

350 1870 520 1911 Fratres
536 1901 547 1921 ,
568 1865 764 1910 nondum
786 1876 850 1910 est
871 1866 917 1910 in
939 1881 984 1910 re
1002 1901 1012 1921 ,
1044 1865 1119 1910 sed
1143 1867 1233 1925 jam
1263 1865 1309 1909 in
1336 1881 1426 1925 spe.
1462 1867 1565 1924 Spes
1587 1873 1732 1909 autem
1761 1876 1764 1927 ς

350 1945 494 1981 nostra
531 1945 620 1980 tam
655 1945 770 1980 certa
798 1945 882 1991 est,
913 1936 1034 1997 quasi
1054 1937 1144 1996 jam
1176 1950 1241 1980 res
1273 1934 1465 1994 perfecta
1486 1935 1554 1979 sit.
1580 1938 1732 1995 Neque
1760 1928 1763 1989 j

350 2008 465 2051 enim
488 2007 690 2051 timemus
711 2008 993 2066 promittente
1006 2007 1200 2050 veritate.
1222 2007 1388 2050 Veritas
1405 2006 1519 2049 enim
1544 2021 1624 2050 nec
1641 2005 1732 2050 falli
1759 2056 1760 2073 χ

347 2086 514 2135 potest,
539 2091 619 2120 nec
642 2075 789 2120 fallere
810 2095 819 2121 z
843 2077 1009 2120 bonum
1034 2085 1098 2120 est
1119 2085 1168 2120 ut
1186 2076 1426 2120 haereamus
1450 2075 1538 2133 illi,
1560 2074 1632 2119 illa
1652 2091 1731 2121 nos
1757 2090 1759 2146 j

347 2147 529 2202 liberat,
550 2146 625 2191 sed
648 2147 682 2191 si
704 2147 972 2191 manseribus
987 2148 1031 2191 in
1051 2146 1186 2192 verbo
1208 2148 1315 2206 ejus.
1342 2145 1476 2191 Modo
1502 2146 1617 2190 enim
1636 2162 1730 2190 cre·
1756 2154 1758 2195 {
1810 2181 1815 2201 u

348 2218 491 2262 dimus
507 2253 518 2273 ,
547 2226 651 2261 tunc
675 2216 919 2262 videbimus
949 2236 958 2262 2
989 2232 1088 2261 cum
1111 2216 1349 2271 credimus,
1376 2231 1470 2276 spes
1493 2225 1557 2260 est
1580 2217 1625 2260 in
1651 2216 1730 2261 isto

349 2288 536 2345 saeculo,
561 2303 662 2332 cum
698 2287 966 2343 videbimus,
990 2304 1055 2332 res
1077 2288 1157 2332 erit
1178 2288 1223 2331 in
1246 2288 1395 2334 futuro
1421 2287 1594 2332 saeculo.
1621 2307 1640 2330 «
1662 2289 1731 2332 Vi·
1754 2302 1756 2346 ᾗ

351 2379 370 2401 »
406 2359 605 2404 debimus
635 2368 781 2403 autem
803 2358 909 2403 facie
932 2359 984 2404 ad
1009 2359 1161 2403 faciem
1177 2363 1193 2386 ²
1211 2378 1219 2404 :
1236 2368 1368 2404 »tuuc
1391 2368 1537 2403 autem
1557 2359 1729 2403 videbi-
1752 2360 1754 2422 J

345 2446 442 2474 mus
468 2429 576 2474 facie
599 2431 654 2474 ad
681 2429 860 2485 faciem,
900 2445 1001 2474 cum
1041 2430 1320 2474 habuerimus
1343 2429 1473 2473 corda
1497 2428 1722 2473 mundata.
1750 2443 1752 2485 g

352 2520 372 2543 «
406 2502 526 2544 Beati
557 2501 672 2545 enim
704 2500 869 2545 mundo
899 2500 1054 2556 corde,
1090 2501 1296 2560 quoniam
1329 2500 1409 2560 ipsi
1442 2503 1579 2545 Deum
1601 2499 1723 2544 vide·
1749 2509 1751 2563 s

399 2592 407 2609 ¹
429 2588 501 2619 Act.
521 2597 565 2628 ix,
584 2586 617 2629 4.
637 2602 679 2608 -
695 2593 707 2610 ²
731 2597 743 2618 1
765 2588 836 2618 Cor.
854 2596 921 2627 xiii,
942 2594 992 2618 12.
