1815 3253
401 196 642 224 temanum
676 199 718 224 nv
752 196 955 226 PSALMUM
982 200 1124 226 cxuv.
1366 185 1451 225 453

0 295 2 319 ὲ
68 281 88 304 »
123 260 243 305 dabit
261 275 390 319 opera
414 270 503 304 tua.
535 280 552 302 »
575 261 823 306 Laudamus
843 278 1112 322 nuncopera
1138 262 1324 317 Domini,
1350 278 1450 307 eum

0 375 1 382 ,
62 333 107 376 iu
134 332 212 375 liae
234 331 494 375 mortalitate
530 332 716 377 vivimus
743 353 751 378 :
779 343 822 377 ct
857 335 891 378 si
919 332 1150 377 laudamus
1181 333 1450 392 compediti,

64 400 287 462 quomodo
310 401 585 446 laudabimus
609 403 835 447 coronati?
861 406 974 461 Ergo
998 404 1090 447 haec
1112 418 1230 446 nunc
1254 403 1454 447 attenda-

0 523 1 528 ,
63 487 160 516 mus
179 472 225 516 in
243 472 324 516 hac
347 472 621 530 generatione
644 488 774 532 opera
797 473 997 527 Domini,
1022 473 1067 516 in
1090 474 1212 532 cujus
1239 472 1366 517 laude
1383 473 1453 517 di-

63 543 179 586 citur
205 561 214 587 :
249 561 269 584 «
306 543 536 586 Generatio
570 553 613 587 et
641 543 859 601 generatio
891 542 1089 587 laudabit
1117 557 1246 602 opera
1288 552 1362 587 tua
1391 563 1400 588 z
1427 561 1449 584 »

63 611 271 672 quoniam
308 612 619 670 magnitudinis
651 621 738 657 tuae
766 628 854 657 non
885 622 949 657 est
981 612 1093 656 finis.
1119 613 1262 672 Opera
1285 622 1359 656 tua
1384 613 1455 657 in-

67 683 174 726 tueri
196 682 297 726 licet
316 717 326 737 ,
350 692 400 726 ut
425 692 469 726 tu
493 683 679 727 lauderis
699 719 710 739 ,
731 684 808 744 qui
829 683 932 728 talia
950 684 1156 743 operaris.

123 755 223 797 VII.
255 772 274 795 «
299 756 356 798 Et
378 754 585 798 virtutem
606 764 725 798 tuam
747 755 1089 799 annuntiabunt.
1120 773 1139 794 »
1164 756 1317 814 Neque
1339 754 1456 798 enim

63 839 193 883 opera
217 833 291 868 tua
316 824 587 881 laudabunt,
612 826 693 870 nisi
721 835 772 870 ut
794 826 1002 871 virtutem
1024 835 1146 870 tuam
1175 825 1455 870 annuntient.

64 899 378 955 Proponuntur
400 896 550 941 laudes
572 897 717 957 pueris
737 899 783 941 in
804 899 950 942 schola
966 933 976 953 ,
1004 907 1048 942 et
1067 897 1214 942 omnia
1234 896 1338 941 talia
1354 912 1460 957 pro-

62 975 289 1026 ponuntur
321 983 420 1026 quae
447 967 682 1012 laudentur
699 1003 710 1023 ,
737 983 836 1028 quae
859 971 973 1013 Deus
1003 976 1068 1012 est
1089 976 1293 1027 operatus
1321 986 1329 1012 :
1354 982 1460 1026 pro-

62 1036 243 1096 ponitur
281 1037 448 1081 homini
480 1037 574 1081 laus
604 1037 703 1082 solis
722 1073 732 1092 ‚
759 1037 853 1082 laus
874 1036 997 1091 eoeli,
1023 1036 1118 1081 laus
1140 1046 1266 1081 terrae
1284 1072 1294 1092 ,
1321 1046 1371 1081 ut
1404 1036 1461 1081 ad

64 1107 230 1150 minora
254 1107 383 1150 etiam
410 1107 606 1161 veniam,
634 1106 727 1150 laus
749 1122 880 1162 rosae,
918 1106 1013 1150 laus
1034 1106 1175 1151 laurie
1202 1106 1349 1151 omnia
1383 1106 1462 1150 ista

63 1192 193 1236 opera
216 1177 291 1221 Dei
313 1185 437 1231 sunt,
468 1187 781 1236 proponuntur
798 1213 808 1232 ,
835 1176 1131 1237 suscipiuntur
1152 1212 1163 1231 ,
1188 1175 1428 1221 laudantur
1447 1197 1458 1233 3

65 1262 195 1306 opera
213 1246 512 1302 celebrantur,
540 1246 594 1291 de
616 1257 843 1307 operatore
868 1257 1051 1292 tacetur.
1075 1250 1170 1306 Ego
1194 1248 1239 1290 in
1257 1247 1464 1306 operibus

64 1317 164 1362 volo
187 1316 355 1360 laudari
378 1327 616 1361 creatorem
632 1353 642 1372 ,
677 1318 900 1377 ingratum
930 1333 1020 1362 non
1049 1333 1146 1361 amo
1169 1316 1461 1361 laudatorem.

67 1386 237 1432 Laudas
256 1387 377 1447 quod
400 1387 524 1442 fecit,
548 1398 662 1432 taces
684 1387 738 1432 de
760 1388 837 1433 illo
855 1389 931 1448 qui
947 1388 1077 1433 feeit?
1095 1387 1228 1441 Quasi
1245 1403 1366 1443 vero,
1385 1387 1465 1430 nisi

66 1457 140 1501 ille
162 1467 306 1518 tantus
329 1467 439 1501 esset
459 1493 470 1512 ,
490 1458 707 1503 invenires
725 1459 847 1519 quod
865 1457 1080 1502 laudares.
1111 1461 1163 1501 In
1186 1473 1237 1502 eo
1259 1457 1380 1517 quod
1400 1458 1465 1502 vi-

67 1529 164 1581 des,
191 1528 301 1588 quid
322 1527 384 1570 ibi
414 1527 656 1571 laudatur?
680 1529 851 1588 Species
868 1564 878 1583 ,
905 1528 1092 1583 utilitas,
1120 1527 1266 1588 aliqua
1295 1528 1432 1572 virtus
1451 1562 1463 1582 ,

67 1597 211 1657 aliqua
233 1598 431 1657 potentia
454 1613 602 1641 rerum
627 1599 825 1642 istarum.
864 1598 907 1643 Si
937 1597 1225 1657 pulchritudo
1247 1608 1291 1642 te
1314 1597 1464 1641 delec—

66 1677 130 1712 tat
147 1703 158 1723 ,
192 1667 299 1728 quid
337 1667 564 1727 pulchrius
594 1667 817 1712 faciente?
842 1669 885 1713 Si
909 1667 1074 1713 utilitas
1096 1666 1303 1712 laudatur
1318 1703 1330 1723 ‚
1356 1667 1466 1728 quid

66 1737 142 1782 illo
161 1737 312 1782 utilius
327 1773 338 1793 ,
363 1738 441 1798 qui
462 1737 568 1782 feeit
591 1738 738 1781 omnia
756 1739 774 1781 i>
791 1738 832 1782 Si
853 1737 991 1782 virtus
1013 1736 1235 1793 laudatur,
1257 1736 1367 1797 quid
1389 1736 1467 1782 illo

66 1810 306 1869 potentius,
327 1824 452 1870 aquo
475 1807 588 1852 facta
611 1817 714 1853 sunt
737 1809 908 1866 omnia,
933 1824 957 1852 a
979 1824 1068 1868 quo
1085 1808 1216 1853 etiam
1240 1807 1355 1852 facta
1372 1823 1463 1853 non

68 1879 351 1924 dimittuntur
371 1915 381 1933 ,
414 1878 490 1922 sed
512 1887 724 1937 reguntur
747 1888 791 1922 et
823 1878 1126 1937 gubernantur
1159 1879 1336 1923 omnia?
1367 1881 1467 1923 Non

68 1965 173 2008 ergo
194 1948 570 2009 quemadmodum
592 1947 771 2009 quidam
795 1947 1050 2008 eloquentes
1073 1949 1207 2003 muti,
1237 1947 1468 1992 laudantes

68 2028 311 2064 creaturam
333 2054 344 2074 ,
383 2019 687 2063 obliviscentes
716 2020 968 2063 Creatorem
995 2039 1006 2075 3
1032 2033 1123 2069 non
1157 2018 1216 2062 sic
1237 2027 1279 2062 te
1313 2017 1465 2062 laudat

69 2090 288 2148 generatio
317 2098 362 2133 et
395 2089 616 2147 generatio
651 2089 698 2132 in
730 2089 862 2133 servis
898 2089 1012 2144 tuis,
1037 2104 1138 2133 cum
1160 2088 1312 2133 laudat
1334 2103 1464 2148 opera

70 2169 160 2205 tua.
189 2160 272 2205 Sed
291 2160 514 2220 quomodo
537 2158 720 2204 laudat?
741 2178 761 2201 «
785 2163 843 2204 Et
864 2160 1072 2204 virtutem
1090 2169 1211 2204 tuam
1230 2160 1466 2204 annuntia-

71 2250 92 2273 »
129 2232 258 2276 bunt.
279 2249 299 2272 n
322 2234 373 2275 In
390 2229 620 2275 laudandis
642 2231 849 2291 operibus
870 2232 956 2276 tuis
975 2268 986 2288 ‚
1013 2233 1220 2277 virtutem
1243 2241 1365 2276 tuam
1389 2247 1468 2276 an-

69 2303 357 2347 nuntiabunt.
383 2302 652 2347 Laudatores
684 2303 780 2358 isti,
807 2303 944 2347 sancti
966 2312 1010 2348 et
1030 2303 1137 2348 boni
1160 2301 1332 2358 fideles,
1375 2304 1466 2346 veri

70 2373 344 2428 laudatores,
378 2390 468 2418 non
499 2373 658 2432 ingrati
688 2375 860 2432 gratiae,
896 2390 998 2419 eum
1025 2373 1208 2418 laudant
1230 2389 1361 2433 opera
1390 2374 1468 2418 Dei

71 2445 166 2489 haee
189 2454 321 2504 atque
342 2444 414 2490 illa
434 2480 443 2500 ,
467 2459 636 2488 summa
655 2453 698 2488 et
716 2445 803 2488 ima
824 2481 835 2500 ,
859 2445 1052 2490 eoelestia
1076 2454 1119 2489 et
1136 2445 1376 2500 terrestria,
1396 2446 1466 2488 in-

74 2524 139 2560 ter
175 2517 265 2576 ipsa
303 2531 434 2575 opera
461 2517 535 2559 Dei
573 2531 673 2575 quae
706 2515 912 2567 laudant,
939 2526 982 2561 et
1004 2532 1048 2562 se
1070 2517 1183 2576 ipsos
1206 2516 1466 2570 inveniunt,
