<?xml version="1.0" encoding="UTF-8"?>
<!DOCTYPE html PUBLIC "-//W3C//DTD XHTML 1.0 Transitional//EN"
    "http://www.w3.org/TR/xhtml1/DTD/xhtml1-transitional.dtd">
<html xmlns="http://www.w3.org/1999/xhtml" xml:lang="en" lang="en">
 <head>
  <title>
</title>
<meta http-equiv="Content-Type" content="text/html;charset=utf-8" />
  <meta name='ocr-system' content='tesseract 3.04.00' />
  <meta name='ocr-capabilities' content='ocr_page ocr_carea ocr_par ocr_line ocrx_word'/>
</head>
<body>
  <div class='ocr_page' id='page_1' title='image "./operaomniaaccura12auguuoft_0445.png"; bbox 0 0 1815 3253; ppageno 0'>
   <div class='ocr_carea' id='block_1_1' title="bbox 0 392 63 3253">
    <p class='ocr_par' dir='ltr' id='par_1_1' title="bbox 0 392 63 3253">
     <span class='ocr_line' id='line_1_1' title="bbox 0 392 18 603; baseline 0 -71"><span class='ocrx_word' id='word_1_1' title='bbox 0 392 18 603; x_wconf 95' lang='lat' dir='ltr'>   </span> 
     </span>
     <span class='ocr_line' id='line_1_2' title="bbox 0 603 19 672; baseline 0 2581"><span class='ocrx_word' id='word_1_2' title='bbox 0 603 19 672; x_wconf 95' lang='lat' dir='ltr'> </span> 
     </span>
     <span class='ocr_line' id='line_1_3' title="bbox 0 672 20 745; baseline 0 2508"><span class='ocrx_word' id='word_1_3' title='bbox 0 672 20 745; x_wconf 95' lang='lat' dir='ltr'> </span> 
     </span>
     <span class='ocr_line' id='line_1_4' title="bbox 0 745 20 815; baseline 0 2438"><span class='ocrx_word' id='word_1_4' title='bbox 0 745 20 815; x_wconf 95' lang='lat' dir='ltr'> </span> 
     </span>
     <span class='ocr_line' id='line_1_5' title="bbox 0 815 21 881; baseline 0 2372"><span class='ocrx_word' id='word_1_5' title='bbox 0 815 21 881; x_wconf 95' lang='lat' dir='ltr'> </span> 
     </span>
     <span class='ocr_line' id='line_1_6' title="bbox 0 881 22 959; baseline 0 2294"><span class='ocrx_word' id='word_1_6' title='bbox 0 881 22 959; x_wconf 95' lang='lat' dir='ltr'> </span> 
     </span>
     <span class='ocr_line' id='line_1_7' title="bbox 0 959 23 1027; baseline 0 2226"><span class='ocrx_word' id='word_1_7' title='bbox 0 959 23 1027; x_wconf 95' lang='lat' dir='ltr'> </span> 
     </span>
     <span class='ocr_line' id='line_1_8' title="bbox 0 1027 24 1261; baseline 0 -90"><span class='ocrx_word' id='word_1_8' title='bbox 0 1027 24 1261; x_wconf 95' lang='lat' dir='ltr'>    </span> 
     </span>
     <span class='ocr_line' id='line_1_9' title="bbox 0 1385 28 1598; baseline 0 -73"><span class='ocrx_word' id='word_1_9' title='bbox 0 1385 28 1598; x_wconf 95' lang='lat' dir='ltr'>   </span> 
     </span>
     <span class='ocr_line' id='line_1_10' title="bbox 0 1598 29 1666; baseline 0 1587"><span class='ocrx_word' id='word_1_10' title='bbox 0 1598 29 1666; x_wconf 95' lang='lat' dir='ltr'> </span> 
     </span>
     <span class='ocr_line' id='line_1_11' title="bbox 0 1666 29 1736; baseline 0 1517"><span class='ocrx_word' id='word_1_11' title='bbox 0 1666 29 1736; x_wconf 95' lang='lat' dir='ltr'> </span> 
     </span>
     <span class='ocr_line' id='line_1_12' title="bbox 0 1736 29 1809; baseline 0 1444"><span class='ocrx_word' id='word_1_12' title='bbox 0 1736 29 1809; x_wconf 95' lang='lat' dir='ltr'> </span> 
     </span>
     <span class='ocr_line' id='line_1_13' title="bbox 0 1809 29 1878; baseline 0 1375"><span class='ocrx_word' id='word_1_13' title='bbox 0 1809 29 1878; x_wconf 95' lang='lat' dir='ltr'> </span> 
     </span>
     <span class='ocr_line' id='line_1_14' title="bbox 0 1878 29 1948; baseline 0 1305"><span class='ocrx_word' id='word_1_14' title='bbox 0 1878 29 1948; x_wconf 95' lang='lat' dir='ltr'> </span> 
     </span>
     <span class='ocr_line' id='line_1_15' title="bbox 0 1948 27 2021; baseline 0 1232"><span class='ocrx_word' id='word_1_15' title='bbox 0 1948 27 2021; x_wconf 95' lang='lat' dir='ltr'> </span> 
     </span>
     <span class='ocr_line' id='line_1_16' title="bbox 0 2021 41 2183; baseline 0 -19"><span class='ocrx_word' id='word_1_16' title='bbox 0 2021 41 2183; x_wconf 95' lang='lat' dir='ltr'>   </span> 
     </span>
     <span class='ocr_line' id='line_1_17' title="bbox 0 2183 37 2251; baseline 0 0"><span class='ocrx_word' id='word_1_17' title='bbox 0 2183 37 2251; x_wconf 95' lang='lat' dir='ltr'>  </span> 
     </span>
     <span class='ocr_line' id='line_1_18' title="bbox 0 2251 31 2435; baseline 0 -60"><span class='ocrx_word' id='word_1_18' title='bbox 0 2251 31 2435; x_wconf 95' lang='lat' dir='ltr'>   </span> 
     </span>
     <span class='ocr_line' id='line_1_19' title="bbox 0 2435 63 3253; baseline 0 0"><span class='ocrx_word' id='word_1_19' title='bbox 0 2435 63 3253; x_wconf 95' lang='lat' dir='ltr'>  </span> 
     </span>
    </p>
   </div>
   <div class='ocr_carea' id='block_1_2' title="bbox 354 223 1414 265">
    <p class='ocr_par' dir='ltr' id='par_1_2' title="bbox 354 223 1414 265">
     <span class='ocr_line' id='line_1_20' title="bbox 354 223 1414 265; baseline 0.004 -5"><span class='ocrx_word' id='word_1_20' title='bbox 354 230 595 261; x_wconf 67' lang='lat' dir='ltr'>ENAmiA‘no</span> <span class='ocrx_word' id='word_1_21' title='bbox 629 233 674 261; x_wconf 79' lang='grc' dir='ltr'>ῙΝ</span> <span class='ocrx_word' id='word_1_22' title='bbox 707 233 910 263; x_wconf 70' lang='grc' dir='ltr'>ΡεΑιΜυΜ</span> <span class='ocrx_word' id='word_1_23' title='bbox 941 237 1089 263; x_wconf 73' lang='lat' dir='ltr'>cxmu.</span> <span class='ocrx_word' id='word_1_24' title='bbox 1330 223 1414 265; x_wconf 85' lang='lat'>435</span> 
     </span>
    </p>
   </div>
   <div class='ocr_carea' id='block_1_3' title="bbox 14 296 1479 2557">
    <p class='ocr_par' dir='ltr' id='par_1_3' title="bbox 14 296 1424 1194">
     <span class='ocr_line' id='line_1_21' title="bbox 29 296 1417 360; baseline 0.003 -18"><span class='ocrx_word' id='word_1_25' title='bbox 29 296 142 352; x_wconf 84' lang='lat' dir='ltr'>Quid</span> <span class='ocrx_word' id='word_1_26' title='bbox 172 313 323 359; x_wconf 84' lang='lat' dir='ltr'>quaero</span> <span class='ocrx_word' id='word_1_27' title='bbox 350 307 401 343; x_wconf 90' lang='lat' dir='ltr'>ut</span> <span class='ocrx_word' id='word_1_28' title='bbox 422 298 578 354; x_wconf 86' lang='lat' dir='ltr'>dones,</span> <span class='ocrx_word' id='word_1_29' title='bbox 614 299 792 359; x_wconf 88' lang='lat' dir='ltr'>quando</span> <span class='ocrx_word' id='word_1_30' title='bbox 815 301 958 345; x_wconf 86' lang='lat' dir='ltr'>adhuc</span> <span class='ocrx_word' id='word_1_31' title='bbox 980 301 1122 360; x_wconf 76' lang='lat' dir='ltr'>rapis?</span> <span class='ocrx_word' id='word_1_32' title='bbox 1149 319 1170 343; x_wconf 90' lang='lat'>«</span> <span class='ocrx_word' id='word_1_33' title='bbox 1196 301 1370 346; x_wconf 84' lang='lat' dir='ltr'>Declina</span> <span class='ocrx_word' id='word_1_34' title='bbox 1392 317 1417 346; x_wconf 86' lang='lat' dir='ltr'>a</span> 
     </span>
     <span class='ocr_line' id='line_1_22' title="bbox 32 367 1415 432; baseline 0.004 -22"><span class='ocrx_word' id='word_1_35' title='bbox 32 385 53 410; x_wconf 70' lang='lat' dir='ltr'>u</span> <span class='ocrx_word' id='word_1_36' title='bbox 87 367 223 424; x_wconf 89' lang='lat' dir='ltr'>malo,</span> <span class='ocrx_word' id='word_1_37' title='bbox 263 377 307 413; x_wconf 90' lang='lat' dir='ltr'>et</span> <span class='ocrx_word' id='word_1_38' title='bbox 334 367 401 413; x_wconf 87' lang='lat' dir='ltr'>fac</span> <span class='ocrx_word' id='word_1_39' title='bbox 423 369 606 413; x_wconf 90' lang='lat' dir='ltr'>bonum.</span> <span class='ocrx_word' id='word_1_40' title='bbox 638 388 658 411; x_wconf 90' lang='lat'>»</span> <span class='ocrx_word' id='word_1_41' title='bbox 686 372 783 416; x_wconf 92' lang='lat' dir='ltr'>Non</span> <span class='ocrx_word' id='word_1_42' title='bbox 804 371 886 414; x_wconf 89' lang='lat' dir='ltr'>sub</span> <span class='ocrx_word' id='word_1_43' title='bbox 912 380 953 415; x_wconf 87' lang='lat' dir='ltr'>te</span> <span class='ocrx_word' id='word_1_44' title='bbox 974 370 1116 431; x_wconf 81' lang='lat' dir='ltr'><strong>ploret</strong></span> <span class='ocrx_word' id='word_1_45' title='bbox 1139 371 1281 430; x_wconf 86' lang='lat' dir='ltr'>primo</span> <span class='ocrx_word' id='word_1_46' title='bbox 1303 387 1415 432; x_wconf 84' lang='lat' dir='ltr'>pau-</span> 
     </span>
     <span class='ocr_line' id='line_1_23' title="bbox 28 438 1417 501; baseline 0.003 -18"><span class='ocrx_word' id='word_1_47' title='bbox 28 453 106 499; x_wconf 85' lang='lat' dir='ltr'>per</span> <span class='ocrx_word' id='word_1_48' title='bbox 123 474 134 494; x_wconf 90' lang='lat'>,</span> <span class='ocrx_word' id='word_1_49' title='bbox 159 447 209 484; x_wconf 89' lang='lat' dir='ltr'>ut</span> <span class='ocrx_word' id='word_1_50' title='bbox 230 438 414 498; x_wconf 84' lang='lat' dir='ltr'>gaudeat</span> <span class='ocrx_word' id='word_1_51' title='bbox 436 439 490 483; x_wconf 88' lang='lat' dir='ltr'>de</span> <span class='ocrx_word' id='word_1_52' title='bbox 514 449 556 483; x_wconf 88' lang='lat' dir='ltr'>te</span> <span class='ocrx_word' id='word_1_53' title='bbox 589 455 768 501; x_wconf 83' lang='lat' dir='ltr'>pauper.</span> <span class='ocrx_word' id='word_1_54' title='bbox 807 459 827 484; x_wconf 89' lang='lat'>«</span> <span class='ocrx_word' id='word_1_55' title='bbox 852 441 1028 486; x_wconf 89' lang='lat' dir='ltr'>Declina</span> <span class='ocrx_word' id='word_1_56' title='bbox 1050 457 1073 485; x_wconf 89' lang='lat' dir='ltr'>a</span> <span class='ocrx_word' id='word_1_57' title='bbox 1097 439 1213 486; x_wconf 86' lang='lat' dir='ltr'>malo</span> <span class='ocrx_word' id='word_1_58' title='bbox 1233 477 1244 497; x_wconf 89' lang='lat'>,</span> <span class='ocrx_word' id='word_1_59' title='bbox 1280 452 1323 486; x_wconf 88' lang='lat' dir='ltr'>ct</span> <span class='ocrx_word' id='word_1_60' title='bbox 1350 441 1417 487; x_wconf 81' lang='lat' dir='ltr'>fac</span> 
     </span>
     <span class='ocr_line' id='line_1_24' title="bbox 31 510 1420 572; baseline 0.005 -21"><span class='ocrx_word' id='word_1_61' title='bbox 31 521 52 551; x_wconf 85' lang='lat'>›·›</span> <span class='ocrx_word' id='word_1_62' title='bbox 86 510 270 555; x_wconf 89' lang='lat' dir='ltr'>bonum.</span> <span class='ocrx_word' id='word_1_63' title='bbox 298 529 319 553; x_wconf 84' lang='lat'>»</span> <span class='ocrx_word' id='word_1_64' title='bbox 356 513 451 565; x_wconf 81' lang='lat' dir='ltr'>Qu&#39;a</span> <span class='ocrx_word' id='word_1_65' title='bbox 479 510 714 556; x_wconf 81' lang='lat' dir='ltr'>mercede?</span> <span class='ocrx_word' id='word_1_66' title='bbox 736 514 845 558; x_wconf 90' lang='lat' dir='ltr'>Nam</span> <span class='ocrx_word' id='word_1_67' title='bbox 861 512 993 557; x_wconf 91' lang='lat' dir='ltr'>modo</span> <span class='ocrx_word' id='word_1_68' title='bbox 1008 527 1189 572; x_wconf 86' lang='lat' dir='ltr'>pugnas.</span> <span class='ocrx_word' id='word_1_69' title='bbox 1217 532 1237 555; x_wconf 90' lang='lat'>«</span> <span class='ocrx_word' id='word_1_70' title='bbox 1263 516 1420 567; x_wconf 77' lang='lat' dir='ltr'>Quaere</span> 
     </span>
     <span class='ocr_line' id='line_1_25' title="bbox 31 581 1418 642; baseline 0.004 -19"><span class='ocrx_word' id='word_1_71' title='bbox 31 590 52 622; x_wconf 75' lang='lat'>5)</span> <span class='ocrx_word' id='word_1_72' title='bbox 87 592 262 641; x_wconf 87' lang='lat' dir='ltr'>pacem,</span> <span class='ocrx_word' id='word_1_73' title='bbox 296 590 338 625; x_wconf 88' lang='lat' dir='ltr'>et</span> <span class='ocrx_word' id='word_1_74' title='bbox 362 588 544 642; x_wconf 83' lang='lat' dir='ltr'>sequere</span> <span class='ocrx_word' id='word_1_75' title='bbox 578 596 689 627; x_wconf 85' lang='lat' dir='ltr'>eam.</span> <span class='ocrx_word' id='word_1_76' title='bbox 719 601 739 625; x_wconf 67' lang='lat'>³)</span> <span class='ocrx_word' id='word_1_77' title='bbox 771 583 895 628; x_wconf 85' lang='lat' dir='ltr'>Disce</span> <span class='ocrx_word' id='word_1_78' title='bbox 912 618 922 634; x_wconf 92' lang='lat'>‚</span> <span class='ocrx_word' id='word_1_79' title='bbox 947 581 1044 639; x_wconf 87' lang='lat' dir='ltr'>dic,</span> <span class='ocrx_word' id='word_1_80' title='bbox 1075 601 1095 625; x_wconf 93' lang='lat'>«</span> <span class='ocrx_word' id='word_1_81' title='bbox 1123 583 1418 629; x_wconf 86' lang='lat' dir='ltr'>Misericordia</span> 
     </span>
     <span class='ocr_line' id='line_1_26' title="bbox 31 651 1420 714; baseline 0.003 -20"><span class='ocrx_word' id='word_1_82' title='bbox 31 655 54 694; x_wconf 71' lang='lat' dir='ltr'>i)</span> <span class='ocrx_word' id='word_1_83' title='bbox 87 666 183 695; x_wconf 86' lang='lat' dir='ltr'>mea</span> <span class='ocrx_word' id='word_1_84' title='bbox 215 661 259 696; x_wconf 89' lang='lat' dir='ltr'>et</span> <span class='ocrx_word' id='word_1_85' title='bbox 295 651 513 712; x_wconf 82' lang='lat' dir='ltr'>refugium</span> <span class='ocrx_word' id='word_1_86' title='bbox 548 664 725 710; x_wconf 83' lang='lat' dir='ltr'>meum,</span> <span class='ocrx_word' id='word_1_87' title='bbox 775 654 997 714; x_wconf 85' lang='lat' dir='ltr'>susceptor</span> <span class='ocrx_word' id='word_1_88' title='bbox 1029 669 1153 698; x_wconf 89' lang='lat' dir='ltr'>meus</span> <span class='ocrx_word' id='word_1_89' title='bbox 1191 663 1235 698; x_wconf 92' lang='lat' dir='ltr'>et</span> <span class='ocrx_word' id='word_1_90' title='bbox 1271 665 1420 700; x_wconf 88' lang='lat' dir='ltr'>erutor</span> 
     </span>
     <span class='ocr_line' id='line_1_27' title="bbox 30 724 1423 785; baseline 0.003 -19"><span class='ocrx_word' id='word_1_91' title='bbox 30 733 52 766; x_wconf 62' lang='grc' dir='ltr'>ς)</span> <span class='ocrx_word' id='word_1_92' title='bbox 85 738 233 781; x_wconf 89' lang='lat' dir='ltr'>meus,</span> <span class='ocrx_word' id='word_1_93' title='bbox 259 733 480 785; x_wconf 85' lang='lat' dir='ltr'>protector</span> <span class='ocrx_word' id='word_1_94' title='bbox 502 739 638 769; x_wconf 90' lang='lat' dir='ltr'>meus.</span> <span class='ocrx_word' id='word_1_95' title='bbox 663 726 897 785; x_wconf 74' lang='lat' dir='ltr'>Susceptor</span> <span class='ocrx_word' id='word_1_96' title='bbox 912 761 923 781; x_wconf 90' lang='lat'>,</span> <span class='ocrx_word' id='word_1_97' title='bbox 937 744 958 767; x_wconf 83' lang='lat'>»</span> <span class='ocrx_word' id='word_1_98' title='bbox 980 739 1036 770; x_wconf 91' lang='lat' dir='ltr'>ne</span> <span class='ocrx_word' id='word_1_99' title='bbox 1057 724 1209 770; x_wconf 88' lang='lat' dir='ltr'>cadam</span> <span class='ocrx_word' id='word_1_100' title='bbox 1231 747 1241 784; x_wconf 79' lang='lat'><em>3</em></span> <span class='ocrx_word' id='word_1_101' title='bbox 1271 746 1290 768; x_wconf 90' lang='lat'>«</span> <span class='ocrx_word' id='word_1_102' title='bbox 1311 729 1423 770; x_wconf 88' lang='lat' dir='ltr'>Eru-</span> 
     </span>
     <span class='ocr_line' id='line_1_28' title="bbox 31 794 1422 852; baseline 0.004 -16"><span class='ocrx_word' id='word_1_103' title='bbox 31 810 52 836; x_wconf 88' lang='lat'>»</span> <span class='ocrx_word' id='word_1_104' title='bbox 86 801 156 839; x_wconf 87' lang='lat' dir='ltr'>tor</span> <span class='ocrx_word' id='word_1_105' title='bbox 173 829 184 850; x_wconf 84' lang='lat'>,</span> <span class='ocrx_word' id='word_1_106' title='bbox 206 812 227 836; x_wconf 87' lang='lat'>»</span> <span class='ocrx_word' id='word_1_107' title='bbox 254 810 308 839; x_wconf 89' lang='lat' dir='ltr'>ne</span> <span class='ocrx_word' id='word_1_108' title='bbox 329 795 545 852; x_wconf 73' lang='lat' dir='ltr'>haeream,</span> <span class='ocrx_word' id='word_1_109' title='bbox 577 814 598 838; x_wconf 90' lang='lat'>«</span> <span class='ocrx_word' id='word_1_110' title='bbox 620 798 872 852; x_wconf 87' lang='lat' dir='ltr'>Protector,</span> <span class='ocrx_word' id='word_1_111' title='bbox 900 814 920 838; x_wconf 88' lang='lat'>»</span> <span class='ocrx_word' id='word_1_112' title='bbox 947 811 1002 840; x_wconf 91' lang='lat' dir='ltr'>ne</span> <span class='ocrx_word' id='word_1_113' title='bbox 1023 794 1166 840; x_wconf 85' lang='lat' dir='ltr'>feriar.</span> <span class='ocrx_word' id='word_1_114' title='bbox 1199 815 1218 840; x_wconf 96' lang='lat'>«</span> <span class='ocrx_word' id='word_1_115' title='bbox 1244 799 1422 841; x_wconf 83' lang='lat' dir='ltr'>Protec-</span> 
     </span>
     <span class='ocr_line' id='line_1_29' title="bbox 30 860 1422 926; baseline 0.004 -20"><span class='ocrx_word' id='word_1_116' title='bbox 30 876 53 906; x_wconf 60' lang='grc' dir='ltr'><strong>ὴ</strong></span> <span class='ocrx_word' id='word_1_117' title='bbox 86 872 155 909; x_wconf 87' lang='lat' dir='ltr'>tor</span> <span class='ocrx_word' id='word_1_118' title='bbox 177 880 321 921; x_wconf 86' lang='lat' dir='ltr'>meus,</span> <span class='ocrx_word' id='word_1_119' title='bbox 342 875 386 910; x_wconf 89' lang='lat' dir='ltr'>et</span> <span class='ocrx_word' id='word_1_120' title='bbox 415 866 461 909; x_wconf 90' lang='lat' dir='ltr'>in</span> <span class='ocrx_word' id='word_1_121' title='bbox 483 865 576 925; x_wconf 86' lang='lat' dir='ltr'>ipso</span> <span class='ocrx_word' id='word_1_122' title='bbox 596 860 777 926; x_wconf 81' lang='lat' dir='ltr'>speravi.</span> <span class='ocrx_word' id='word_1_123' title='bbox 804 884 824 908; x_wconf 83' lang='lat'>&gt;›</span> <span class='ocrx_word' id='word_1_124' title='bbox 854 869 905 911; x_wconf 92' lang='lat' dir='ltr'>In</span> <span class='ocrx_word' id='word_1_125' title='bbox 921 867 989 911; x_wconf 89' lang='lat' dir='ltr'>his</span> <span class='ocrx_word' id='word_1_126' title='bbox 1009 867 1213 912; x_wconf 86' lang='lat' dir='ltr'>omnibus</span> <span class='ocrx_word' id='word_1_127' title='bbox 1228 903 1239 922; x_wconf 94' lang='lat'>,</span> <span class='ocrx_word' id='word_1_128' title='bbox 1259 866 1305 911; x_wconf 92' lang='lat' dir='ltr'>in</span> <span class='ocrx_word' id='word_1_129' title='bbox 1328 876 1422 912; x_wconf 89' lang='lat' dir='ltr'>toto</span> 
     </span>
     <span class='ocr_line' id='line_1_30' title="bbox 26 933 1422 996; baseline 0.003 -18"><span class='ocrx_word' id='word_1_130' title='bbox 26 933 176 979; x_wconf 88' lang='lat' dir='ltr'>labore</span> <span class='ocrx_word' id='word_1_131' title='bbox 210 951 308 980; x_wconf 90' lang='lat' dir='ltr'>meo</span> <span class='ocrx_word' id='word_1_132' title='bbox 328 971 339 991; x_wconf 86' lang='lat'>,</span> <span class='ocrx_word' id='word_1_133' title='bbox 370 936 416 979; x_wconf 92' lang='lat' dir='ltr'>in</span> <span class='ocrx_word' id='word_1_134' title='bbox 439 936 644 981; x_wconf 89' lang='lat' dir='ltr'>omnibus</span> <span class='ocrx_word' id='word_1_135' title='bbox 665 935 823 996; x_wconf 79' lang='lat' dir='ltr'>praeliis</span> <span class='ocrx_word' id='word_1_136' title='bbox 853 937 984 993; x_wconf 90' lang='lat' dir='ltr'>meis,</span> <span class='ocrx_word' id='word_1_137' title='bbox 1010 937 1057 981; x_wconf 90' lang='lat' dir='ltr'>in</span> <span class='ocrx_word' id='word_1_138' title='bbox 1081 936 1284 982; x_wconf 87' lang='lat' dir='ltr'>omnibus</span> <span class='ocrx_word' id='word_1_139' title='bbox 1302 937 1422 982; x_wconf 81' lang='lat' dir='ltr'>diffi-</span> 
     </span>
     <span class='ocr_line' id='line_1_31' title="bbox 14 1005 1424 1069; baseline 0.001 -17"><span class='ocrx_word' id='word_1_140' title='bbox 14 1005 264 1052; x_wconf 84' lang='lat' dir='ltr'>cultatibus</span> <span class='ocrx_word' id='word_1_141' title='bbox 297 1007 403 1052; x_wconf 91' lang='lat' dir='ltr'>meis</span> <span class='ocrx_word' id='word_1_142' title='bbox 435 1008 482 1051; x_wconf 89' lang='lat' dir='ltr'>in</span> <span class='ocrx_word' id='word_1_143' title='bbox 517 1008 611 1067; x_wconf 76' lang='lat' dir='ltr'>ipso</span> <span class='ocrx_word' id='word_1_144' title='bbox 643 1008 827 1068; x_wconf 88' lang='lat' dir='ltr'>speravi.</span> <span class='ocrx_word' id='word_1_145' title='bbox 858 1027 878 1052; x_wconf 91' lang='lat'>«</span> <span class='ocrx_word' id='word_1_146' title='bbox 909 1007 996 1062; x_wconf 92' lang='lat' dir='ltr'>Qui</span> <span class='ocrx_word' id='word_1_147' title='bbox 1026 1008 1177 1053; x_wconf 87' lang='lat' dir='ltr'>subdit</span> <span class='ocrx_word' id='word_1_148' title='bbox 1207 1008 1424 1069; x_wconf 87' lang='lat' dir='ltr'>populum</span> 
     </span>
     <span class='ocr_line' id='line_1_32' title="bbox 31 1078 1424 1140; baseline 0.003 -19"><span class='ocrx_word' id='word_1_149' title='bbox 31 1090 53 1120; x_wconf 73' lang='lat' dir='ltr'>n</span> <span class='ocrx_word' id='word_1_150' title='bbox 86 1093 237 1122; x_wconf 90' lang='lat' dir='ltr'>meum</span> <span class='ocrx_word' id='word_1_151' title='bbox 273 1078 356 1123; x_wconf 92' lang='lat' dir='ltr'>sub</span> <span class='ocrx_word' id='word_1_152' title='bbox 388 1093 474 1123; x_wconf 85' lang='lat' dir='ltr'>me.</span> <span class='ocrx_word' id='word_1_153' title='bbox 508 1091 532 1120; x_wconf 62' lang='lat' dir='ltr'>»i</span> <span class='ocrx_word' id='word_1_154' title='bbox 566 1082 680 1124; x_wconf 86' lang='lat' dir='ltr'>Ecce</span> <span class='ocrx_word' id='word_1_155' title='bbox 715 1088 849 1139; x_wconf 88' lang='lat' dir='ltr'>caput</span> <span class='ocrx_word' id='word_1_156' title='bbox 879 1087 1079 1124; x_wconf 88' lang='lat' dir='ltr'>nostrum</span> <span class='ocrx_word' id='word_1_157' title='bbox 1105 1079 1303 1140; x_wconf 88' lang='lat' dir='ltr'>loquitur</span> <span class='ocrx_word' id='word_1_158' title='bbox 1338 1095 1424 1125; x_wconf 89' lang='lat' dir='ltr'>no-</span> 
     </span>
     <span class='ocr_line' id='line_1_33' title="bbox 27 1149 213 1194; baseline 0 0"><span class='ocrx_word' id='word_1_159' title='bbox 27 1149 213 1194; x_wconf 78' lang='lat' dir='ltr'>hiscum.</span> 
     </span>
    </p>

    <p class='ocr_par' dir='ltr' id='par_1_4' title="bbox 23 1221 1479 2557">
     <span class='ocr_line' id='line_1_34' title="bbox 84 1221 1420 1283; baseline -0.001 -17"><span class='ocrx_word' id='word_1_160' title='bbox 84 1224 142 1266; x_wconf 88' lang='lat' dir='ltr'>X.</span> <span class='ocrx_word' id='word_1_161' title='bbox 165 1221 402 1277; x_wconf 91' lang='lat' dir='ltr'>«Domine,</span> <span class='ocrx_word' id='word_1_162' title='bbox 427 1221 536 1282; x_wconf 88' lang='lat' dir='ltr'>quid</span> <span class='ocrx_word' id='word_1_163' title='bbox 551 1231 615 1266; x_wconf 89' lang='lat' dir='ltr'>cst</span> <span class='ocrx_word' id='word_1_164' title='bbox 634 1222 768 1267; x_wconf 89' lang='lat' dir='ltr'>homo</span> <span class='ocrx_word' id='word_1_165' title='bbox 782 1257 793 1278; x_wconf 92' lang='lat'>,</span> <span class='ocrx_word' id='word_1_166' title='bbox 813 1222 1023 1283; x_wconf 85' lang='lat' dir='ltr'>quoniam</span> <span class='ocrx_word' id='word_1_167' title='bbox 1044 1222 1275 1267; x_wconf 83' lang='lat' dir='ltr'>innotuisti</span> <span class='ocrx_word' id='word_1_168' title='bbox 1297 1223 1420 1267; x_wconf 82' lang='lat' dir='ltr'>ei1‘?»</span> 
     </span>
     <span class='ocr_line' id='line_1_35' title="bbox 29 1292 1425 1354; baseline 0.001 -16"><span class='ocrx_word' id='word_1_169' title='bbox 29 1295 191 1339; x_wconf 89' lang='lat' dir='ltr'>Totum</span> <span class='ocrx_word' id='word_1_170' title='bbox 214 1292 336 1354; x_wconf 89' lang='lat' dir='ltr'>quod</span> <span class='ocrx_word' id='word_1_171' title='bbox 356 1302 443 1349; x_wconf 87' lang='lat' dir='ltr'>est,</span> <span class='ocrx_word' id='word_1_172' title='bbox 468 1294 554 1338; x_wconf 90' lang='lat' dir='ltr'>hoc</span> <span class='ocrx_word' id='word_1_173' title='bbox 571 1303 663 1349; x_wconf 90' lang='lat' dir='ltr'>est,</span> <span class='ocrx_word' id='word_1_174' title='bbox 687 1312 708 1336; x_wconf 93' lang='lat'>«</span> <span class='ocrx_word' id='word_1_175' title='bbox 732 1293 950 1347; x_wconf 85' lang='lat' dir='ltr'>Quoniam</span> <span class='ocrx_word' id='word_1_176' title='bbox 974 1293 1204 1338; x_wconf 84' lang='lat' dir='ltr'>innotuisti</span> <span class='ocrx_word' id='word_1_177' title='bbox 1225 1294 1280 1338; x_wconf 90' lang='lat' dir='ltr'>ei.</span> <span class='ocrx_word' id='word_1_178' title='bbox 1307 1293 1425 1348; x_wconf 90' lang='lat' dir='ltr'>Quid</span> 
     </span>
     <span class='ocr_line' id='line_1_36' title="bbox 33 1363 1421 1425; baseline 0.002 -19"><span class='ocrx_word' id='word_1_179' title='bbox 33 1374 51 1406; x_wconf 68' lang='grc' dir='ltr'><strong>ί</strong></span> <span class='ocrx_word' id='word_1_180' title='bbox 85 1373 151 1409; x_wconf 89' lang='lat' dir='ltr'>est</span> <span class='ocrx_word' id='word_1_181' title='bbox 178 1364 313 1409; x_wconf 90' lang='lat' dir='ltr'>homo</span> <span class='ocrx_word' id='word_1_182' title='bbox 334 1400 345 1420; x_wconf 92' lang='lat'>,</span> <span class='ocrx_word' id='word_1_183' title='bbox 372 1363 581 1425; x_wconf 89' lang='lat' dir='ltr'>quoniam</span> <span class='ocrx_word' id='word_1_184' title='bbox 614 1364 843 1409; x_wconf 81' lang='lat' dir='ltr'>innotuisti</span> <span class='ocrx_word' id='word_1_185' title='bbox 873 1364 941 1423; x_wconf 80' lang='lat' dir='ltr'>ei3</span> <span class='ocrx_word' id='word_1_186' title='bbox 971 1373 1048 1409; x_wconf 87' lang='lat' dir='ltr'>aut</span> <span class='ocrx_word' id='word_1_187' title='bbox 1065 1364 1180 1409; x_wconf 86' lang='lat' dir='ltr'>filius</span> <span class='ocrx_word' id='word_1_188' title='bbox 1200 1365 1390 1410; x_wconf 90' lang='lat' dir='ltr'>hominis</span> <span class='ocrx_word' id='word_1_189' title='bbox 1409 1400 1421 1421; x_wconf 81' lang='lat'><strong><em>‚</em></strong></span> 
     </span>
     <span class='ocr_line' id='line_1_37' title="bbox 32 1435 1421 1495; baseline 0.003 -18"><span class='ocrx_word' id='word_1_190' title='bbox 32 1453 51 1477; x_wconf 90' lang='lat'>»</span> <span class='ocrx_word' id='word_1_191' title='bbox 87 1435 299 1495; x_wconf 85' lang='lat' dir='ltr'>quoniam</span> <span class='ocrx_word' id='word_1_192' title='bbox 322 1435 508 1480; x_wconf 63' lang='lat' dir='ltr'>{estimas</span> <span class='ocrx_word' id='word_1_193' title='bbox 542 1437 674 1479; x_wconf 79' lang='lat' dir='ltr'>eum?</span> <span class='ocrx_word' id='word_1_194' title='bbox 699 1455 718 1477; x_wconf 83' lang='lat'>»</span> <span class='ocrx_word' id='word_1_195' title='bbox 743 1435 945 1480; x_wconf 85' lang='lat' dir='ltr'>AEstimas</span> <span class='ocrx_word' id='word_1_196' title='bbox 978 1451 1079 1480; x_wconf 86' lang='lat' dir='ltr'>eum</span> <span class='ocrx_word' id='word_1_197' title='bbox 1098 1471 1108 1491; x_wconf 91' lang='lat'>,</span> <span class='ocrx_word' id='word_1_198' title='bbox 1141 1436 1251 1480; x_wconf 84' lang='lat' dir='ltr'>tanti</span> <span class='ocrx_word' id='word_1_199' title='bbox 1286 1435 1391 1481; x_wconf 82' lang='lat' dir='ltr'>facis</span> <span class='ocrx_word' id='word_1_200' title='bbox 1410 1472 1421 1491; x_wconf 94' lang='lat'>,</span> 
     </span>
     <span class='ocr_line' id='line_1_38' title="bbox 28 1505 1425 1567; baseline 0.001 -18"><span class='ocrx_word' id='word_1_201' title='bbox 28 1505 140 1550; x_wconf 79' lang='lat' dir='ltr'>tanti</span> <span class='ocrx_word' id='word_1_202' title='bbox 170 1505 323 1565; x_wconf 89' lang='lat' dir='ltr'>pendis</span> <span class='ocrx_word' id='word_1_203' title='bbox 351 1524 359 1550; x_wconf 94' lang='lat'><strong>:</strong></span> <span class='ocrx_word' id='word_1_204' title='bbox 390 1505 586 1560; x_wconf 82' lang='lat' dir='ltr'>ordinas,</span> <span class='ocrx_word' id='word_1_205' title='bbox 613 1505 727 1550; x_wconf 85' lang='lat' dir='ltr'>nosti</span> <span class='ocrx_word' id='word_1_206' title='bbox 749 1505 832 1550; x_wconf 91' lang='lat' dir='ltr'>sub</span> <span class='ocrx_word' id='word_1_207' title='bbox 856 1521 946 1566; x_wconf 89' lang='lat' dir='ltr'>quo</span> <span class='ocrx_word' id='word_1_208' title='bbox 977 1521 1134 1565; x_wconf 85' lang='lat' dir='ltr'>ponas,</span> <span class='ocrx_word' id='word_1_209' title='bbox 1166 1522 1293 1566; x_wconf 88' lang='lat' dir='ltr'>supra</span> <span class='ocrx_word' id='word_1_210' title='bbox 1316 1505 1425 1567; x_wconf 86' lang='lat' dir='ltr'>quid</span> 
     </span>
     <span class='ocr_line' id='line_1_39' title="bbox 23 1575 1420 1636; baseline 0 -16"><span class='ocrx_word' id='word_1_211' title='bbox 23 1581 180 1636; x_wconf 64' lang='lat' dir='ltr'>,ponas</span> <span class='ocrx_word' id='word_1_212' title='bbox 219 1576 464 1620; x_wconf 88' lang='lat' dir='ltr'>AEstimatio</span> <span class='ocrx_word' id='word_1_213' title='bbox 500 1575 617 1619; x_wconf 90' lang='lat' dir='ltr'>enim</span> <span class='ocrx_word' id='word_1_214' title='bbox 645 1584 736 1631; x_wconf 90' lang='lat' dir='ltr'>est,</span> <span class='ocrx_word' id='word_1_215' title='bbox 777 1575 931 1636; x_wconf 85' lang='lat' dir='ltr'>quanti</span> <span class='ocrx_word' id='word_1_216' title='bbox 966 1577 1092 1635; x_wconf 87' lang='lat' dir='ltr'>pretii</span> <span class='ocrx_word' id='word_1_217' title='bbox 1120 1576 1173 1620; x_wconf 89' lang='lat' dir='ltr'>sit</span> <span class='ocrx_word' id='word_1_218' title='bbox 1209 1577 1420 1636; x_wconf 82' lang='lat' dir='ltr'>quidque.</span> 
     </span>
     <span class='ocr_line' id='line_1_40' title="bbox 30 1646 1426 1706; baseline 0 -15"><span class='ocrx_word' id='word_1_219' title='bbox 30 1647 194 1701; x_wconf 85' lang='lat' dir='ltr'>Quanti</span> <span class='ocrx_word' id='word_1_220' title='bbox 223 1646 452 1691; x_wconf 78' lang='lat' dir='ltr'>aestimavit</span> <span class='ocrx_word' id='word_1_221' title='bbox 471 1646 696 1690; x_wconf 87' lang='lat' dir='ltr'>hominem</span> <span class='ocrx_word' id='word_1_222' title='bbox 712 1681 722 1701; x_wconf 92' lang='lat'>,</span> <span class='ocrx_word' id='word_1_223' title='bbox 749 1647 825 1706; x_wconf 90' lang='lat' dir='ltr'>qui</span> <span class='ocrx_word' id='word_1_224' title='bbox 847 1661 926 1706; x_wconf 90' lang='lat' dir='ltr'>pro</span> <span class='ocrx_word' id='word_1_225' title='bbox 948 1662 999 1691; x_wconf 92' lang='lat' dir='ltr'>eo</span> <span class='ocrx_word' id='word_1_226' title='bbox 1022 1646 1147 1690; x_wconf 88' lang='lat' dir='ltr'>Unici</span> <span class='ocrx_word' id='word_1_227' title='bbox 1168 1647 1426 1706; x_wconf 80' lang='lat' dir='ltr'>sanguinem</span> 
     </span>
     <span class='ocr_line' id='line_1_41' title="bbox 31 1715 1425 1778; baseline 0 -16"><span class='ocrx_word' id='word_1_228' title='bbox 31 1715 178 1762; x_wconf 77' lang='lat' dir='ltr'>fudit?</span> <span class='ocrx_word' id='word_1_229' title='bbox 205 1735 221 1756; x_wconf 87' lang='lat'><strong><em>«</em></strong></span> <span class='ocrx_word' id='word_1_230' title='bbox 235 1717 356 1771; x_wconf 84' lang='lat' dir='ltr'>Quid</span> <span class='ocrx_word' id='word_1_231' title='bbox 367 1725 430 1761; x_wconf 87' lang='lat' dir='ltr'>est</span> <span class='ocrx_word' id='word_1_232' title='bbox 443 1717 593 1772; x_wconf 87' lang='lat' dir='ltr'>homo,</span> <span class='ocrx_word' id='word_1_233' title='bbox 614 1716 822 1776; x_wconf 82' lang='lat' dir='ltr'>quoniam</span> <span class='ocrx_word' id='word_1_234' title='bbox 838 1716 1068 1761; x_wconf 85' lang='lat' dir='ltr'>innotuisti</span> <span class='ocrx_word' id='word_1_235' title='bbox 1085 1717 1150 1761; x_wconf 75' lang='lat' dir='ltr'>ei?</span> <span class='ocrx_word' id='word_1_236' title='bbox 1169 1737 1187 1758; x_wconf 89' lang='lat'>»</span> <span class='ocrx_word' id='word_1_237' title='bbox 1208 1717 1307 1771; x_wconf 91' lang='lat' dir='ltr'>Cui,</span> <span class='ocrx_word' id='word_1_238' title='bbox 1329 1719 1425 1778; x_wconf 87' lang='lat' dir='ltr'>quis</span> 
     </span>
     <span class='ocr_line' id='line_1_42' title="bbox 30 1787 1426 1848; baseline -0.001 -15"><span class='ocrx_word' id='word_1_239' title='bbox 30 1788 291 1833; x_wconf 74' lang='lat' dir='ltr'>innotuisti?</span> <span class='ocrx_word' id='word_1_240' title='bbox 323 1788 441 1841; x_wconf 85' lang='lat' dir='ltr'>Quid</span> <span class='ocrx_word' id='word_1_241' title='bbox 462 1797 527 1832; x_wconf 87' lang='lat' dir='ltr'>est</span> <span class='ocrx_word' id='word_1_242' title='bbox 553 1805 572 1828; x_wconf 89' lang='lat'>«</span> <span class='ocrx_word' id='word_1_243' title='bbox 597 1787 735 1831; x_wconf 86' lang='lat' dir='ltr'>Filius</span> <span class='ocrx_word' id='word_1_244' title='bbox 767 1788 978 1844; x_wconf 89' lang='lat' dir='ltr'>hominis,</span> <span class='ocrx_word' id='word_1_245' title='bbox 1009 1788 1219 1848; x_wconf 86' lang='lat' dir='ltr'>quoniam</span> <span class='ocrx_word' id='word_1_246' title='bbox 1239 1789 1426 1833; x_wconf 75' lang='lat' dir='ltr'>aestimas</span> 
     </span>
     <span class='ocr_line' id='line_1_43' title="bbox 36 1858 1423 1918; baseline 0.001 -17"><span class='ocrx_word' id='word_1_247' title='bbox 36 1865 55 1901; x_wconf 62' lang='lat' dir='ltr'>i&gt;</span> <span class='ocrx_word' id='word_1_248' title='bbox 89 1861 222 1903; x_wconf 77' lang='lat' dir='ltr'>eum?</span> <span class='ocrx_word' id='word_1_249' title='bbox 243 1879 261 1900; x_wconf 89' lang='lat'>»</span> <span class='ocrx_word' id='word_1_250' title='bbox 287 1858 502 1913; x_wconf 81' lang='lat' dir='ltr'>Quoniam</span> <span class='ocrx_word' id='word_1_251' title='bbox 526 1858 636 1902; x_wconf 82' lang='lat' dir='ltr'>tanti</span> <span class='ocrx_word' id='word_1_252' title='bbox 658 1873 758 1902; x_wconf 91' lang='lat' dir='ltr'>eum</span> <span class='ocrx_word' id='word_1_253' title='bbox 775 1858 952 1918; x_wconf 90' lang='lat' dir='ltr'>pendis,</span> <span class='ocrx_word' id='word_1_254' title='bbox 972 1859 1083 1902; x_wconf 83' lang='lat' dir='ltr'>tanti</span> <span class='ocrx_word' id='word_1_255' title='bbox 1099 1873 1200 1902; x_wconf 92' lang='lat' dir='ltr'>eum</span> <span class='ocrx_word' id='word_1_256' title='bbox 1221 1860 1423 1915; x_wconf 77' lang='lat' dir='ltr'>aestimas,</span> 
     </span>
     <span class='ocr_line' id='line_1_44' title="bbox 30 1927 1479 1990; baseline 0 -16"><span class='ocrx_word' id='word_1_257' title='bbox 30 1930 270 1990; x_wconf 75' lang='lat' dir='ltr'>pretiosum</span> <span class='ocrx_word' id='word_1_258' title='bbox 291 1928 499 1990; x_wconf 83' lang='lat' dir='ltr'>quiddam</span> <span class='ocrx_word' id='word_1_259' title='bbox 518 1943 608 1972; x_wconf 87' lang='lat' dir='ltr'>esse</span> <span class='ocrx_word' id='word_1_260' title='bbox 629 1927 834 1973; x_wconf 83' lang='lat' dir='ltr'>ostendis.</span> <span class='ocrx_word' id='word_1_261' title='bbox 858 1931 958 1974; x_wconf 86' lang='lat' dir='ltr'>Non</span> <span class='ocrx_word' id='word_1_262' title='bbox 974 1929 1090 1972; x_wconf 90' lang='lat' dir='ltr'>enim</span> <span class='ocrx_word' id='word_1_263' title='bbox 1107 1931 1221 1973; x_wconf 90' lang='lat' dir='ltr'>Deus</span> <span class='ocrx_word' id='word_1_264' title='bbox 1237 1929 1296 1974; x_wconf 91' lang='lat' dir='ltr'>sic</span> <span class='ocrx_word' id='word_1_265' title='bbox 1317 1930 1425 1974; x_wconf 72' lang='lat' dir='ltr'>aesti-</span> <span class='ocrx_word' id='word_1_266' title='bbox 1475 1928 1479 1933; x_wconf 71' lang='grc'><em>’</em></span> 
     </span>
     <span class='ocr_line' id='line_1_45' title="bbox 31 1999 1426 2062; baseline 0 -16"><span class='ocrx_word' id='word_1_267' title='bbox 31 2011 120 2046; x_wconf 86' lang='lat' dir='ltr'>mat</span> <span class='ocrx_word' id='word_1_268' title='bbox 141 2001 383 2056; x_wconf 87' lang='lat' dir='ltr'>hominem,</span> <span class='ocrx_word' id='word_1_269' title='bbox 399 1999 623 2061; x_wconf 85' lang='lat' dir='ltr'>quomodo</span> <span class='ocrx_word' id='word_1_270' title='bbox 634 2001 768 2045; x_wconf 90' lang='lat' dir='ltr'>homo</span> <span class='ocrx_word' id='word_1_271' title='bbox 783 2000 969 2045; x_wconf 81' lang='lat' dir='ltr'>aestimat</span> <span class='ocrx_word' id='word_1_272' title='bbox 985 2000 1231 2045; x_wconf 87' lang='lat' dir='ltr'>hominem:</span> <span class='ocrx_word' id='word_1_273' title='bbox 1248 2001 1426 2062; x_wconf 85' lang='lat' dir='ltr'>quando</span> 
     </span>
     <span class='ocr_line' id='line_1_46' title="bbox 29 2071 1424 2133; baseline -0.001 -15"><span class='ocrx_word' id='word_1_274' title='bbox 29 2073 198 2118; x_wconf 78' lang='lat' dir='ltr'>invenit</span> <span class='ocrx_word' id='word_1_275' title='bbox 223 2087 395 2117; x_wconf 84' lang='lat' dir='ltr'>servum</span> <span class='ocrx_word' id='word_1_276' title='bbox 423 2071 621 2116; x_wconf 81' lang='lat' dir='ltr'>venalem</span> <span class='ocrx_word' id='word_1_277' title='bbox 629 2107 644 2127; x_wconf 81' lang='grc'>,</span> <span class='ocrx_word' id='word_1_278' title='bbox 668 2071 810 2116; x_wconf 85' lang='lat' dir='ltr'>carius</span> <span class='ocrx_word' id='word_1_279' title='bbox 833 2072 938 2115; x_wconf 86' lang='lat' dir='ltr'>emit</span> <span class='ocrx_word' id='word_1_280' title='bbox 959 2087 1123 2133; x_wconf 84' lang='lat' dir='ltr'>equum</span> <span class='ocrx_word' id='word_1_281' title='bbox 1140 2107 1151 2128; x_wconf 84' lang='lat'>,</span> <span class='ocrx_word' id='word_1_282' title='bbox 1184 2088 1318 2133; x_wconf 85' lang='lat' dir='ltr'>quam</span> <span class='ocrx_word' id='word_1_283' title='bbox 1340 2074 1424 2118; x_wconf 93' lang='lat' dir='ltr'>ho-</span> 
     </span>
     <span class='ocr_line' id='line_1_47' title="bbox 44 2141 1424 2203; baseline 0.001 -16"><span class='ocrx_word' id='word_1_284' title='bbox 44 2165 51 2184; x_wconf 88' lang='lat'>·</span> <span class='ocrx_word' id='word_1_285' title='bbox 78 2143 211 2187; x_wconf 91' lang='lat' dir='ltr'>inem.</span> <span class='ocrx_word' id='word_1_286' title='bbox 234 2142 314 2187; x_wconf 90' lang='lat' dir='ltr'>Ille</span> <span class='ocrx_word' id='word_1_287' title='bbox 335 2145 489 2203; x_wconf 86' lang='lat' dir='ltr'>quanti</span> <span class='ocrx_word' id='word_1_288' title='bbox 512 2151 555 2186; x_wconf 88' lang='lat' dir='ltr'>te</span> <span class='ocrx_word' id='word_1_289' title='bbox 575 2142 760 2186; x_wconf 65' lang='lat' dir='ltr'>:aestimet</span> <span class='ocrx_word' id='word_1_290' title='bbox 779 2141 901 2197; x_wconf 91' lang='lat' dir='ltr'>vide,</span> <span class='ocrx_word' id='word_1_291' title='bbox 926 2151 977 2186; x_wconf 90' lang='lat' dir='ltr'>ut</span> <span class='ocrx_word' id='word_1_292' title='bbox 998 2143 1130 2202; x_wconf 91' lang='lat' dir='ltr'>possis</span> <span class='ocrx_word' id='word_1_293' title='bbox 1152 2141 1323 2188; x_wconf 86' lang='lat' dir='ltr'>dicere:</span> <span class='ocrx_word' id='word_1_294' title='bbox 1345 2162 1362 2183; x_wconf 88' lang='lat'><strong><em>«</em></strong></span> <span class='ocrx_word' id='word_1_295' title='bbox 1382 2144 1424 2189; x_wconf 89' lang='lat' dir='ltr'>Si</span> 
     </span>
     <span class='ocr_line' id='line_1_48' title="bbox 37 2213 1424 2274; baseline 0.001 -17"><span class='ocrx_word' id='word_1_296' title='bbox 37 2222 56 2257; x_wconf 65' lang='grc' dir='ltr'>ί)</span> <span class='ocrx_word' id='word_1_297' title='bbox 91 2217 208 2259; x_wconf 91' lang='lat' dir='ltr'>Deus</span> <span class='ocrx_word' id='word_1_298' title='bbox 229 2229 309 2274; x_wconf 88' lang='lat' dir='ltr'>pro</span> <span class='ocrx_word' id='word_1_299' title='bbox 330 2213 478 2268; x_wconf 87' lang='lat' dir='ltr'>nobis,</span> <span class='ocrx_word' id='word_1_300' title='bbox 510 2213 607 2273; x_wconf 89' lang='lat' dir='ltr'>quis</span> <span class='ocrx_word' id='word_1_301' title='bbox 633 2222 784 2258; x_wconf 84' lang='lat' dir='ltr'>contra</span> <span class='ocrx_word' id='word_1_302' title='bbox 807 2215 915 2258; x_wconf 79' lang='lat' dir='ltr'>nos?</span> <span class='ocrx_word' id='word_1_303' title='bbox 938 2233 955 2255; x_wconf 91' lang='lat'>»</span> <span class='ocrx_word' id='word_1_304' title='bbox 980 2217 1037 2258; x_wconf 90' lang='lat' dir='ltr'>Et</span> <span class='ocrx_word' id='word_1_305' title='bbox 1059 2215 1213 2274; x_wconf 84' lang='lat' dir='ltr'>quanti</span> <span class='ocrx_word' id='word_1_306' title='bbox 1240 2223 1284 2258; x_wconf 91' lang='lat' dir='ltr'>te</span> <span class='ocrx_word' id='word_1_307' title='bbox 1305 2215 1424 2259; x_wconf 76' lang='lat' dir='ltr'>aesti-</span> 
     </span>
     <span class='ocr_line' id='line_1_49' title="bbox 30 2282 1426 2344; baseline 0.004 -19"><span class='ocrx_word' id='word_1_308' title='bbox 30 2304 51 2326; x_wconf 86' lang='grc' dir='ltr'>ιι</span> <span class='ocrx_word' id='word_1_309' title='bbox 79 2286 164 2330; x_wconf 86' lang='lat' dir='ltr'>avit</span> <span class='ocrx_word' id='word_1_310' title='bbox 182 2320 193 2340; x_wconf 90' lang='lat'>,</span> <span class='ocrx_word' id='word_1_311' title='bbox 218 2303 236 2325; x_wconf 89' lang='lat'>«</span> <span class='ocrx_word' id='word_1_312' title='bbox 262 2284 349 2338; x_wconf 90' lang='lat' dir='ltr'>Qui</span> <span class='ocrx_word' id='word_1_313' title='bbox 378 2282 488 2328; x_wconf 87' lang='lat' dir='ltr'>Filio</span> <span class='ocrx_word' id='word_1_314' title='bbox 514 2283 691 2343; x_wconf 83' lang='lat' dir='ltr'>proprio</span> <span class='ocrx_word' id='word_1_315' title='bbox 722 2299 812 2328; x_wconf 90' lang='lat' dir='ltr'>non</span> <span class='ocrx_word' id='word_1_316' title='bbox 843 2285 1064 2344; x_wconf 83' lang='lat' dir='ltr'>pepercit,</span> <span class='ocrx_word' id='word_1_317' title='bbox 1096 2284 1171 2328; x_wconf 88' lang='lat' dir='ltr'>sed</span> <span class='ocrx_word' id='word_1_318' title='bbox 1199 2301 1278 2344; x_wconf 71' lang='lat' dir='ltr'>pro</span> <span class='ocrx_word' id='word_1_319' title='bbox 1300 2286 1426 2330; x_wconf 90' lang='lat' dir='ltr'>nobis</span> 
     </span>
     <span class='ocr_line' id='line_1_50' title="bbox 38 2353 1428 2408; baseline 0.002 -10"><span class='ocrx_word' id='word_1_320' title='bbox 38 2375 56 2398; x_wconf 84' lang='grc'>»</span> <span class='ocrx_word' id='word_1_321' title='bbox 91 2356 298 2401; x_wconf 89' lang='lat' dir='ltr'>omnibus</span> <span class='ocrx_word' id='word_1_322' title='bbox 320 2353 501 2399; x_wconf 84' lang='lat' dir='ltr'>tradidit</span> <span class='ocrx_word' id='word_1_323' title='bbox 528 2356 660 2398; x_wconf 78' lang='lat' dir='ltr'>eum?</span> <span class='ocrx_word' id='word_1_324' title='bbox 683 2355 915 2408; x_wconf 90' lang='lat' dir='ltr'>Quomodo</span> <span class='ocrx_word' id='word_1_325' title='bbox 939 2371 1029 2400; x_wconf 90' lang='lat' dir='ltr'>non</span> <span class='ocrx_word' id='word_1_326' title='bbox 1052 2364 1096 2399; x_wconf 87' lang='lat' dir='ltr'>et</span> <span class='ocrx_word' id='word_1_327' title='bbox 1117 2370 1218 2399; x_wconf 89' lang='lat' dir='ltr'>cum</span> <span class='ocrx_word' id='word_1_328' title='bbox 1237 2355 1313 2400; x_wconf 86' lang='lat' dir='ltr'>illo</span> <span class='ocrx_word' id='word_1_329' title='bbox 1332 2370 1428 2401; x_wconf 48' lang='lat' dir='ltr'>om*</span> 
     </span>
     <span class='ocr_line' id='line_1_51' title="bbox 32 2424 1430 2487; baseline 0.002 -19"><span class='ocrx_word' id='word_1_330' title='bbox 32 2445 56 2468; x_wconf 69' lang='lat'>»›</span> <span class='ocrx_word' id='word_1_331' title='bbox 91 2426 164 2470; x_wconf 82' lang='lat' dir='ltr'>nia</span> <span class='ocrx_word' id='word_1_332' title='bbox 197 2425 324 2470; x_wconf 90' lang='lat' dir='ltr'>nobis</span> <span class='ocrx_word' id='word_1_333' title='bbox 356 2424 594 2468; x_wconf 73' lang='lat' dir='ltr'>donavit²P</span> <span class='ocrx_word' id='word_1_334' title='bbox 620 2445 637 2465; x_wconf 91' lang='lat'>»</span> <span class='ocrx_word' id='word_1_335' title='bbox 663 2425 747 2478; x_wconf 85' lang='lat' dir='ltr'>Qui</span> <span class='ocrx_word' id='word_1_336' title='bbox 781 2426 896 2470; x_wconf 84' lang='lat' dir='ltr'>hanc</span> <span class='ocrx_word' id='word_1_337' title='bbox 923 2440 1141 2470; x_wconf 82' lang='lat' dir='ltr'>annonam</span> <span class='ocrx_word' id='word_1_338' title='bbox 1165 2424 1286 2470; x_wconf 84' lang='lat' dir='ltr'>dedit</span> <span class='ocrx_word' id='word_1_339' title='bbox 1315 2443 1430 2487; x_wconf 84' lang='lat' dir='ltr'>pug-</span> 
     </span>
     <span class='ocr_line' id='line_1_52' title="bbox 23 2494 1429 2557; baseline 0.001 -16"><span class='ocrx_word' id='word_1_340' title='bbox 23 2544 25 2548; x_wconf 21' lang='lat' dir='ltr'><strong>f</strong></span> <span class='ocrx_word' id='word_1_341' title='bbox 67 2497 181 2552; x_wconf 83' lang='lat' dir='ltr'>anti,</span> <span class='ocrx_word' id='word_1_342' title='bbox 201 2495 309 2557; x_wconf 88' lang='lat' dir='ltr'>quid</span> <span class='ocrx_word' id='word_1_343' title='bbox 330 2504 471 2541; x_wconf 85' lang='lat' dir='ltr'>servat</span> <span class='ocrx_word' id='word_1_344' title='bbox 492 2494 719 2539; x_wconf 75' lang='lat' dir='ltr'>vincenti?</span> <span class='ocrx_word' id='word_1_345' title='bbox 741 2513 758 2535; x_wconf 94' lang='lat'>«</span> <span class='ocrx_word' id='word_1_346' title='bbox 784 2498 876 2554; x_wconf 70' lang='lat' dir='ltr'>Ego</span> <span class='ocrx_word' id='word_1_347' title='bbox 891 2511 986 2541; x_wconf 89' lang='lat' dir='ltr'>sum</span> <span class='ocrx_word' id='word_1_348' title='bbox 1000 2528 1014 2552; x_wconf 78' lang='lat'>,</span> <span class='ocrx_word' id='word_1_349' title='bbox 1029 2496 1192 2556; x_wconf 80' lang='lat' dir='ltr'>inquit,</span> <span class='ocrx_word' id='word_1_350' title='bbox 1219 2497 1341 2556; x_wconf 83' lang='lat' dir='ltr'>panis</span> <span class='ocrx_word' id='word_1_351' title='bbox 1362 2500 1429 2544; x_wconf 86' lang='lat' dir='ltr'>vi-</span> 
     </span>
    </p>
   </div>
   <div class='ocr_carea' id='block_1_4' title="bbox 20 2578 836 2623">
    <p class='ocr_par' dir='ltr' id='par_1_5' title="bbox 20 2578 836 2623">
     <span class='ocr_line' id='line_1_53' title="bbox 20 2578 836 2623; baseline 0 -10"><span class='ocrx_word' id='word_1_352' title='bbox 20 2580 25 2594; x_wconf 76' lang='grc'><strong>”</strong></span> <span class='ocrx_word' id='word_1_353' title='bbox 83 2587 91 2604; x_wconf 91' lang='lat'>¹</span> <span class='ocrx_word' id='word_1_354' title='bbox 118 2580 200 2613; x_wconf 78' lang='lat' dir='ltr'>Psal.</span> <span class='ocrx_word' id='word_1_355' title='bbox 219 2591 327 2623; x_wconf 70' lang='lat' dir='ltr'>cnm,</span> <span class='ocrx_word' id='word_1_356' title='bbox 348 2579 379 2613; x_wconf 85' lang='lat'>3.</span> <span class='ocrx_word' id='word_1_357' title='bbox 405 2596 448 2603; x_wconf 87' lang='lat'><em>—</em></span> <span class='ocrx_word' id='word_1_358' title='bbox 468 2586 482 2602; x_wconf 84' lang='lat'>²</span> <span class='ocrx_word' id='word_1_359' title='bbox 503 2582 594 2613; x_wconf 86' lang='lat' dir='ltr'>Rom.</span> <span class='ocrx_word' id='word_1_360' title='bbox 616 2584 688 2622; x_wconf 83' lang='lat' dir='ltr'>v&#39;nr,</span> <span class='ocrx_word' id='word_1_361' title='bbox 707 2578 763 2621; x_wconf 84' lang='lat'>31,</span> <span class='ocrx_word' id='word_1_362' title='bbox 782 2580 836 2613; x_wconf 76' lang='lat'>32&#39;.</span> 
     </span>
    </p>
   </div>
   <div class='ocr_carea' id='block_1_5' title="bbox 1167 2635 1234 2676">
    <p class='ocr_par' dir='ltr' id='par_1_6' title="bbox 1167 2635 1234 2676">
     <span class='ocr_line' id='line_1_54' title="bbox 1167 2635 1234 2676; baseline 0.03 -2"><span class='ocrx_word' id='word_1_363' title='bbox 1167 2635 1234 2676; x_wconf 79' lang='lat'>28.</span> 
     </span>
    </p>
   </div>
  </div>
 </body>
</html>
