1815 3253
349 222 439 261 272
790 233 823 258 s.
859 228 1089 260 AUGUSTINI
1121 232 1304 259 13121500121

353 315 374 338 >›
410 295 607 341 cundum
629 294 836 340 saeculum
860 294 1015 339 mundi
1043 295 1175 355 hujus
1191 330 1202 351 ,
1233 293 1474 339 secundum
1496 295 1754 354 principem

353 384 373 408 »
408 366 630 426 potestatis
657 366 764 410 ae‘ris
791 366 921 426 hujus
940 400 952 421 ,
982 365 1154 424 spiritus
1180 365 1255 425 qui
1293 380 1412 409 nunc
1449 374 1653 424 operatur
1689 365 1738 409 in

355 456 372 478 »
409 435 507 479 filiis
534 435 813 491 diffidentiae,
839 435 885 479 in
913 434 1072 495 quibus
1106 443 1149 478 et
1169 449 1269 490 nos,
1300 434 1444 494 inquit
1462 469 1473 489 ,
1499 433 1736 495 aliquando

353 524 373 547 »
408 506 648 551 conversati
670 521 819 550 sumus
837 509 865 549 ¹.
889 524 909 546 υ
935 503 1138 549 Ostendit
1153 520 1197 548 se
1227 504 1504 564 redemptum
1526 504 1580 548 de
1600 505 1739 562 Baby·
1780 534 1784 539 -
1812 517 1815 542 ί

348 575 467 621 lonia
485 576 666 636 coepisse
684 577 774 636 jam
792 576 921 619 exire.
938 574 1023 619 Sed
1046 585 1186 618 tamen
1203 574 1346 619 adhuc
1360 573 1467 634 quid
1480 574 1612 618 dicit?
1630 574 1738 628 Quia
1812 574 1815 587 '

350 662 452 691 cum
468 647 666 691 hostibus
697 646 852 689 nostris
880 644 1169 703 confligimus.
1201 648 1258 689 Et
1279 660 1334 688 ne
1350 646 1584 689 irascamur
1601 645 1738 689 homi-

351 716 482 761 nibus
496 752 506 771 ,
523 717 599 777 qui
617 716 742 760 nobis
759 716 963 773 ingerunt
977 715 1310 775 persecutiones,
1331 715 1435 759 tulit
1451 716 1739 760 intentionem
1779 739 1782 747 ·

347 796 544 831 nostram
563 785 795 845 Apostolus
818 786 872 829 ab
897 785 997 830 odio
1014 785 1259 839 hominum,
1285 784 1493 830 etdirexit
1513 785 1559 829 in
1575 785 1740 830 luctam
1778 817 1779 821 ,
1811 798 1812 802 ’

351 857 644 917 quorumdam
670 857 902 916 spirituum
920 892 931 913 ,
957 872 1067 917 quos
1088 873 1178 901 non
1202 857 1421 912 videmus,
1453 866 1496 901 et
1517 872 1617 901 cum
1638 856 1740 916 ipsis

348 927 638 987 confligimus.
657 927 730 971 Ait
751 927 868 971 enim
890 946 898 972 :
927 946 947 970 α
964 930 1062 973 Non
1083 936 1147 971 est
1162 927 1284 972 vobis
1307 927 1558 971 colluctatio
1585 925 1734 971 adver-

350 1016 371 1040 »
406 1014 477 1043 sus
505 1013 678 1042 carnem
707 1007 750 1042 et
780 998 1063 1057 sanguinem,
1091 998 1175 1042 »id
1198 1007 1287 1053 est,
1314 997 1517 1043 adversus
1536 997 1734 1042 homines

348 1085 457 1129 quos
482 1069 638 1113 videtis
655 1103 665 1124 ,
685 1084 708 1112 a
731 1069 890 1128 quibus
909 1069 1021 1113 mala
1046 1068 1254 1113 videmini
1276 1070 1392 1128 pati,
1418 1069 1494 1130 qui
1516 1068 1636 1114 vobis
1657 1068 1734 1111 im-

350 1148 527 1199 portant
552 1139 871 1198 persecutiones
891 1158 900 1184 :
931 1154 1032 1183 nam
1060 1154 1138 1198 pro
1159 1139 1259 1198 ipsis
1289 1155 1411 1183 orare
1430 1139 1638 1199 praecepti
1659 1154 1734 1182 su-

349 1225 463 1254 mus.
487 1228 506 1251 «
526 1212 624 1254 Non
645 1219 710 1253 est
729 1210 852 1254 vobis
866 1244 877 1264 ,
901 1209 1061 1269 inquit,
1078 1208 1328 1254 colluctatio
1343 1211 1546 1255 adversus
1561 1224 1735 1254 carnem

353 1297 374 1322 »
411 1288 454 1323 et
477 1279 760 1338 sanguinem,
785 1279 833 1322 id
857 1287 920 1323 est
936 1313 948 1334 ,
972 1278 1176 1323 adversus
1198 1280 1395 1323 homines
1415 1299 1423 1324 ε
1442 1280 1518 1324 sed
1531 1280 1735 1324 adversus

351 1368 372 1392 »
408 1350 645 1409 principes,
665 1359 707 1394 et
723 1358 971 1409 potestates,
998 1359 1041 1393 et
1057 1359 1243 1394 rectores
1265 1350 1437 1406 mundi,
1455 1351 1735 1395 tenebrarum

350 1438 370 1462 >›
406 1421 564 1465 harum
577 1422 610 1464 ².
638 1438 658 1462 »
682 1419 793 1473 Quid
808 1419 940 1475 dixit,
965 1419 1149 1464 mundi?
1171 1419 1436 1464 Dilectorum
1454 1420 1624 1464 mundi.
1647 1422 1736 1464 Hos
1771 1468 1775 1479 Ι
1811 1436 1815 1462 i

348 1489 584 1550 appellavit
606 1500 649 1534 et
664 1490 886 1545 tenebras,
903 1489 949 1534 id
969 1499 1033 1534 est
1050 1525 1060 1545 ,
1078 1489 1273 1550 iniquos,
1298 1490 1525 1535 sceleratos
1540 1525 1551 1545 ,
1574 1489 1735 1533 infide-
1802 1480 1803 1485 ¹

349 1561 410 1605 les
428 1596 439 1616 ,
470 1570 716 1620 peccatores
750 1580 759 1605 ;
784 1560 944 1621 quibus
963 1561 1054 1620 jam
1080 1559 1358 1604 credentibus
1385 1559 1626 1618 gratulatur
1650 1560 1735 1604 hoc

349 1632 482 1676 modo
498 1666 509 1687 ,
528 1641 578 1675 ut
592 1631 709 1676 dicat
730 1651 739 1676 ε
772 1650 792 1673 «
814 1631 970 1674 Fuistis
987 1631 1103 1674 enim
1123 1630 1357 1690 aliquando
1375 1631 1568 1675 tenebrae
1585 1666 1596 1686 ,
1617 1646 1735 1675 nunc
1796 1631 1815 1695 'l

353 1720 374 1744 »
411 1711 556 1746 autem
588 1702 662 1745 lux
686 1701 732 1745 in
768 1701 994 1745 Domin0³.
1023 1718 1043 1741 »
1071 1703 1187 1759 Ergo
1213 1701 1439 1745 constituit
1470 1717 1547 1745 nos
1572 1701 1736 1745 luctam
1805 1712 1810 1754 ι

351 1773 513 1817 habere
535 1788 636 1816 cum
669 1771 752 1815 illis
770 1772 1040 1831 principibus
1060 1790 1068 1815 ε
1089 1771 1169 1830 ipsi
1186 1787 1264 1815 nos
1285 1771 1504 1816 duxerunt
1525 1772 1731 1831 captiVOS.

412 1847 490 1888 IX.
510 1843 739 1896 Quomodo
759 1852 905 1887 autem
928 1842 1129 1886 diabolus
1153 1843 1329 1887 intravit
1345 1843 1391 1887 in
1413 1859 1487 1887 cor
1508 1842 1634 1887 Judae
1650 1878 1660 1898 ,
1686 1851 1737 1886 ut
1808 1858 1810 1864 ·

352 1914 544 1959 traderet
564 1914 799 1958 Dominum
818 1915 856 1969 4,
881 1929 970 1957 non
1000 1921 1146 1956 autem
1169 1913 1350 1957 intraret
1370 1948 1380 1968 ,
1410 1913 1490 1958 nisi
1512 1912 1575 1957 illi
1589 1914 1736 1958 locum
1808 1929 1813 1957 ¹.

350 1985 473 2029 daret
490 2004 498 2029 :
522 1984 581 2029 sic
604 1984 730 2028 multi
745 1983 846 2027 mali
861 1983 1059 2028 homines
1078 1983 1133 2027 de
1150 1983 1293 2026 media
1310 1983 1549 2040 Babylonia
1565 1999 1641 2043 per
1656 1983 1736 2028 de-

344 2054 504 2099 sideri‘a
523 2054 711 2099 carnalia
744 2064 787 2098 et
810 2053 958 2097 illicita
983 2053 1129 2097 locum
1156 2052 1301 2097 dando
1325 2053 1500 2097 diabolo
1518 2063 1560 2097 et
1575 2053 1735 2111 angelis

351 2127 442 2185 ejus
472 2127 517 2169 in
538 2125 743 2170 cordibus
765 2125 850 2169 suis
871 2159 881 2179 ,
913 2133 963 2168 ut
988 2125 1033 2168 in
1054 2123 1136 2167 illis
1159 2133 1202 2167 et
1230 2123 1285 2167 de
1304 2123 1385 2167 illis
1402 2134 1629 2184 operetur,
1654 2123 1736 2168 ali-

352 2194 531 2256 quando
553 2196 821 2252 interrogant
839 2210 916 2238 nos
931 2229 941 2248 ,
962 2202 1005 2237 ct
1019 2193 1173 2238 dicunt
1189 2194 1314 2238 nobis
1341 2213 1350 2238 ε
1375 2195 1589 2254 Exponite
1611 2195 1736 2240 nobis

352 2266 580 2310 rationem.
609 2265 768 2323 Pagani
784 2264 979 2324 plerique
998 2263 1152 2307 dicunt
1168 2263 1246 2307 ista
1262 2264 1408 2309 nobis:
1429 2265 1644 2324 Exponite
1666 2281 1737 2310 ra-

354 2336 515 2380 tionem
532 2371 542 2390 ,
578 2350 712 2395 quare
734 2335 854 2379 venit
879 2334 1099 2386 Christus,
1133 2342 1177 2378 et
1202 2333 1309 2394 quid
1346 2333 1512 2393 profuit
1540 2335 1736 2380 Christus

351 2408 498 2467 generi
521 2408 744 2451 humano?
762 2409 916 2451 Nonne
942 2421 992 2449 ex
1009 2421 1096 2465 quo
1112 2405 1231 2450 venit
1251 2405 1445 2450 Christus
1467 2407 1612 2466 pejora
1634 2415 1737 2451 sunt

349 2478 396 2523 in
417 2479 546 2521 rebus
567 2477 767 2521 humanis
783 2511 793 2529 ,
820 2491 953 2536 quam
976 2474 1156 2520 fuerunt
1176 2485 1300 2520 antea
1317 2511 1328 2532 ,
1347 2486 1389 2520 ct
1403 2475 1613 2521 feliciores
1629 2485 1735 2522 tunc
1765 2489 1769 2529 ι

398 2571 406 2588 ¹
429 2564 544 2607 Ephcs.
561 2574 598 2606 11,
619 2563 690 2597 1—3.
710 2578 752 2587 --
770 2568 783 2586 ²
802 2562 849 2596 Id.
869 2573 914 2603 vx,
945 2570 994 2596 12.
1017 2577 1058 2586 —-
1081 2559 1155 2595 31ε1.
1177 2571 1209 2604 v,
1229 2560 1261 2596 8.
1283 2579 1324 2585 —-
1342 2560 1358 2592 4
1376 2563 1468 2597 Joan.
1490 2572 1558 2604 xm,
1578 2571 1631 2605 27.
