1815 3253
365 183 450 222 382
797 195 832 222 s.
866 189 1099 222 mausum
1130 182 1312 222 Errscom'

359 277 380 301 n
418 267 645 303 transeam.
674 274 694 299 »
731 259 835 302 Haec
863 273 950 303 vox
970 274 1021 302 ex
1051 274 1233 318 persona
1259 257 1431 317 capitis,
1461 276 1481 300 «
1506 257 1745 316 Singularis

362 347 383 370 »
419 343 499 386 ego
524 342 618 372 sum
633 361 645 383 ‚
669 326 809 372 donec
829 337 1058 372 transeam.
1085 347 1106 370 »
1133 328 1250 382 Quid
1271 330 1359 372 est?
1385 347 1405 370 «
1429 327 1689 386 singularis?
1717 332 1751 370 »ι’

357 400 411 441 In
432 398 626 456 passione
647 406 696 441 tu
712 397 828 441 solus
842 399 1000 456 pateris
1014 432 1025 452 ‚
1045 406 1095 441 tu
1109 397 1224 443 solus
1242 397 1447 443 occideris
1465 398 1519 441 ab
1541 398 1750 459 inimicisg'

362 485 384 510 «
419 467 653 525 Singularis
675 482 755 525 ego
778 482 872 511 sum
888 502 898 522 ‚
925 467 1064 512 donec
1084 475 1310 512 transeam.
1333 485 1351 509 n
1373 467 1489 521 Quid
1507 476 1592 522 est,
1616 485 1637 510 «
1652 464 1750 512 Do-¹

356 554 378 579 n
415 552 496 580 nec
519 537 755 580 transeam!
777 556 796 578 n
821 536 1097 594 Evangelista
1128 537 1253 593 dicit,
1283 556 1304 580 «
1338 539 1451 582 Cum
1493 545 1639 580 autem
1669 543 1754 581 ve&

356 607 488 650 nisset
506 608 691 661 hora‚ut
704 610 728 650 J
732 622 827 650 esus
843 607 1045 650 transiret
1061 606 1116 650 de
1127 607 1212 651 hoc
1230 607 1398 651 mundo
1415 604 1470 650 ad
1484 607 1691 650 Patrem¹.
1718 605 1753 647 η’

357 677 476 730 Quid
496 688 560 722 est
578 693 694 734 ergo,
720 696 739 719 «
757 680 904 721 Donec
925 687 1156 732 transeam,
1183 695 1203 718 »
1229 678 1309 721 nisi
1323 677 1378 721 de
1395 679 1479 721 hoc
1501 675 1666 720 mundo
1689 676 1744 721 ad

358 749 564 791 Patrem?
595 750 716 791 Tunc
744 748 858 791 enim
898 739 1152 792 confirmavi
1176 747 1400 791 columnas
1431 747 1549 806 ejus,
1587 745 1634 790 id
1654 754 1743 801 est,

357 815 583 860 columnas
602 826 728 860 terrae
742 850 753 872 ,
773 816 950 876 quando
972 817 1017 860 in
1038 831 1130 860 mea
1154 816 1466 861 resurrectione
1489 814 1617 875 plane
1638 814 1747 859 didi-²-

357 895 512 929 cerunt
533 896 719 931 mortem
748 901 838 931 non
870 896 960 930 esse
993 886 1248 930 timendam.
1285 889 1472 930 «Donec
1502 898 1605 943 ergo
1633 893 1746 928 tran-²

362 973 383 996 »
418 971 557 1011 seam,
579 956 804 1014 singularis
826 971 921 999 sum
944 972 992 1000 z»
1018 971 1119 1000 cum
1137 957 1369 1011 transiero,
1396 953 1744 1014 multiplicabor-3

360 1025 490 1069 multi
511 1041 580 1070 me
601 1026 914 1080 imitabuntur,
938 1025 1067 1070 multi
1089 1027 1309 1085 patientur
1333 1037 1412 1084 pro
1434 1026 1611 1069 nomine
1632 1035 1743 1070 meo.
1780 1032 1782 1041 ¹

362 1099 483 1140 Unus
505 1112 586 1155 ego
610 1111 707 1141 sum
737 1097 876 1141 donec
899 1106 1137 1152 transeam,
1167 1097 1295 1140 multi
1326 1096 1370 1140 in
1397 1111 1467 1140 me
1488 1111 1602 1140 unus
1621 1106 1749 1142 erunt

360 1166 466 1210 dum
488 1168 712 1211 transiero.
742 1186 762 1209 «
790 1167 1025 1226 Singularis
1055 1183 1136 1226 ego
1159 1183 1276 1223 sum,
1302 1167 1441 1212 donec
1465 1176 1695 1211 transeam.
1723 1185 1744 1210 n

360 1237 523 1281 Audite
559 1239 687 1281 etiam
713 1238 969 1294 mysterium
993 1238 1115 1281 verbi
1141 1239 1247 1296 ejus.
1283 1238 1534 1283 Secundum
1567 1241 1749 1296 graecam

360 1446 473 1490 sicut
494 1446 766 1505 interpretati
788 1454 891 1490 sunt
912 1446 988 1506 qui
1010 1455 1242 1500 noverunt,
1261 1441 1423 1491 Pascha
1443 1447 1663 1492 Transitus
1679 1447 1752 1490 ina
1772 1441 1776 1510 ξ
1807 1443 1812 1456 ’

362 1524 640 1575 terpretatur.
679 1518 789 1561 Nam
809 1524 853 1559 et
873 1516 907 1559 si
939 1516 1208 1573 interrogetis
1232 1516 1343 1559 bene
1365 1518 1537 1561 Graecos
1553 1551 1564 1571 ‚
1589 1525 1750 1575 negant

364 1600 555 1644 graecum
576 1601 665 1630 esse
680 1586 857 1629 Pascha.
886 1587 1019 1629 Sonat
1034 1586 1094 1628 ibi
1111 1585 1289 1645 quidem
1305 1593 1453 1636 πάσχειν,
1479 1584 1524 1629 id
1536 1595 1614 1639 est,
1631 1585 1720 1644 pati
1735 1607 1749 1640 ‚·

362 1655 440 1700 sed
461 1672 552 1701 non
573 1655 682 1700 solet
703 1656 762 1699 sic
779 1654 966 1699 deflecti.
994 1657 1136 1700 Passio
1156 1656 1272 1699 enim
1294 1663 1391 1700 πάθος
1406 1670 1543 1714 graece
1564 1656 1722 1700 dicitur
1735 1689 1748 1711 ,

363 1741 453 1770 non
476 1727 655 1770 Pascha.
681 1728 797 1784 Ergo
821 1725 983 1769 Pascha
1001 1759 1012 1779 ‚
1038 1725 1151 1769 sicut
1177 1724 1330 1769 dicunt
1351 1726 1428 1785 qui
1445 1734 1683 1780 noverunt,
1707 1732 1751 1769 et

363 1796 440 1854 qui
462 1795 587 1840 nobis
614 1795 735 1855 quod
754 1795 996 1853 legeremus
1017 1794 1289 1854 interpretati
1310 1804 1412 1839 sunt
1426 1829 1437 1850 ‚
1463 1795 1666 1840 transitus
1684 1795 1753 1838 inu

365 1875 642 1925 terpretatur.
668 1864 773 1909 Ideo
791 1875 972 1909 ventura
995 1866 1190 1924 passione
1209 1865 1380 1911 Domini
1397 1900 1408 1920 ,
1428 1874 1637 1926 tanquam
1658 1866 1753 1924 ipso
1766 1875 1775 1930 l
1804 1892 1805 1898 =

366 1936 500 1980 verbo
519 1936 773 1995 loqueretur
793 1935 1080 1993 Evangelista‚
1097 1937 1239 1980 «Cum
1254 1936 1452 1990 venisset,
1468 1935 1628 1996 inquit,
1647 1937 1752 1979 hora
1814 1951 1815 1954 ¹

372 2027 390 2049 »
408 2017 457 2052 ut
475 2007 674 2052 transiret
688 2009 811 2050 Jesus
829 2005 883 2050 de
900 2007 982 2050 hoc
997 2006 1163 2050 mundo
1180 2006 1235 2050 ad
1254 2010 1440 2050 Patrem.
1465 2007 1659 2050 »Pascha
1681 2005 1751 2050 hic
1804 2041 1806 2047 .

372 2166 393 2189 »
428 2156 658 2191 transeam.
688 2165 707 2187 »
733 2149 834 2189 Post
856 2146 1017 2189 Pascha
1036 2146 1124 2205 jam
1159 2161 1248 2189 non
1269 2161 1343 2189 ero
1377 2145 1603 2204 singularis
1620 2180 1631 2201 ,
1656 2150 1752 2204 post

368 2217 598 2262 transitum
630 2231 720 2259 non
741 2230 815 2258 ero
851 2214 1091 2272 singularis.
1116 2214 1245 2259 Multi
1269 2214 1585 2271 imitabuntur,
1626 2212 1752 2260 multi

1749 813 1756 820 ι

1750 826 1755 836 ο

1752 896 1757 909 1

370 2295 706 2346 consequentur.
728 2288 785 2328 Et
817 2284 851 2327 si
880 2294 1025 2343 postea
1049 2294 1313 2344 sequentur,
1338 2284 1445 2344 quid
1467 2285 1572 2328 erit?
1603 2303 1623 2327 «
1653 2285 1752 2329 Sina-
1804 2299 1815 2327 ει

373 2375 394 2399 »
430 2357 589 2416 gularis
612 2371 693 2414 ego
733 2370 856 2408 sum,
893 2355 1034 2398 donec
1075 2363 1302 2398 transeam.
1332 2373 1352 2395 »
1393 2355 1506 2407 Quid
1543 2354 1751 2415 estquod

370 2427 580 2473 Dominus
630 2425 692 2469 ait
730 2425 776 2469 in
810 2424 894 2469 hoc
946 2423 1140 2480 Psalmo,
1178 2441 1200 2466 «
1233 2423 1472 2483 Singularis
1509 2437 1592 2483 ego
1625 2437 1748 2479 sum,

418 2515 429 2535 ¹
448 2511 541 2543 Joan.
557 2519 629 2551 xm,
647 2519 676 2541 1.

1804 1950 1815 1977 i

368 2093 469 2136 ergo
497 2078 642 2122 sonuit
668 2077 714 2120 in
736 2077 819 2120 hoc
840 2092 989 2131 versu,
1019 2095 1038 2118 α
1071 2075 1305 2134 Singularis
1325 2091 1406 2134 ego
1444 2090 1567 2131 sum,
1612 2075 1754 2120 donec
1806 2091 1815 2118 i

1786 2282 1802 2354 fi

1762 2386 1763 2390 ,
1788 2357 1815 2407 41

1786 2431 1815 2475 112

1765 2493 1769 2530 l

1764 2538 1768 2664 ἒ

1763 2666 1767 2747 Ι

1762 2768 1766 2844 ἓ

1761 2846 1766 2975 ἰ
