1815 3253
402 278 643 310 ENARRATIO
676 282 720 309 nv
753 278 955 309 PsALMUM
987 281 1139 308 cxxm.
1383 269 1438 308 63

53 341 275 402 dixerunt,
310 365 330 390 «
349 348 439 393 Nisi
454 348 555 408 quia
578 348 787 392 Dominus
810 356 901 391 erat
922 348 967 390 in
990 347 1130 391 nobis.
1160 363 1180 387 »
1205 347 1271 391 Sic
1287 361 1439 406 coepe-

0 415 1 452 ἓ
52 427 339 463 runteantare
358 438 365 462 :
383 418 578 463 nondum
594 417 795 462 dixerunt
812 435 835 462 u
844 418 927 462 nde
941 418 1167 471 evaserint,
1189 426 1306 461 tanta
1320 416 1441 461 exul-

52 489 157 534 tatio
179 498 243 534 est
269 508 278 533 ι
297 509 316 531 «
340 489 428 534 Nisi
449 489 550 548 quia
570 489 776 533 Dominus
799 497 892 532 erat
913 489 957 532 in
981 488 1120 532 nobis.
1148 506 1168 528 >›

58 580 63 581 ⁷
113 562 189 604 IV.
214 578 234 601 «
259 559 382 604 Dicat
397 575 516 604 nune
537 559 667 603 lsrael
693 579 701 603 ε
727 559 815 604 Nisi
833 559 935 618 quia
958 558 1166 602 Dominus
1181 566 1273 602 erat
1296 559 1338 602 in
1358 574 1441 602 no-

55 648 76 673 »
113 631 212 676 bis1.
240 649 260 672 »
283 634 409 676 Nune
431 631 560 686 dicat,
577 631 679 691 quia
694 632 785 691 jam
804 630 951 674 evasit.
973 629 1218 675 Evadentes
1236 630 1351 673 enim
1365 665 1375 684 ‚
1392 628 1439 673 id

51 710 114 746 est
133 736 143 757 ,
166 717 238 746 eos
259 701 335 761 qui
347 703 437 761 jam
460 710 688 746 evaserunt
703 737 713 757 ,
734 700 960 746 constituit
980 699 1216 744 intuendos
1241 700 1436 744 psalmus

52 771 145 817 iste.
167 773 492 818 Constituamus
505 771 600 817 illos
623 782 666 817 et
682 788 761 817 nos
777 773 823 816 in
841 770 970 816 corde
983 773 1072 832 jam
1090 771 1439 831 triumphantes3

53 851 97 887 et
117 852 325 903 tanquam
343 834 411 886 'ibi
433 851 478 886 et
498 857 576 887 nos
612 843 768 898 simus,
803 842 913 887 sieut
939 843 985 886 in
1018 842 1240 901 superiore
1268 841 1440 886 Psalmo

53 913 219 958 dictum
237 922 327 971 θεῖς
362 931 382 954 (ι
404 915 576 958 stantes
610 922 734 958 erant
765 912 896 973 pedes
930 913 1065 957 nostri
1097 913 1143 957 in
1166 913 1283 957 atriis
1312 915 1442 956 Jeru-

55 1002 77 1026 »
112 982 285 1028 salem‘2.
320 1002 341 1025 υ
376 983 584 1029 Nondum
612 984 675 1027 ibi
707 993 850 1039 erant,
885 983 960 1028 sed
989 984 1033 1028 in
1056 984 1125 1029 via
1149 993 1272 1028 erant
1297 992 1446 1028 :tanta

55 1064 200 1100 autem
214 1054 363 1099 laetitia
381 1054 787 1099 eratfesiinantium
802 1090 812 1109 ‚
833 1065 876 1098 et
890 1063 1010 1098 tanta
1031 1054 1310 1114 perveniendi
1330 1062 1444 1114 spes‚¹

57 1135 106 1170 ut
127 1124 270 1170 adhuc
283 1126 327 1169 in
342 1127 410 1170 via
424 1126 551 1186 positi
569 1135 611 1170 et
627 1125 875 1169 laborantes
889 1161 900 1180 ‚
915 1126 1004 1185 jam
1020 1125 1102 1169 sibi
1119 1125 1205 1169 illic
1220 1125 1445 1169 constituti

54 1196 321 1241 viderentur.
352 1196 419 1240 Sic
441 1205 484 1240 et
514 1212 632 1240 nunc
656 1211 866 1253 ponamus
902 1212 980 1240 nos
1012 1196 1057 1239 in
1085 1195 1160 1240 illo
1192 1196 1441 1255 triumpho,

55 1267 128 1328 qui
162 1266 244 1310 erit
278 1266 325 1310 in
356 1265 508 1311 futuro
541 1266 727 1322 saeculo,
763 1266 942 1328 quando
976 1266 1282 1311 insultabimus
1313 1266 1445 1311 morti

50 1339 137 1399 jam
157 1338 316 1391 finitae,
338 1338 427 1397 jam
450 1348 721 1398 consumptae
743 1359 753 1396 3
778 1337 958 1399 quando
981 1337 1197 1393 dicemus,
1227 1357 1247 1380 «
1279 1338 1360 1382 Ubi
1378 1346 1443 1382 est

59 1426 79 1451 »
116 1425 245 1463 mors,
261 1409 484 1454 contentio
502 1411 603 1453 tua?
616 1409 693 1452 ubi
708 1418 772 1453 est
793 1425 924 1464 mors,
941 1408 1117 1453 aculeus
1135 1418 1236 1453 tuus
1253 1410 1296 1452 3?
1313 1427 1331 1450 »
1346 1411 1369 1452 J
1374 1423 1443 1452 am

56 1481 278 1541 conjuncti
310 1480 504 1538 Angelis,
543 1489 587 1524 et
618 1479 861 1524 exultantes
889 1496 989 1524 cum
1017 1483 1136 1539 Rege
1168 1489 1339 1534 nostro,
1372 1479 1449 1539 qui

56 1552 222 1612 primus
257 1566 478 1610 resurgere
509 1551 674 1607 voluit,
711 1551 909 1612 quamvis
942 1552 1060 1611 prior
1091 1552 1201 1595 mori
1237 1552 1443 1596 noluerit.

55 1622 184 1667 Multi
206 1622 320 1666 enim
344 1632 445 1666 ante
467 1621 595 1665 illum
619 1622 779 1666 mortui
797 1631 922 1677 sunt,
950 1621 1026 1666 sed
1043 1638 1172 1666 nemo
1198 1631 1299 1666 ante
1321 1621 1446 1666 illum

53 1693 286 1737 resurrexit
307 1693 352 1736 in
372 1702 601 1737 aeternum.
627 1693 883 1737 Exultantes
900 1702 1046 1737 autem
1070 1708 1168 1737 cum
1188 1692 1289 1748 illo,
1317 1693 1447 1736 etiam

59 1763 120 1807 ibi
150 1778 224 1823 spe
262 1772 306 1807 et
337 1763 467 1808 corde
507 1764 760 1818 constituti,
797 1764 900 1824 quia
930 1762 1164 1818 evasimus,
1205 1763 1447 1822 cogitemus

58 1832 166 1894 quid
177 1834 411 1888 evasimus,
434 1849 534 1894 quae
566 1833 767 1878 scandala
786 1869 796 1889 ,
825 1850 932 1894 quas
947 1834 1250 1878 tribulationes
1275 1834 1445 1889 mundi,

59 1919 166 1963 quas
196 1905 515 1963 persecutiones
527 1905 725 1948 omnium
748 1907 1023 1962 paganorum
1042 1939 1053 1958 ‚
1069 1920 1178 1964 quos
1207 1904 1330 1948 dolos
1352 1920 1448 1948 om-

59 1976 183 2017 nium
202 1973 507 2018 haereticorum
526 2009 535 2028 ‚
556 1990 662 2034 quas
685 1975 978 2032 suggestiones
1000 1973 1191 2029 diaboli,
1230 1990 1339 2034 quas
1367 1990 1448 2018 cu-

60 2042 291 2103 piditatum
312 2045 679 2100 conflictationes,
701 2044 846 2089 omnia
860 2045 939 2088 ista
951 2044 1048 2104 quis
1070 2045 1288 2098 evaderet,
1314 2063 1333 2086 «
1356 2045 1446 2089 Nisi

64 2133 85 2156 υ
120 2116 221 2175 quia
253 2117 464 2160 Dominus
502 2125 593 2160 erat
613 2117 658 2159 in
691 2116 841 2160 nobis?
858 2116 980 2160 Dicat
1002 2131 1120 2160 nunc
1146 2114 1279 2160 Israel
1301 2135 1309 2160 :
1338 2134 1358 2157 »
1384 2131 1453 2159 se-

60 2201 192 2230 curus
215 2178 329 2229 enim
352 2186 457 2231 dicit
490 2186 622 2231 lsrael
645 2206 654 2231 :
675 2206 694 2229 «
719 2187 806 2231 Nisi
828 2186 931 2246 quia
953 2187 1164 2230 Dominus
1187 2196 1278 2230 erat
1299 2186 1345 2230 in
1367 2202 1450 2230 no-

67 2274 88 2297 »
123 2256 202 2299 bis.
245 2274 265 2297 »
302 2257 489 2310 Quando
513 2259 531 2300 P
571 2276 591 2299 «
631 2259 745 2301 Cum
781 2257 1058 2316 insurgerent
1091 2257 1289 2301 homines
1326 2272 1455 2317 super
1501 2259 1515 2269 ”

70 2345 89 2368 «
122 2342 246 2370 nos.»
264 2327 362 2371 Noli
376 2342 477 2385 ergo
497 2327 641 2370 mirari
663 2346 671 2371 :
688 2327 790 2371 vieti
805 2336 907 2371 sunt
919 2363 929 2382 ‚
947 2327 1146 2372 homines
1164 2328 1281 2371 enim
1299 2337 1422 2372 erant
1441 2347 1450 2372 z

65 2398 275 2442 Dominus
287 2406 432 2442 autem
453 2398 606 2442 eratin
635 2398 776 2453 nobis,
802 2414 892 2442 non
925 2399 1058 2442 homo
1094 2408 1186 2442 erat
1216 2400 1261 2442 in
1297 2399 1452 2456 nobis3

65 2468 270 2512 homines.
285 2477 429 2512 autem
450 2469 777 2512 insurrexerunt
805 2484 855 2512 su
875 2484 951 2528 per
972 2484 1066 2513 nos.
1097 2469 1182 2513 Sed
1204 2478 1351 2513 tamen
1373 2485 1454 2528 op-

65 2539 303 2599 primerent
343 2539 540 2584 homines
567 2539 670 2583 alios
709 2540 932 2594 homines,
976 2540 1055 2583 nisi
1083 2540 1130 2584 in
1164 2540 1229 2584 his
1262 2534 1454 2584 homini·-

118 2631 128 2648 ¹
147 2624 228 2659 Psal.
249 2636 362 2666 cxx111,
380 2633 413 2658 2.
433 2641 476 2648 -
490 2625 566 2657 ²1d.
584 2635 669 2666 cxxi,
685 2632 718 2657 2.
740 2640 779 2646 -
802 2622 815 2647 ³
839 2635 851 2656 1
872 2627 946 2657 Cor.
962 2635 1017 2663 xv,
1043 2622 1099 2656 55.
