1908 3283
47 303 149 408 S.
208 299 541 403 AUR.
610 297 1421 404 AUGUSTINI

361 535 788 575 HIPPONENSIS
820 535 1112 574 EPISCOPI

309 707 1161 787 ENARRATIONES

717 880 770 917 IN

474 1025 1009 1095 PSALMOS.

39 1263 1429 1281 mmmmmmmmmmmmmmmmm

542 1409 926 1459 ENARRA'HO

432 1571 493 1608 IN
541 1569 844 1610 PSALMUM
903 1569 1042 1611 cxx.

481 1725 631 1768 Sermo
662 1722 718 1767 ad
748 1721 964 1782 populum
976 1724 1007 1766 ¹.

98 1859 134 1900 Ι.
169 1858 388 1901 SECUNDUS
418 1866 482 1901 est
504 1857 582 1900 iste
604 1855 799 1900 Psalmus
829 1871 981 1900 eorum
995 1859 1013 1882 ²
1029 1891 1041 1912 ,
1061 1872 1251 1916 quorum
1275 1857 1429 1902 titulus

39 1937 130 1983 est,
157 1947 176 1969 «
197 1928 427 1973 Canticum
451 1927 678 1985 graduum.
702 1946 721 1968 »
742 1928 894 1972 Plures
917 1928 1033 1971 enim
1056 1938 1158 1973 sunt
1179 1929 1428 1987 significan-

39 2007 101 2042 tes
116 2033 126 2053 ,
152 2009 199 2042 ut
216 1999 307 2058 jam
324 1999 369 2041 in
392 1998 532 2057 primo
550 2014 702 2042 eorum
724 1997 928 2053 audistis,
950 2014 1178 2043 ascensum
1200 2009 1398 2044 nostrum
1412 2034 1425 2056 ,

39 2068 115 2128 qui
137 2070 186 2112 fit
207 2069 250 2111 in
273 2068 403 2112 eorde
426 2067 481 2111 ad
503 2072 640 2112 Deum
657 2103 668 2122 ⁷
699 2084 721 2111 a
742 2068 939 2113 convalle
957 2067 1238 2128 plorationis,
1263 2069 1308 2114 id
1331 2079 1394 2114 est
1413 2105 1425 2126 ‚

39 2139 94 2182 ab
115 2138 362 2182 humilitate
384 2138 779 2183 contribulationis.
806 2142 1025 2183 Ascensus
1048 2139 1163 2183 enim
1199 2139 1317 2184 utilis
1344 2156 1428 2184 no-

37 2207 103 2252 bis
121 2224 209 2252 non
232 2218 373 2267 potest
394 2224 498 2262 esse,
515 2210 595 2252 nisi
625 2210 763 2268 primo
779 2209 1014 2264 humiliati,
1034 2226 1057 2253 a
1080 2209 1277 2254 convalle
1300 2210 1427 2254 nobis

38 2279 360 2324 ascendendum
383 2296 469 2324 esse
498 2280 824 2324 meminerimus
850 2299 858 2324 :
885 2283 901 2338 (
926 2280 1133 2325 convallis
1162 2281 1276 2324 enim
1303 2290 1429 2325 terrae

38 2349 158 2395 locus
182 2360 244 2395 est
266 2350 488 2409 depressus
506 2372 517 2408 3
536 2351 646 2395 sicut
660 2351 752 2395 loca
772 2360 896 2395 terrae
911 2351 997 2396 alta
1021 2361 1190 2395 montes
1213 2361 1256 2396 et
1277 2351 1424 2406 colles,

36 2421 96 2465 ita
119 2420 326 2465 convallis
347 2421 469 2466 locus
490 2421 666 2465 humilis
688 2440 696 2466 :
717 2425 804 2479 )ne
822 2420 930 2465 dum
953 2437 1229 2481 praepropere
1247 2430 1290 2466 et
1312 2437 1427 2482 prae-

84 2524 93 2541 ¹
121 2519 233 2551 Sermo
256 2519 316 2550 iste
340 2519 379 2551 ad
403 2518 553 2561 populum
581 2517 708 2550 habitus
731 2521 779 2550 est
797 2517 830 2549 in
859 2517 956 2549 natali
975 2519 1008 2550 S.
1035 2517 1185 2560 Crispinae
1202 2517 1362 2559 martyris.
1386 2531 1428 2540 -··

41 2578 54 2596 ²
77 2573 155 2606 Vide
171 2577 208 2606 D.
229 2573 352 2606 Guillon
366 2599 374 2615 ,
390 2579 467 2606 tom.
487 2584 570 2614 xm,
590 2583 663 2615 pag.
687 2572 807 2614 38-39.
1204 2622 1225 2660 1
