1815 3253
393 216 476 252 290
821 228 852 252 s.
891 227 1119 253 AUGUsTl'Nl
1154 228 1330 254 El’lsCOPl

389 291 572 344 minem,
593 298 635 333 et
655 291 833 334 Creator
851 289 1113 347 Angelorum
1136 292 1321 351 suscepit
1344 291 1586 347 hominem,
1612 293 1775 336 Domi--

384 374 466 402 nus
489 358 757 417 Angelorum
778 368 975 402 mortuus
998 369 1061 403 est
1081 375 1159 419 pro
1176 361 1366 405 homine.
1399 379 1419 403 α
1439 361 1644 405 Adorabo
1663 376 1766 420 ergo

389 448 407 469 »
443 428 499 472 acl
523 428 731 485 templum
748 438 945 473 sanctum
969 438 1094 472 tuum
1115 448 1124 474 :
1148 447 1168 471 »
1193 430 1386 488 intelligo
1409 431 1620 489 templum
1638 440 1766 475 tuum

381 513 471 542 non
490 513 622 542 manu
640 498 807 543 factum
830 501 862 553 ¹,
888 498 964 543 sed
987 499 1108 559 quod
1125 508 1174 543 tu
1202 499 1339 544 fecisti
1360 500 1454 543 tibi.
1779 545 1781 549 ,

442 571 494 612 V.
525 587 545 610 «
573 571 630 612 Et
650 569 893 613 confitebor
922 569 1089 612 nomini
1111 578 1209 623 tuo,
1240 570 1286 613 in
1308 569 1600 614 misericordia
1627 578 1700 614 tua
1722 579 1766 614 et

384 656 404 678 »
439 639 618 683 veritate
636 648 724 682 tua.
749 657 768 680 »
791 642 841 682 In
856 637 1027 682 duobus
1044 638 1131 682 istis
1149 640 1409 683 confitemur
1424 659 1432 684 :
1450 640 1510 683 sic
1528 640 1642 684 enim
1661 648 1705 683 et
1720 640 1767 683 in

383 708 466 752 alio
482 708 651 752 Psalmo
671 708 831 768 legitur
846 743 856 763 ,
887 727 908 750 «
942 709 1162 753 Universae
1182 709 1262 754 viae
1281 709 1453 754 Domini
1479 709 1768 753 misericordia

386 795 406 818 »
441 787 484 821 et
501 766 656 822 veritas
674 779 707 821 2.
735 796 755 819 »
780 781 831 821 In
848 776 1021 822 duobus
1036 778 1125 822 istis
1139 779 1426 824 confitemur:
1450 782 1501 823 In
1513 788 1587 823 tua
1599 779 1768 822 miseri—

387 865 406 887 »
441 847 611 902 cordia,
644 856 687 891 et
716 847 762 890 in
790 857 866 891 tua
897 848 1094 892 veritate.
1129 849 1466 893 »Misericordia
1497 858 1768 908 peccatorem

385 917 621 976 respexisti,
647 917 826 962 veritate
845 918 1170 977 promissionem
1189 918 1427 963 reddidisti.
1458 939 1478 962 «
1501 923 1552 962 In
1573 928 1646 963 tua
1665 927 1768 978 ergo

385 1005 405 1028 »
441 986 731 1031 misericordia
750 997 794 1031 et
810 988 990 1032 veritate
1010 989 1252 1033 confitebor
1274 989 1368 1033 tibi.
1390 1007 1410 1030 »
1430 991 1516 1033 Has
1538 988 1667 1032 etiam
1689 1000 1769 1046 ego

385 1073 465 1116 pro
487 1058 591 1101 meis
612 1057 776 1102 viribus
798 1057 957 1113 reddo,
979 1074 1086 1118 quas
1113 1058 1219 1102 mihi
1240 1058 1431 1113 donasti,
1456 1057 1616 1102 faciens
1638 1058 1769 1102 mise-

384 1127 615 1171 ricordiam
649 1137 692 1171 et
725 1127 977 1184 veritatem,
1001 1128 1336 1172 misericordiam
1368 1129 1413 1172 in
1447 1126 1765 1184 subveniendo,

384 1198 610 1241 veritatem
627 1197 672 1240 in
689 1191 945 1257 judicando.
973 1198 1049 1242 His
1064 1197 1318 1257 adjuvamur
1340 1215 1363 1242 a
1386 1201 1491 1253 Deo,
1516 1199 1581 1242 his
1597 1213 1770 1257 prome-

386 1283 531 1310 remur
552 1270 707 1310 Deum.
728 1268 883 1312 Merito
901 1282 1002 1325 ergo
1018 1268 1310 1312 misericordia
1325 1278 1368 1312 et
1383 1269 1539 1314 veritas
1555 1269 1768 1313 universae
1813 1281 1815 1303 ¹

382 1337 464 1381 viae
488 1337 676 1381 Domini.
701 1339 798 1382 Non
819 1347 923 1380 sunt
950 1336 1044 1380 aliae
1074 1337 1181 1392 viae,
1213 1338 1373 1396 quibus
1405 1338 1459 1382 ad
1481 1353 1560 1383 nos
1585 1338 1730 1382 veniat
1756 1357 1766 1383 :

385 1422 475 1451 non
492 1416 593 1450 sunt
610 1406 704 1450 aliae
726 1407 822 1461 viae,
841 1406 1000 1466 quibus
1019 1405 1073 1450 ad
1090 1405 1213 1451 illum
1236 1407 1474 1451 veniamus.

442 1479 519 1520 VI.
550 1496 570 1519 «
605 1476 821 1529 Quoniam
844 1476 1129 1535 magnificasti
1154 1491 1283 1535 super
1305 1492 1434 1520 omne
1455 1491 1617 1520 nomen
1649 1492 1770 1521 sanca-

385 1566 405 1588 »
440 1556 536 1591 tum
552 1556 693 1590 tuum.
722 1565 742 1588 »
769 1546 917 1599 Qualis
935 1547 1013 1590 ista
1036 1545 1282 1605 gratulatio,
1308 1546 1490 1591 fratres?
1511 1547 1768 1605 Magnifica-

382 1617 444 1661 vit
477 1632 636 1660 nomen
673 1631 801 1659 suum
833 1625 1030 1659 sanctum
1063 1631 1191 1675 super
1230 1617 1465 1660 Abraham.
1510 1635 1530 1658 «
1567 1615 1768 1661 Credidit

387 1705 408 1728 »
444 1687 560 1730 enim
574 1687 795 1730 Abraham
808 1690 912 1740 Deo,
928 1695 971 1729 et
985 1685 1243 1745 deputatum
1251 1696 1314 1730 est
1327 1687 1390 1730 illi
1402 1686 1677 1746 adjustitiam
1692 1688 1724 1731 ³.
1747 1706 1765 1728 »ι

385 1759 565 1801 Caeterae
583 1771 732 1800 omnes
755 1765 902 1814 gentes
924 1755 1048 1799 idolis
1063 1755 1364 1811 immolabant,
1390 1756 1664 1803 daemonibus
1686 1771 1764 1800 ser-

384 1827 576 1871 viebant.
612 1829 746 1871 Natus
778 1835 842 1870 est
871 1841 921 1869 ex
949 1826 1169 1869 Abraham
1202 1829 1342 1881 Isaac,
1379 1826 1678 1885 magnificatus
1707 1835 1762 1869 est

385 1912 516 1956 super
545 1896 663 1940 illam
686 1897 866 1940 domum
894 1899 1005 1939 Deus
1032 1914 1041 1939 ε
1065 1895 1168 1939 inde
1195 1896 1355 1953 Jacob3
1381 1896 1680 1954 magnificatus
1706 1905 1769 1939 est

386 1970 516 2022 Deus,
538 1966 614 2027 qui
636 1967 756 2021 dicit,
787 1985 808 2008 «
831 1968 925 2024 Ego
942 1980 1038 2009 sum
1057 1968 1169 2009 Deus
1184 1965 1420 2020 Abraham,
1441 1974 1484 2009 et
1501 1968 1615 2010 Deus
1633 1968 1777 2027 Isaac„

392 2055 412 2078 n
447 2047 491 2081 et
511 2040 627 2081 Deus
656 2035 791 2081 Jacob
815 2037 831 2061 4
864 2055 873 2079 :
902 2053 921 2076 »
946 2035 1048 2078 inde
1068 2034 1297 2078 duodecim
1325 2034 1427 2089 filii,
1453 2031 1555 2077 inde
1582 2034 1758 2094 populuz
1800 2050 1815 2079 rei

388 2107 520 2151 Israel
541 2106 748 2150 liberatus
776 2106 830 2149 ab
859 2107 1077 2163 AEgypto,
1109 2103 1266 2147 ductus
1294 2119 1369 2162 per
1396 2119 1513 2147 mare
1536 2104 1739 2148 Rubrum
1764 2131 1765 2164 j
1791 2107 1813 2168 §it

390 2178 645 2221 exercitatus
670 2176 716 2219 in
732 2190 898 2228 eremo,
923 2175 1068 2234 ejectis
1090 2174 1300 2217 Gentibus
1326 2175 1370 2217 in
1390 2183 1503 2218 terra
1524 2175 1755 2233 promissio·
1791 2169 1815 2221 lin

390 2247 456 2291 nis
477 2246 714 2291 collocatus
737 2254 814 2288 est.
840 2244 1166 2302 Magnificatum
1188 2252 1252 2287 est
1272 2259 1432 2287 nomen
1450 2244 1620 2288 Domini
1641 2260 1752 2304 supe:
1790 2240 1815 2306 iio]

391 2317 538 2362 Israel.
566 2315 650 2361 Sed
673 2315 774 2359 inde
796 2324 841 2359 et
864 2315 986 2373 virgo
1008 2315 1141 2359 Maria
1156 2349 1167 2369 ,
1192 2313 1294 2357 inde
1317 2314 1525 2358 Dominus
1544 2314 1738 2359 Christus
1760 2348 1761 2351 ,
1790 2310 1815 2360 iii

392 2397 590 2432 mortuus
612 2396 789 2446 propter
814 2394 992 2444 peccata
1015 2394 1182 2439 nostra,
1206 2400 1432 2443 resurgens
1453 2394 1630 2444 propter
1640 2385 1745 2445 justi
1789 2384 1815 2430 z'nn

444 2491 450 2506 ¹
476 2483 555 2515 Psal.
576 2494 607 2524 v,
627 2483 658 2514 8.
679 2498 721 2505 —-
750 2489 762 2504 ²
783 2482 830 2513 Id.
855 2491 953 2521 xxiv,
977 2490 1026 2513 10.
1055 2497 1095 2503 —
1114 2479 1127 2503 3
1145 2482 1223 2513 Gen.
1250 2491 1291 2513 xv
1306 2505 1316 2522 ,
1346 2480 1392 2520 (i,
1420 2485 1454 2513 ct
1475 2482 1565 2514 Rom.
1585 2491 1621 2513 iv
1636 2505 1646 2522 ‚
1678 2480 1708 2513 3.
1728 2496 1748 2502 -
1803 2487 1805 2502 ¹

395 2538 410 2569 4
429 2539 527 2571 Exod.
543 2549 589 2579 111,
607 2542 638 2569 6.
1794 2544 1814 2578 mn
