1815 3253
361 182 445 223 458
799 193 834 224 s.
869 193 1100 224 Aneusnm
1131 196 1313 224 Emscom

363 267 631 315 eructemus,
659 258 767 319 quid
782 273 882 317 erga
904 274 983 304 nos
1009 259 1171 316 fecisti,
1197 259 1381 305 Domine
1396 293 1408 316 ‚
1435 274 1568 320 quem
1588 259 1744 306 lauda·
1784 295 1786 299 s
1812 257 1815 300 J

364 330 491 377 mus?
512 329 735 383 DicamuS,
761 337 804 374 et
825 344 927 373 cum
947 328 1131 373 dicimus
1145 364 1156 384 ‚
1180 329 1424 374 laudemus.
1784 318 1785 331 ¹

423 400 501 442 XI.
541 417 562 440 «
593 399 836 443 Misericors
852 407 897 444 et
917 399 1141 443 miserator
1168 400 1402 456 Dominus,
1426 399 1687 459 longanimis
1703 409 1748 446 et
1784 402 1785 426 ³

365 485 386 510 »
421 468 609 512 multum
631 469 882 514 misericors.
910 469 1059 514 Suavis
1081 469 1289 514 Dominus
1305 469 1531 525 omnibus,
1555 478 1599 514 et
1619 469 1747 515 mise·
1783 513 1784 518 ,

365 556 387 580 »
420 539 608 583 rationes
630 540 722 599 ejus
734 539 778 583 in
793 539 939 583 omnia
956 554 1085 598 opera
1103 540 1194 598 ejus
1211 541 1242 583 ².
1264 557 1284 583 »
1302 539 1391 584 Nisi
1409 537 1481 583 ille
1498 538 1595 584 talis
1611 548 1742 595 esset,
1782 567 1784 576 κ

362 607 418 653 de
438 608 563 653 nobis
585 609 784 668 repetitio
805 608 926 653 nulla
947 618 1071 653 esset.
1097 608 1286 654 Attende
1302 609 1358 653 ad
1373 618 1416 653 tc
1435 610 1577 668 ipsum
1603 627 1613 654 z
1637 608 1748 669 quid

360 679 594 723 merebaris
625 681 853 738 peccator?
893 688 1168 739 contemptor
1204 680 1303 735 Dei,
1344 678 1453 739 quid
1489 679 1748 724 merebaris?

361 748 472 792 Vide
491 750 527 794 si
549 750 738 794 occurrit
763 750 844 803 tibi
872 751 952 794 nisi
974 766 1126 810 poena,
1151 750 1187 794 si
1210 751 1399 795 occurrit
1421 750 1501 794 tibi
1529 750 1611 801 nisi
1641 766 1747 810 sup-

359 818 561 878 plicium.
581 820 710 865 Vides
733 837 837 880 ergo
863 821 971 882 quid
995 821 1073 865 tibi
1090 821 1331 865 debebatur
1346 855 1358 876 ,
1378 830 1422 866 et
1450 820 1559 880 quid
1579 820 1749 865 dederit

360 891 437 950 qui
459 891 586 948 gratis
613 890 750 936 dedit.
777 895 885 937 Data
913 901 976 936 est
995 893 1119 939 venia
1147 891 1384 953 peccatori,
1409 891 1536 941 datus
1563 900 1628 939 est
1651 891 1748 950 Spi-

360 960 468 1004 ritus
491 960 834 1020 justificationis,
859 962 960 1006 data
982 971 1045 1006 est
1072 962 1256 1006 charitas
1283 971 1327 1006 et
1357 960 1556 1017 dilectio,
1580 961 1627 1005 in
1660 976 1748 1020 qua

359 1030 504 1074 omnia
530 1030 646 1075 bona
664 1030 818 1089 facias;
839 1040 882 1076 et
903 1047 1033 1091 super
1049 1032 1144 1076 haec
1166 1031 1289 1083 dabit
1305 1040 1349 1077 et
1363 1032 1496 1077 vitam
1519 1040 1744 1086 aeternam,

358 1110 403 1145 et
430 1102 681 1146 societatem
713 1102 984 1162 Angelorum
1018 1122 1027 1147 z
1064 1112 1206 1147 totum
1234 1102 1289 1146 de
1312 1101 1621 1147 misericordia.
1654 1104 1750 1146 Me·
1778 1111 1779 1114 ’

358 1172 440 1215 rita
467 1181 543 1216 tua
576 1188 792 1232 nusquam
820 1174 979 1232 jactes,
1010 1173 1112 1232 quia
1144 1181 1189 1216 et
1218 1172 1311 1231 ipsa
1343 1181 1418 1216 tua
1449 1172 1602 1217 merita
1632 1170 1749 1215 illius

360 1242 476 1286 dona
507 1251 623 1285 sunt.
671 1261 692 1284 «
736 1246 793 1286 Et
818 1243 986 1302 justitia
1015 1252 1092 1286 tua
1124 1242 1399 1286 exultabunt.
1439 1243 1680 1287 Misericors
1707 1251 1750 1285 et
1776 1248 1778 1300 j

359 1329 381 1353 n
416 1312 641 1358 miserator
662 1312 874 1356 Dominus
903 1331 912 1357 ε
940 1330 961 1353 »
986 1312 1063 1372 qui
1085 1309 1222 1355 fecisti
1245 1311 1391 1355 omnia
1413 1311 1558 1369 gratis,
1588 1329 1610 1353 «
1629 1314 1750 1355 Lon·
1776 1310 1777 1333 ³

361 1398 382 1423 »
418 1382 597 1440 ganimis
624 1400 633 1426 :
661 1400 681 1422 »
708 1391 895 1441 quantos
921 1382 1039 1425 enim
1066 1382 1250 1425 sustinet
1278 1383 1555 1440 peccatores?
1580 1400 1601 1424 «
1621 1381 1750 1426 Mise-

360 1470 381 1494 »
418 1452 549 1496 ricors
581 1461 624 1496 et
652 1453 876 1497 miserator
908 1453 1142 1507 Dominus,
1171 1470 1190 1493 »
1215 1452 1261 1495 in
1294 1451 1360 1496 his
1383 1452 1545 1512 quibus
1576 1452 1750 1497 veniam

358 1521 479 1567 dedit
496 1542 504 1567 ε
519 1523 564 1566 in
577 1523 643 1571 his
660 1524 820 1583 quibus
838 1523 982 1568 adhuc
995 1538 1085 1568 non
1101 1522 1239 1578 dedit,
1262 1541 1281 1565 «
1302 1523 1598 1581 Longanimis,
1617 1540 1638 1564 »
1659 1537 1750 1583 non
1774 1513 1775 1531 ³

357 1593 600 1648 damnans,
635 1593 710 1638 sed
745 1604 975 1653 expectans
999 1629 1010 1650 ,
1049 1594 1141 1653 ipsa
1177 1594 1476 1653 expectatione
1518 1594 1711 1638 clamans
1735 1627 1746 1647 ,

358 1681 379 1705 »
415 1664 727 1709 convertimini
755 1665 810 1709 ad
832 1681 917 1720 me,
943 1674 987 1709 et
1007 1670 1236 1710 convertar
1258 1663 1314 1708 ad
1335 1681 1411 1711 vos
1434 1668 1467 1707 ².
1493 1681 1514 1706 »
1540 1666 1598 1708 Et
1617 1663 1750 1708 nimia
1772 1690 1774 1693 -

354 1732 701 1791 longanimitate,
731 1753 751 1776 «
775 1735 902 1790 Nolo,
926 1735 1087 1794 inquit,
1109 1743 1295 1778 mortem
1312 1734 1449 1793 impii,
1468 1742 1685 1794 quantum
1700 1742 1751 1777 ut

359 1820 381 1844 »
416 1812 656 1848 revertatur
678 1813 721 1847 et
741 1804 858 1849 vivat
880 1807 912 1848 3.
946 1804 1026 1848 Ille
1055 1803 1235 1864 quidem
1265 1803 1525 1862 longanimis
1561 1822 1570 1848 :
1595 1812 1645 1848 tu
1669 1819 1750 1847 au-
1771 1796 1772 1799 ¹

359 1890 380 1914 »
414 1882 503 1917 tem
525 1873 768 1918 secundum
800 1875 1007 1919 duritiam
1027 1873 1168 1918 cordis
1192 1874 1257 1918 tui
1288 1883 1332 1917 et
1360 1889 1434 1918 cor
1466 1873 1770 1932 impoenitens

357 1959 378 1984 »
413 1943 675 1991 thesaurizas
710 1944 789 1988 tibi
826 1945 934 1988 iram
963 1944 1010 1987 in
1045 1943 1117 1987 die
1147 1944 1223 1987 irae
1255 1952 1300 1988 et
1334 1942 1608 1988 revelationis
1641 1943 1747 2002 justi

360 2030 380 2054 »
408 2013 562 2073 judicii
600 2014 706 2070 Dei,
746 2015 821 2075 qui
863 2014 1017 2059 reddet
1053 2015 1290 2074 unicuique
1336 2014 1579 2058 secundum
1618 2029 1747 2073 opera

360 2103 379 2125 »
414 2099 490 2128 sua
513 2085 545 2128 4.
583 2102 604 2126 »
628 2087 727 2130 Non
747 2085 865 2130 enim
886 2085 1019 2130 modo
1036 2085 1096 2129 sic
1109 2084 1367 2142 longanimis
1389 2084 1435 2128 in
1463 2084 1744 2139 sustinendo,

354 2163 406 2197 ut
438 2170 666 2214 nunquam
691 2157 833 2215 justus
863 2157 909 2204 in
936 2154 1215 2201 vindicando.
1247 2154 1477 2198 Distribuit
1505 2163 1702 2213 tempora
1734 2173 1743 2198 :

352 2233 479 2269 Vocat
502 2233 544 2268 te
565 2240 684 2268 nunc
698 2259 708 2279 ,
735 2225 986 2269 exhortatur
1009 2234 1051 2269 te
1083 2240 1229 2281 nunc;
1254 2233 1450 2284 expectat
1473 2224 1613 2269 donec
1636 2225 1742 2268 resi-

351 2294 488 2352 piscas
505 2328 516 2348 ‚
542 2303 585 2338 et
609 2304 657 2338 tu
677 2295 847 2339 tardas?
868 2298 1026 2354 Magna
1047 2296 1138 2354 ejus
1172 2293 1484 2349 misericordia,
1509 2304 1553 2338 et
1580 2294 1626 2337 in
1655 2294 1739 2338 hoc
1764 2321 1765 2324 =

354 2362 475 2423 quod
507 2363 623 2408 diem
649 2365 752 2409 vitae
783 2366 863 2409 tibi
890 2365 1105 2410 incertum
1136 2365 1265 2419 tecit,
1298 2374 1347 2409 ut
1372 2365 1534 2409 nescias
1561 2363 1741 2424 quando

406 2463 416 2480 ¹
430 2457 510 2491 Psal.
531 2469 632 2502 cxuv,
651 2459 686 2501 8,
704 2471 785 2503 9.—
804 2467 817 2487 ²
837 2461 931 2494 Zach.
953 2473 978 2502 1,
996 2461 1030 2503 3,
1051 2465 1084 2494 et
1096 2459 1232 2494 Malach.
1248 2458 1405 2503 111‚7.—3
1417 2459 1536 2494 Ezech.
1556 2469 1671 2501 xuni,
1689 2469 1743 2492 11.

358 2528 400 2538 ν-
420 2512 438 2544 4
456 2517 548 2548 Rom.
566 2526 601 2557 11,
619 2514 654 2557 5,
671 2515 705 2550 6.
