1815 3253
424 238 668 268 nummu-10
699 241 745 267 ιΝ
778 239 981 268 rsALMUM
1012 240 1145 266 cxxu.
1427 225 1482 266 43

96 401 733 420 mmmmmmm
737 399 1480 418 ΜΜΜΜΜΜΜΜΜΜΜΜΜΜ

600 554 982 606 ENARRA'HO

460 732 519 770 IN
562 730 866 771 PSALMUM
908 728 1103 769 CXXII.

567 875 717 918 Sermo
739 871 794 917 ad
818 870 1008 931 plebem.

152 1011 188 1052 Ι.
223 1011 516 1053 ΑερΕΝοΕΝτιε
533 1009 736 1053 Cantica¹
757 1024 807 1051 ex
827 1007 980 1052 ordine
999 1022 1100 1052 cum
1125 1006 1362 1052 Sanctitate
1378 1007 1485 1059 Ves-

95 1088 159 1123 tra
179 1079 491 1123 consideranda
513 1078 681 1138 suscepi
703 1098 712 1123 2
740 1077 1011 1122 ascendentis
1034 1086 1077 1120 et
1097 1076 1294 1131 amantis,
1320 1085 1363 1120 et
1386 1075 1485 1120 ideo

95 1149 362 1195 ascendentis
382 1186 392 1204 ‚
418 1151 521 1210 quia
543 1150 743 1194 amantis.
773 1149 924 1193 Omnis
947 1164 1068 1192 amor
1086 1157 1161 1192 aut
1180 1146 1394 1202 ascendit,
1411 1155 1487 1190 aut

95 1220 332 1265 descendit.
360 1220 579 1265 Desiderio
603 1221 717 1264 enim
743 1221 859 1264 bono
883 1219 1079 1264 levamur
1100 1219 1156 1263 ad
1177 1223 1332 1269 Deum,
1352 1227 1395 1262 et
1417 1218 1487 1262 de-

94 1290 250 1335 siderio
290 1290 417 1335 malo·
442 1291 496 1335 ad
530 1291 616 1334 ima
644 1290 982 1350 praecipitamur.
1012 1289 1095 1334 Sed
1126 1290 1228 1349 quia
1256 1290 1347 1349 jam
1370 1287 1486 1332 malo

95 1361 306 1406 desiderio
332 1362 441 1421 lapsi
463 1361 729 1419 cecidimus3
754 1373 951 1421 superest
972 1361 1099 1405 nobis
1119 1396 1129 1415 ‚
1155 1361 1189 1404 si
1216 1360 1488 1419 agnoscimus

94 1434 191 1494 quis
215 1433 269 1477 ad
291 1450 368 1478 nos
397 1450 486 1478 non
508 1433 741 1487 ceciderit,
766 1433 841 1477 sed
863 1431 1162 1486 descenderit,
1190 1430 1396 1475 haerendo
1424 1429 1487 1474 illi

95 1504 326 1548 ascendere
348 1525 356 1549 :
382 1506 481 1566 quia
505 1505 670 1549 viribus
693 1504 850 1549 nostris
877 1520 966 1548 non
988 1518 1233 1563 possumus.
1262 1506 1358 1562 Ipse
1381 1501 1489 1546 dixit

95 1575 305 1619 Dominus
327 1585 472 1619 noster
504 1578 626 1619 Jesus
655 1575 854 1620 Christus
873 1594 881 1619 2
915 1594 934 1615 «
955 1576 1092 1619 Nemo
1113 1572 1306 1618 ascendit
1328 1574 1372 1616 in
1393 1588 1488 1616 coe-

100 1665 118 1686 »
151 1644 261 1698 lum,
282 1645 362 1688 nisi
385 1645 460 1705 qui
482 1646 537 1689 de
560 1644 674 1689 coelo
698 1644 946 1699 descendit,
962 1644 1097 1687 Filius
1120 1643 1308 1688 hominis
1327 1642 1403 1702 qui
1426 1651 1490 1686 est

99 1734 119 1757 »
153 1716 199 1759 in
220 1715 333 1761 coelo
348 1720 379 1760 ².
410 1736 429 1758 »
459 1720 684 1777 Tanquam
707 1717 762 1761 de
784 1732 828 1761 se
860 1715 953 1760 solo
975 1715 1150 1760 videtur
1174 1715 1348 1759 dixisse.
1373 1718 1489 1773 Ergo

96 1788 241 1830 caeteri
265 1797 590 1842 remanserunt,
626 1787 728 1847 quia
751 1786 868 1831 solus
889 1787 1105 1841 ascendit,
1143 1786 1220 1847 qui
1242 1785 1358 1830 solus
1391 1785 1491 1830 des-
1543 1798 1548 1805 ·

96 1857 276 1901 cendit?
299 1857 416 1910 Quid
437 1858 600 1902 debent
630 1859 772 1903 facere
794 1859 973 1903 caeteri?
992 1859 1114 1903 Uniri
1137 1859 1310 1919 corpori
1331 1859 1462 1918 ipsius
1476 1894 1487 1913 ,

97 1937 146 1971 ut
167 1928 221 1971 sit
243 1943 356 1971 unus
378 1928 574 1972 Christus
590 1964 600 1983 ‚
622 1929 697 1989 qui
717 1928 942 1973 descendit
962 1939 1006 1973 et
1023 1928 1231 1973 ascendit.
1258 1930 1491 1973 Descendit

97 2007 253 2057 caput,
279 1998 473 2042 ascendit
494 2015 596 2043 cum
617 2015 827 2059 corpore3
858 2000 1039 2044 vestitus
1075 1999 1314 2055 Ecclesiam
1337 2016 1460 2045 suam
1476 2036 1486 2054 ,

97 2083 228 2128 quam
250 2068 331 2112 sibi
353 2070 551 2114 exhibuit
576 2070 667 2114 sine
692 2069 862 2114 macula
886 2079 929 2114 et
957 2072 1108 2129 ruga3.
1139 2070 1264 2115 Solus
1287 2086 1388 2129 ergo
1423 2087 1492 2115 as-

97 2137 258 2183 cendit.
284 2138 368 2183 Sed
388 2148 432 2183 et
454 2155 531 2184 nos
552 2140 730 2200 quando
757 2156 858 2185 cum
883 2140 959 2185 illo
985 2141 1044 2185 sic
1067 2157 1214 2185 sumus
1231 2177 1242 2197 ,
1263 2151 1313 2185 ut
1335 2142 1379 2185 in
1412 2141 1490 2186 illo

98 2210 291 2254 membra
311 2212 402 2270 ejus
423 2211 554 2255 simus
574 2233 585 2269 3
610 2222 654 2256 et
676 2212 904 2256 nobiscum
924 2212 1038 2257 solus
1059 2222 1147 2268 est,
1170 2223 1214 2257 et
1234 2212 1333 2257 ideo
1355 2229 1488 2268 unus,

98 2290 139 2324 et
165 2296 332 2339 semper
367 2297 496 2326 unus.
524 2283 674 2328 Unitas
703 2299 780 2328 nos
811 2285 1088 2343 compaginat
1109 2284 1203 2328 uni.
1230 2287 1287 2329 Et
1322 2284 1383 2328 illi
1412 2283 1493 2329 soli
1534 2325 1540 2329 .

97 2366 196 2394 cum
212 2350 288 2394 illo
305 2367 393 2395 non
415 2352 671 2408 ascendunt⁷
693 2355 884 2414 quicum
900 2353 976 2399 illo
992 2371 1105 2399 unus
1127 2371 1219 2399 esse
1245 2355 1487 2400 noluerint.

96 2423 298 2465 Jamvero
322 2423 529 2481 quoniam
558 2424 648 2483 ipse
669 2425 746 2485 qui
768 2425 815 2469 in
841 2425 956 2470 coelo
978 2427 1144 2486 positus
1166 2436 1256 2482 est,
1283 2436 1328 2471 et
1360 2442 1492 2472 carne

144 2523 154 2539 ¹
169 2517 249 2549 Vide
268 2521 305 2550 D.
326 2517 469 2560 Guillon,
489 2524 567 2552 tom.
584 2531 664 2563 xm,
680 2531 752 2563 pag.
773 2520 894 2564 41-44.
915 2539 958 2546 -
978 2529 990 2546 ²
1009 2525 1102 2555 Joan.
1121 2533 1167 2565 ιιι,
1193 2522 1245 2557 ι3.
1271 2540 1314 2546 -
1343 2521 1357 2547 3
1371 2523 1489 2565 Ephes.

100 2584 121 2605 v
135 2598 145 2615 ‚
165 2581 219 2615 27.
