1815 3253
363 212 607 244 ENARRATIO
638 214 685 242 m
716 210 921 242 PsALMUM
951 213 1103 240 cxxm.
1375 199 1430 237 67

47 281 320 342 Quicumque
333 291 476 326 autem
489 280 774 325 consensisset
786 278 870 323 illis
881 314 892 334 ‚
908 294 1020 340 aqua
1037 276 1163 321 illum
1180 276 1432 337 operuisset.

47 354 287 396 Moreretur
308 352 424 395 enim
446 360 586 395 morte
607 349 915 409 AEgyptiorum
933 384 944 404 ‚
969 363 1058 392 non
1072 347 1272 391 transiret
1288 361 1436 391 exem—

46 421 120 483 plo
142 421 448 468 Israelitarum.
473 421 614 467 Nostis
648 421 792 476 enim,
827 419 1002 475 fratres,
1035 418 1138 478 quia
1167 433 1245 477 per
1277 433 1436 477 aquam

48 493 234 554 populus
257 492 548 538 Israelitarum
563 492 746 547 transiit,
763 501 806 536 et
827 492 918 551 ipsa
932 506 1044 550 aqua
1063 488 1253 549 populus
1271 491 1438 548 AEgyp-

49 565 208 610 tiorum
230 574 458 626 coopertus
471 566 580 609 est1.
600 583 620 606 «
645 567 795 624 Aqua,
818 562 985 622 inquit,
1001 560 1272 605 demersisset
1295 575 1388 605 nos.
1414 578 1434 601 >›

108 638 204 681 v11.
239 636 322 681 Sed
350 636 488 696 qualis
519 645 583 680 est
613 635 691 679 ista
723 635 868 695 aqua?
893 635 1078 677 Torrens
1111 641 1196 687 est,
1218 632 1315 675 fluit
1337 645 1439 675 cum

51 707 218 767 impetu
234 742 246 763 ‚
292 706 368 752 sed
412 707 642 752 transitura
683 715 761 750 est.
806 707 1035 749 Torrentes
1077 702 1193 747 enim
1233 701 1441 746 dicuntur

53 777 195 833 fluvii,
219 777 295 838 qui
318 777 551 836 repentinis
568 775 782 820 imbribus
804 783 1025 820 crescunt:
1046 788 1253 831 magnum
1275 773 1442 817 habent

52 849 264 908 impetum
281 869 292 905 3
309 848 504 908 quisquis
526 847 770 902 incurrerit,
793 845 1002 903 trahitur3
1021 843 1098 889 sed
1118 845 1164 888 in
1181 860 1270 904 quo
1289 843 1441 889 Domi-

51 934 134 964 nus
154 934 244 963 non
266 927 332 962 est
353 937 362 963 ;
386 918 431 962 in
458 933 548 978 quo
583 926 727 962 autem
752 916 961 961 Dominus
983 924 1070 972 cst,
1093 915 1248 959 transit
1270 923 1444 959 torren-

56 997 141 1034 tem
164 988 306 1032 anima
337 987 486 1047 ipsius.
517 986 675 1031 Adhuc
712 986 811 1030 fluit
841 996 1031 1040 torrens,
1067 984 1143 1029 sed
1160 986 1250 1045 jam
1274 985 1445 1029 transiit

52 1059 194 1105 anima
211 1062 470 1116 Martyrum.
486 1057 646 1102 Adhuc
667 1056 863 1118 quandiu
885 1055 1095 1100 saeeulum
1118 1056 1202 1100 hoc
1220 1056 1442 1100 nascendo

52 1139 95 1175 et
116 1129 339 1176 moriendo
361 1129 522 1184 currit,
550 1138 716 1173 torrens
744 1136 807 1172 est
832 1147 841 1171 ε
875 1127 977 1171 hinc
1006 1126 1330 1186 persecutiones
1348 1162 1359 1183 ,
1385 1127 1442 1171 de

50 1200 132 1245 isto
155 1209 357 1246 torrente.
397 1200 510 1244 Hinc
533 1199 646 1243 bibit
678 1198 751 1242 ille
780 1198 944 1258 primus
971 1206 1103 1257 caput
1132 1207 1358 1254 nostrum,
1384 1197 1440 1243 de

50 1286 138 1332 quo
159 1271 324 1315 dictum
348 1279 412 1314 est
431 1271 476 1314 in
496 1268 666 1313 Psalmo
689 1288 698 1313 ;
727 1287 748 1311 (ι
773 1271 836 1313 De
860 1277 1052 1312 torrente
1071 1268 1117 1311 in
1141 1268 1211 1313 via
1234 1268 1398 1312 bibit²;
1417 1287 1436 1310 »

49 1343 111 1385 De
132 1349 323 1385 torrente
344 1355 458 1400 aqua
480 1339 552 1384 illa
573 1355 673 1400 quae
702 1338 915 1396 significat
945 1337 1160 1397 popuium
1185 1348 1440 1397 persecuto-

49 1426 139 1456 rem
153 1446 164 1467 ,
185 1411 287 1456 inde
310 1411 422 1455 bibit
448 1409 520 1454 ille
539 1410 615 1470 qui
637 1410 743 1453 dixit
760 1407 1012 1468 Discipulis:
1042 1427 1062 1450 «
1085 1409 1265 1453 Potestis
1288 1409 1440 1453 bibere

50 1499 70 1524 »
105 1481 282 1526 calicem
306 1496 438 1541 quem
461 1495 541 1539 ego
563 1479 779 1524 bibiturus
812 1480 972 1523 sumss?
996 1481 1058 1523 De
1085 1488 1277 1523 torrente
1299 1480 1345 1523 in
1371 1481 1440 1525 via

50 1570 70 1593 »
104 1553 262 1597 bibit.»
275 1551 389 1606 Quid
410 1559 495 1606 est,
513 1551 558 1594 in
579 1551 646 1594 via
660 1549 806 1593 bibit?
830 1549 1058 1593 Transiens
1082 1549 1217 1605 bibit,
1237 1565 1328 1595 non
1345 1551 1437 1594 hae-

47 1623 115 1669 sit.
140 1627 191 1668 In
211 1617 279 1669 via
298 1623 409 1666 bibit
430 1643 441 1679 3
460 1621 563 1682 quia
586 1620 641 1665 de
662 1621 738 1665 illo
760 1619 873 1665 forte
896 1620 1064 1664 dictum
1082 1629 1167 1665 est:
1187 1624 1281 1665 «Et
1302 1622 1348 1665 in
1370 1624 1439 1667 via

50 1713 70 1737 »
105 1704 380 1755 peccatorum
398 1708 488 1736 non
511 1692 704 1736 stetit4.»
724 1690 952 1735 Transiens
975 1690 1101 1734 bibit.
1128 1693 1185 1734 Et
1206 1692 1314 1751 quid
1337 1692 1437 1736 inde

47 1765 213 1810 dictum
234 1765 329 1808 est?
356 1782 375 1804 «
399 1766 632 1822 Propterea
649 1760 858 1805 exaltabit
880 1769 1027 1820 caput.
1054 1763 1115 1804 De
1137 1770 1345 1818 torrente,
1372 1763 1437 1807 in-

49 1853 70 1878 »
103 1834 287 1895 quit‚'in
303 1833 372 1877 via
395 1832 529 1886 bibit,
558 1841 784 1891 propterea
812 1829 1020 1875 exaltabit
1040 1840 1187 1890 caput.
1212 1850 1232 1873 »
1259 1832 1436 1878 Exalta-

46 1916 140 1952 tum
158 1915 222 1949 est
243 1904 358 1948 enini
371 1904 462 1963 jam
480 1911 611 1963 caput
633 1911 831 1946 nostrum
847 1937 857 1957 ‚
882 1902 983 1962 quia
1006 1901 1060 1945 de
1083 1911 1276 1947 torrente
1298 1905 1342 1948 in
1364 1905 1434 1949 via

45 1977 157 2022 bibit
178 1995 186 2020 :
211 1989 359 2035 passus
382 1982 445 2017 est
466 1973 582 2017 enim
602 1972 812 2016 Dominus
830 1981 991 2016 noster.
1020 1972 1063 2016 Si
1083 1988 1186 2031 ergo
1203 1974 1293 2032 jam
1317 1975 1432 2019 exal-

45 2057 183 2104 tatum
211 2056 275 2091 est
294 2054 425 2106 caput
450 2054 674 2100 nostrum,
711 2044 820 2104 quid
842 2046 965 2088 timet
982 2059 1139 2103 corpus
1161 2049 1431 2091 torrentem?

47 2119 145 2165 Sine
179 2117 336 2173 dubio,
367 2117 468 2178 quia
498 2124 630 2175 caput
658 2114 893 2158 exaltatum
927 2123 1012 2169 est,
1053 2124 1097 2158 et
1125 2131 1282 2175 corpus
1315 2117 1432 2162 dicet·

43 2199 221 2249 postea:
250 2207 271 2231 «
298 2191 550 2233 Torrentem
573 2185 821 2246 pertransiit
849 2185 994 2229 anima
1026 2195 1173 2229 nostra
1209 2206 1218 2231 :
1247 2187 1428 2232 fortasse

47 2279 66 2302 n
101 2259 344 2320 pertransiit
365 2259 507 2302 anima
527 2266 673 2300 nostra
695 2270 853 2316 aquam
870 2256 960 2299 sine
978 2255 1259 2301 substantia⁵.
1277 2276 1296 2299 »
1314 2261 1428 2303 Ecce

44 2331 215 2393 qualem
236 2344 394 2390 aquam
410 2329 610 2374 dicebat:
631 2327 862 2372 «Forsitan
879 2343 993 2388 aqua
1012 2326 1283 2373 demersisset
1300 2345 1424 2374 nos.»

88 2436 99 2454 ¹
119 2430 217 2462 Exod.
234 2440 298 2468 xiv,
317 2437 432 2471 22-29.
455 2445 495 2450 -—
512 2434 525 2450 ²
540 2425 618 2459 Psal.
642 2437 706 2467 crx,
727 2437 761 2468 9.
776 2443 818 2447 —-
838 2423 986 2460 3Matth⁷
1007 2435 1060 2467 xx,
1080 2434 1133 2459 22.
1154 2443 1198 2449 —
1213 2426 1230 2457 4
1250 2428 1330 2459 Psil.
1349 2441 1374 2470 1,
1394 2441 1423 2461 1.

44 2485 175 2520 —51d.
195 2497 306 2526 cxxiii,
326 2483 360 2516 5.

1165 2553 1204 2587 5.
