1815 3253
385 222 628 255 mnu-1:10
658 227 705 254 m
737 224 941 256 PsALth
971 228 1186 256 cxxxvm.
1362 210 1443 253 331

15 291 21 324 ἒ
59 309 86 344 ,ιι
120 299 220 336 rant
238 299 307 345 te,
331 292 542 346 Domine,
567 290 668 336 odio
685 292 876 337 habui‘?
897 312 917 335 »
946 292 1112 353 thuid
1137 307 1161 336 a
1192 305 1262 335 me
1284 290 1450 350 pejores

16 373 18 377 ’
62 361 241 427 exigunt
269 361 397 406 etiam
425 361 693 421 corporalem
716 379 738 407 a
760 362 881 408 malis
900 363 1214 423 separationem
1232 396 1243 415 ,
1278 370 1328 404 ut
1350 369 1451 404 ante

16 439 21 496 ᾖ
61 441 234 492 tempus
257 431 402 476 messis
425 432 553 476 simul
575 448 673 476 cum
698 433 867 477 zizaniis
885 432 1124 477 eradicetur
1141 441 1184 476 et
1196 431 1386 475 triticum
1401 434 1447 489 23

15 505 20 555 ἶ
63 511 112 550 ut
127 511 227 547 ante
240 511 410 562 tempus
421 501 714 548 ventilationis
727 503 905 563 perdam
918 504 1217 548 sustinentiam
1233 500 1450 546 tolerandi

16 578 18 614 J
65 572 288 634 paleam³3
324 583 374 617 ut
397 583 631 633 antequam
666 575 810 620 omnia
839 590 991 632 genera
1023 574 1204 634 piscium
1229 572 1283 617 ad
1316 573 1450 617 finem

63 643 211 688 saeculi
229 653 437 704 tanquam
452 644 505 688 ad
527 644 648 688 littus
659 646 895 704 separanda
914 645 1191 706 perveniant,
1216 643 1321 687 retia
1334 642 1450 702 pacis

15 738 19 767 ρ
64 714 328 775 unitatisque
346 715 612 774 disrumpam
630 716 679 759 ⁴?
700 716 923 776 Numquid
947 714 1164 759 malorum
1187 722 1288 758 sunt
1309 728 1452 757 sacra-

61 796 207 829 menta
230 802 330 846 quae
352 786 785 846 accipioPNumquid
803 802 955 830 eorum
987 786 1088 831 vitae
1112 785 1323 846 factisque
1344 799 1452 828 con-

14 857 18 887 ?
61 856 288 910 sentiendo
318 857 625 901 communico?
644 876 664 899 «
683 859 839 902 Nonne
861 872 932 901 eos
956 858 1033 917 qui
1060 855 1245 901 oderant
1265 865 1308 898 te
1324 889 1335 909 ,
1362 858 1450 898 Do-

13 953 17 983 3
66 944 87 968 »
122 926 260 981 mine,
277 926 378 971 odio
394 927 554 971 habui?
570 930 626 972 Et
645 943 774 988 super
795 928 978 972 inimicis
1000 926 1085 972 tuis
1106 926 1412 972 tabescebam?
1428 944 1448 966 »

14 1042 17 1046 ,
63 999 218 1043 Nonne
239 1012 339 1040 cum
371 996 487 1040 zelus
515 996 671 1041 domus
693 1006 780 1041 tuae
813 997 1061 1042 comederet
1083 1013 1154 1041 me
1171 998 1184 1023 ⁵
1201 1032 1212 1052 ,
1248 995 1452 1040 videbam

64 1068 315 1120 insensatos,
335 1076 378 1111 et
398 1068 702 1112 tabescebam?
718 1070 873 1112 Nonne
886 1078 929 1112 et
949 1067 1129 1112 taedium
1142 1067 1368 1111 detinebat
1383 1081 1454 1110 me

13 1183 19 1204 a
63 1153 87 1193 a
107 1137 408 1197 peccatoribus
430 1137 836 1197 derelinquentibus
858 1137 999 1197 legem
1018 1146 1139 1181 tuam
1157 1138 1171 1163 ⁰
1189 1139 1207 1181 Ρ
1229 1136 1315 1190 Qui
1337 1136 1453 1180 enim

17 1244 19 1246 .
63 1217 165 1253 sunt
186 1208 350 1256 inimici
383 1208 470 1262 tui,
491 1207 571 1251 nisi
594 1208 670 1267 qui
693 1208 779 1252 vita
802 1223 879 1252 sua
908 1207 1103 1251 indicant
1125 1222 1258 1267 quam
1281 1205 1455 1250 oderint

63 1278 201 1337 legem
222 1280 371 1322 tuam?
393 1281 482 1323 Hos
506 1294 608 1337 ergo
624 1295 723 1323 cum
738 1278 923 1323 odissem
941 1314 952 1333 ‚
969 1295 1046 1323 cui·
1061 1278 1166 1323 mihi
1181 1276 1456 1322 calumnian-

64 1359 136 1394 tur
157 1350 232 1410 qui
253 1369 272 1391 «
291 1350 523 1409 Accipiunt
540 1350 584 1393 in
601 1351 792 1394 vanitate
809 1350 1002 1394 civitates
1018 1365 1115 1394 suas
1132 1385 1142 1404 ,
1167 1367 1187 1390 n
1206 1349 1327 1409 quod
1347 1347 1455 1391 mihi

12 1432 14 1434 ·
63 1421 270 1480 imputari
292 1421 457 1481 possint
478 1437 631 1465 eorum
655 1430 830 1480 peccata
845 1456 856 1476 ‚
897 1437 1006 1481 quos
1028 1421 1204 1465 oderam
1219 1455 1230 1476 ,
1261 1429 1304 1463 et
1326 1434 1456 1477 super

63 1492 225 1552 quibus
248 1491 340 1536 zelo
363 1491 518 1536 domus
540 1493 618 1535 Dei
635 1491 937 1536 tabescebam?
958 1491 1039 1536 Sed
1065 1491 1142 1535 ubi
1162 1500 1253 1546 est,
1279 1488 1455 1547 Diligite

62 1563 258 1617 inimicos
281 1564 469 1608 vestros?
497 1566 565 1607 An
583 1563 685 1623 quia
707 1571 871 1606 vestros
895 1562 1029 1617 dixit,
1064 1577 1155 1606 non
1186 1561 1296 1606 Dei?
1328 1579 1347 1602 «
1374 1562 1457 1603 Be-

0 1653 1 1661 ¹
66 1652 87 1676 »
122 1631 278 1690 facite,
315 1633 484 1693 inquit,
516 1633 575 1676 eis
606 1632 683 1693 qui
710 1633 901 1677 oderunt
928 1648 1005 1676 vos
1023 1634 1055 1676 ⁷.
1083 1651 1104 1673 »
1130 1634 1230 1676 Non
1258 1631 1339 1685 ait,
1379 1629 1456 1691 qui

0 1743 1 1746 ,
65 1703 252 1758 oderunt
267 1706 421 1755 Deum.
450 1702 555 1748 Ideo
585 1703 665 1747 iste
694 1715 864 1747 secutus
893 1701 1022 1756 dixit,
1051 1721 1070 1744 «
1101 1704 1258 1746 Nonne
1286 1716 1358 1745 eos
1381 1700 1457 1761 qui

67 1793 88 1817 »
122 1773 312 1820 oderunt
331 1784 396 1829 te,
412 1774 596 1819 Domine
610 1809 621 1828 ‚
648 1774 750 1824 odio
772 1773 935 1818 habui?
951 1792 971 1814 »
992 1776 1091 1819 Non
1110 1772 1234 1826 dixit,
1260 1773 1336 1832 qui
1356 1770 1456 1816 ode-

0 1856 2 1897 ?
64 1856 167 1900 runt
179 1862 263 1891 me.
284 1865 303 1888 «
322 1848 377 1889 Et
395 1861 524 1905 super
541 1845 724 1889 inimicis
745 1845 829 1889 tuis
846 1845 1125 1889 tabescebam
1147 1863 1155 1888 2
1176 1844 1261 1888 tuis
1286 1862 1305 1883 n
1324 1843 1455 1901 dixit3

0 1926 17 1958 Ἀ
65 1932 154 1976 non
176 1917 297 1970 meis.
326 1915 409 1960 Sed
437 1915 513 1976 qui
536 1931 614 1959 nos
647 1924 875 1974 propterea
905 1913 1120 1969 oderunt,
1158 1923 1200 1958 et
1227 1921 1456 1974 propterea

0 2007 24 2037 ῃ
63 1986 227 2042 inimici
249 1986 375 2030 nobis
403 1994 505 2029 sunt
525 2020 536 2040 ,
561 1985 663 2046 quia
686 1988 775 2029 Deo
796 1984 1026 2039 servimus,
1047 1983 1156 2045 quid
1179 1983 1297 2034 aliud
1324 1998 1456 2043 quam

67 2072 166 2101 eum
194 2055 412 2112 oderunt,
445 2065 488 2100 et
509 2057 600 2116 ejus
632 2055 797 2100 inimici
815 2057 947 2111 sunt?
969 2054 1196 2115 Numquid
1224 2069 1326 2112 ergo
1352 2052 1458 2098 tales

0 2138 3 2166 ³
65 2127 262 2175 inimicos
284 2136 451 2172 nostros
473 2126 652 2186 diligere
673 2142 764 2170 non
787 2125 1028 2171 debemus?
1051 2129 1140 2171 Aut
1168 2141 1256 2170 non
1279 2133 1458 2185 propter

67 2201 204 2249 Deum
237 2198 584 2258 persecutionem
624 2198 873 2258 patiuntur,
914 2198 1076 2258 quibus
1106 2196 1289 2251 dicitur,
1327 2196 1458 2240 Orate

0 2289 12 2340 j,
65 2284 142 2337 pro
159 2269 522 2329 persequentibus
543 2284 619 2313 vos
637 2270 655 2310 ⁶?
678 2271 796 2328 Ergo
810 2268 989 2312 attende
1007 2266 1129 2328 quod
1146 2267 1359 2327 sequitur.

119 2340 329 2384 XXVIII.
360 2358 379 2382 «
406 2337 605 2383 Perfecto
639 2337 741 2383 odio
775 2337 953 2383 oderam
975 2336 1114 2383 illos⁸.
1153 2356 1172 2378 »
1206 2335 1323 2390 Quid
1357 2345 1453 2391 est,

110 2458 120 2472 ¹
140 2452 220 2484 Psal.
237 2463 389 2493 cxxxvm,
411 2463 512 2485 21.—
532 2458 547 2474 ’⁴
565 2452 679 2484 Matth.
703 2462 773 2492 xm,
795 2452 896 2483 3o.—
912 2449 926 2474 3
944 2452 993 2483 ld.
1018 2462 1063 2490 ιιι,
1090 2459 1194 2482 m.—
1212 2448 1228 2475 4
1252 2450 1336 2482 lbid.
1357 2448 1459 2490 47.-—⁴

0 2503 4 2511 ’
65 2505 80 2532 ⁵
105 2508 185 2540 Psal.
217 2519 336 2550 vam,
370 2519 419 2540 10.
448 2525 491 2531 —
516 2505 531 2530 ⁶
562 2509 609 2540 ld.
637 2518 758 2549 vanl,
788 2507 840 2539 53.
872 2524 915 2530 --
938 2514 951 2541 7
985 2507 1101 2548 Matth.
1121 2518 1168 2548 v,
1188 2504 1243 2548 44.
1265 2523 1307 2528 -
1325 2504 1340 2527 ¹³
1372 2504 1454 2537 Psal.

67 2574 215 2607 cxxxviu,
234 2573 291 2596 22.
