1815 3253
352 268 407 307 34
781 279 814 309 ε.
851 280 1080 311 Aucus-nm
1111 284 1293 311 Emscom

349 360 450 388 vere
473 344 618 389 Isra'e'l.
645 345 761 399 Quid
783 356 845 390 est
877 348 990 391 enim
1023 347 1187 391 Israel?
1208 346 1513 406 Interpretatio
1545 346 1732 390 nominis

315 422 318 425 ’
351 416 442 474 ejus
464 414 578 460 dicta
601 425 662 460 est
679 417 786 476 jam,
807 426 850 460 et
867 433 979 476 saepe
998 417 1187 462 dicatur:
1213 416 1325 461 forte
1347 416 1462 460 enim
1484 416 1562 460 etsi
1585 431 1733 460 recens

349 484 464 529 dicta
495 496 582 542 θεῖ,
623 486 795 533 excidit.
820 488 1014 532 Dicendo
1045 503 1123 532 nos
1151 487 1359 532 faciamus
1381 496 1431 530 ut
1452 502 1541 530 non
1564 486 1734 530 excidat

348 556 478 600 etiam
500 557 559 601 eis
575 592 585 612 ‚
617 558 692 618 qui
702 557 855 617 'legere
878 574 967 602 non
989 567 1207 603 noverunt
1225 593 1235 613 ‚
1262 567 1336 602 aut
1358 556 1596 601 noluerunt
1621 575 1630 601 :
1655 572 1734 601 nos

347 626 478 669 simus
499 627 635 670 codex
652 626 859 686 ipsorum.
889 627 1034 683 lsrael,
1054 627 1206 672 videns
1230 630 1368 671 Deum
1390 627 1701 686 interpretatur
1720 644 1729 669 ε

348 694 437 739 imo
464 695 738 754 diligentius,
765 697 956 742 discusso
977 698 1135 753 verbo,
1161 698 1220 741 sic
1242 698 1575 755 interpretatur,
1602 694 1734 740 lsrael

349 775 412 810 est
429 766 579 811 videns
602 770 763 813 Deum:
783 778 1036 829 utrumque,
1057 779 1121 813 est
1139 768 1290 813 videns
1305 771 1458 812 Deum.
1472 767 1582 820 Quia
1600 767 1733 811 homo

349 836 396 880 in
412 852 455 880 se
473 853 563 881 non
581 847 643 881 est
664 857 672 882 :
697 847 893 882 mutatur
911 839 1026 882 enim
1051 848 1093 882 et
1110 839 1314 893 vertitur,
1339 837 1372 881 si
1396 853 1484 881 non
1506 837 1736 896 participet

347 909 438 967 ejus
456 908 531 968 qui
552 917 615 952 est
638 908 843 967 idipsum.
858 912 980 953 Tunc
1002 919 1080 963 est,
1102 908 1279 970 quando
1299 907 1418 953 videt
1443 908 1597 952 Deum.
1613 911 1734 952 Tunc

349 978 465 1021 enim
488 987 552 1021 est
570 1013 581 1034 ‚
606 978 783 1038 quando
805 979 921 1023 videt
945 995 1043 1023 eum
1067 979 1143 1039 qui
1161 989 1224 1024 est
1242 998 1250 1023 :
1272 988 1313 1023 et
1330 978 1518 1023 videndo
1541 993 1641 1022 eum
1658 978 1734 1038 qui

349 1056 436 1102 est‚
461 1048 511 1092 fit
534 1057 577 1092 et
597 1048 687 1107 ipse
711 1065 790 1108 pro
823 1050 955 1094 modo
978 1065 1055 1094 suo
1077 1059 1128 1093 ut
1149 1050 1217 1094 sit.
1245 1052 1359 1107 Ergo
1380 1050 1470 1108 ipse
1492 1057 1555 1092 est
1578 1047 1729 1104 Israel,

348 1117 480 1162 Israel
519 1128 582 1162 θεῖ
608 1118 758 1163 videns
786 1123 937 1163 Deum.
978 1121 1193 1177 Superbus
1223 1136 1325 1179 ergo
1355 1136 1444 1164 non
1481 1129 1545 1163 θεῖ
1569 1117 1730 1164 Israe'l:

349 1188 451 1247 quia
473 1204 563 1232 non
591 1198 653 1233 θεῖ
674 1190 944 1248 participatio
978 1191 1068 1249 ejus
1099 1190 1144 1234 in
1177 1190 1365 1249 idipsum
1388 1208 1396 1233 :
1423 1189 1524 1249 quia
1545 1190 1634 1248 ipse
1654 1187 1734 1232 sibi

347 1258 443 1302 vult
479 1274 569 1302 esse
589 1258 636 1302 in
657 1259 862 1318 idipsum.
890 1260 971 1313 Qui
993 1260 1073 1303 sibi
1103 1259 1198 1304 vult
1219 1275 1308 1304 esse
1331 1259 1615 1319 principium,
1644 1274 1734 1303 non

349 1337 412 1372 θεῖ
444 1328 590 1372 Israel.
616 1330 765 1373 Omnis
802 1345 904 1388 ergo
932 1330 1058 1374 fictus
1080 1346 1170 1374 non
1193 1339 1257 1374 θεῖ
1280 1329 1410 1374 lsrael
1428 1365 1438 1384 ,
1470 1330 1569 1390 quia
1595 1329 1734 1373 omnis

348 1399 558 1456 Superbus
583 1415 755 1444 necesse
782 1409 846 1443 θεῖ
867 1409 916 1444 ut
946 1402 1073 1444 fictus
1097 1401 1165 1444 sit.
1188 1403 1282 1445 Hoc
1303 1401 1401 1444 dico
1417 1435 1428 1455 ,
1455 1397 1628 1455 fratres,
1654 1415 1734 1444 ne-

346 1485 462 1514 cesse
490 1480 553 1514 est
578 1480 628 1514 ut
666 1471 804 1515 omnis
841 1471 1053 1531 superbus
1085 1471 1191 1516 velit
1213 1472 1350 1516 videri
1379 1471 1500 1531 quod
1519 1483 1611 1529 non
1632 1479 1696 1515 θεῖ
1721 1490 1729 1515 :

347 1539 490 1594 aliter,
518 1539 670 1584 fratres
692 1541 777 1584 mei
791 1576 806 1596 ,
831 1557 919 1585 non
949 1550 1104 1601 potest.
1131 1544 1186 1585 Et
1209 1542 1374 1584 utinam
1391 1576 1401 1596 ,
1427 1541 1486 1585 sic
1509 1539 1640 1585 vellet
1661 1557 1734 1585 su-

346 1609 506 1668 perbus
528 1608 662 1653 videri
681 1610 801 1669 quod
823 1626 912 1654 non
930 1619 1009 1665 est,
1035 1619 1085 1654 ut
1108 1609 1236 1654 vellet
1252 1609 1390 1655 videri
1407 1645 1418 1665 ,
1441 1610 1560 1654 verbi
1586 1626 1730 1666 causa,

347 1678 552 1742 choraula
567 1715 577 1734 ,
602 1694 701 1722 cum
725 1679 931 1723 choraula
954 1696 1043 1724 non
1066 1680 1299 1724 esset.Cito
1318 1680 1433 1723 enim
1458 1679 1730 1739 probaretur,

349 1748 568 1793 diceretur
588 1749 627 1792 ci
661 1768 669 1793 ε
702 1751 838 1794 Canta
855 1785 865 1805 ‚
896 1748 1119 1794 videamus
1142 1759 1291 1793 utrum
1313 1749 1516 1794 choraula
1540 1750 1609 1794 sis.
1636 1753 1734 1796 Non

343 1828 503 1878 posset,
518 1819 790 1863 inveniretur
807 1818 912 1864 falso
934 1835 978 1863 se
998 1819 1136 1864 videri
1156 1819 1343 1863 voluisse
1366 1818 1487 1880 quod
1509 1835 1598 1864 non
1621 1829 1727 1864 erat.

348 1889 390 1933 Si
411 1888 573 1932 diceret
594 1905 637 1932 se
655 1888 950 1949 eloquentem,
970 1890 1187 1933 diceretur
1203 1889 1242 1932 ei
1260 1908 1269 1933 z
1289 1892 1503 1949 Loquere,
1518 1898 1560 1932 et
1576 1889 1728 1949 proba.

350 1958 392 2003 Si
414 1959 587 2002 locutus
609 1957 762 2014 fuerit,
788 1959 1008 2003 invenitur
1030 1975 1119 2003 non
1141 1960 1224 2003 hoc
1247 1974 1351 2014 esse,
1377 1958 1496 2018 quod
1519 1958 1733 2018 professus

347 2037 425 2072 θεῖ.
454 2030 675 2087 Superbus
698 2029 818 2088 quod
840 2030 960 2088 pejus
983 2039 1066 2084 est,
1086 2030 1253 2089 justum
1276 2044 1320 2072 se
1342 2028 1438 2073 vult
1458 2029 1610 2084 videri,
1631 2045 1733 2074 cum

344 2114 434 2143 non
456 2099 509 2143 sit
530 2118 538 2143 ε
564 2109 607 2143 ct
628 2099 730 2159 quia
746 2100 956 2159 justitiam
975 2099 1218 2158 intelligere
1239 2098 1418 2143 difficile
1444 2109 1529 2155 est,
1551 2099 1742 2144 difficile*

344 2179 407 2213 est
429 2170 638 2228 superbos
661 2185 906 2228 agnoscere.
934 2168 1101 2214 Volunt
1128 2185 1230 2228 ergo
1253 2169 1430 2228 superbi
1453 2170 1587 2214 videri
1610 2169 1732 2230 quod

346 2255 436 2284 non
466 2249 566 2283 sunt
588 2258 597 2283 ι
632 2239 729 2284 ideo
753 2255 842 2284 non
868 2249 929 2284 θεῖ
953 2240 1226 2300 participatio
1253 2255 1405 2284 eorum
1431 2240 1478 2283 in
1507 2240 1697 2300 idipsum
1718 2261 1735 2298 ς,

345 2326 435 2355 non
457 2310 675 2370 pertinent
697 2309 751 2353 ad
774 2309 925 2365 Israel,
960 2311 1035 2369 qui
1056 2319 1119 2353 est
1140 2309 1290 2354 videns
1318 2313 1472 2354 Deum.
1500 2312 1603 2364 Quis
1627 2325 1731 2369 ergo

343 2380 533 2440 pertinet
555 2378 609 2424 ad
633 2379 795 2423 Israel?
816 2380 897 2432 Qui
923 2389 986 2423 est
1006 2380 1218 2438 particeps
1238 2381 1281 2422 in
1304 2379 1509 2439 idipsum.
1536 2380 1643 2433 Quis
1666 2389 1730 2424 est

347 2451 423 2512 qui
438 2451 667 2510 participat
688 2451 734 2493 in
756 2449 971 2509 idipsum?
986 2451 1068 2503 Qui
1086 2451 1317 2494 confitetur
1334 2467 1376 2494 se
1395 2467 1483 2495 non
1504 2467 1593 2495 θεεθ
1610 2450 1733 2511 quod

347 2525 461 2565 Deus
484 2532 545 2565 cst
561 2557 571 2576 ,
605 2531 647 2564 et
669 2521 722 2564 ab
755 2520 828 2564 illo
852 2521 1008 2564 habere
1030 2520 1149 2580 quod
1174 2522 1335 2565 bonum
1359 2530 1500 2580 potest
1531 2521 1692 2564 habere
1713 2541 1724 2578 3
1788 2547 1791 2550 -

349 2609 368 2633 a
393 2610 435 2632 ει·
456 2604 594 2633 :urbm
623 2609 705 2632 riou
733 2610 819 2630 vest»
844 2593 917 2631 mizi
951 2604 1171 2638 W'vattttm
1191 2629 1198 2635 .
1223 2595 1274 2633 :lli
1301 2592 1371 2633 {lli
1393 2593 1469 2631 <ibi
1492 2609 1578 2631 new
1596 2593 1726 2648 justi-
1787 2593 1790 2604 '
