1815 3253
428 221 668 251 ENARRATIO
703 226 746 251 IN
780 223 982 252 PsALMtJM
1014 225 1109 251 cxi„
1375 215 1457 254 365»

73 293 186 334 Deus
210 290 290 333 hoc
312 289 448 334 nollet
467 325 477 345 ‚
499 306 587 335 non
611 290 796 335 facerem
815 292 823 335 l
852 294 945 335 Hoc
964 289 1103 335 voluit
1122 292 1234 333 Deus
1251 325 1261 343 ,
1283 289 1459 336 fortuna

71 361 154 405 1100
177 359 336 416 voluit,
361 362 444 406 1100
466 362 604 406 voluit
628 361 782 407 latum.
804 365 902 408 Non
925 362 1051 416 dicit,
1084 380 1102 402 «
1124 363 1216 418 Ego
1239 360 1325 405 dixi
1346 398 1356 416 ,
1380 367 1460 407 Do-

74 449 94 473 »
130 432 269 487 mine,
297 434 497 476 miserere
520 433 604 477 mei
626 453 634 477 :
664 452 682 475 »
710 449 799 478 non
822 431 1044 493 quomodo
1067 431 1139 475 illa
1166 434 1382 491 peccatrix
1406 434 1461 478 ad

71 501 201 562 pedes
233 502 388 547 medici
414 504 610 558 veniens,
641 523 660 546 «
700 507 810 549 Sana
845 504 1031 547 animam
1061 517 1227 557 meam,
1253 504 1460 563 quoniam

74 591 94 614 »
129 574 300 632 peccavi
328 574 445 619 tibi¹.
477 593 496 615 »
518 578 574 618 Et
595 576 697 630 ista,
726 574 877 619 fratres
905 575 1011 629 mei,
1046 572 1241 618 defensio
1264 575 1459 635 qualium

72 646 164 688 est?
186 647 282 689 Non
298 644 438 689 solum
462 645 755 700 indoctorum,
772 646 847 689 sed
863 645 991 689 etiam
1014 645 1259 688 doctorum.
1282 645 1458 700 Sedent,

72 724 114 758 01
139 724 397 774 computant
420 715 585 771 sidera,
628 715 854 760 intervalla
871 751 881 771 ,
922 731 1072 760 cursus
1091 750 1101 770 ,
1142 714 1459 770 volubilitates,

71 793 228 840 status,
255 796 398 830 motus
418 821 429 841 ,
455 785 713 841 intendunt,
735 785 990 830 describunt
1008 821 1018 840 ,
1040 785 1292 845 conjiciunt.
1316 786 1460 841 Docti,

71 856 218 915 magni
239 855 458 900 videntur.
479 860 637 901 Totum
654 857 738 901 hoc
761 856 942 901 doctum
958 866 1001 901 et
1019 871 1226 916 magnum
1240 891 1250 911 ,
1267 856 1463 901 defensio

71 926 235 986 peccati
268 935 345 970 est.
382 925 478 970 Eris
516 927 715 982 adulter,
740 928 842 987 quia
865 928 923 971 sic
957 927 1089 971 habes
1112 929 1342 971 Venerem.
1369 926 1465 972 Eris

66 995 306 1052 hom'1cida,
337 996 438 1056 quia
461 998 519 1041 sic
549 998 685 1042 habes
709 1001 909 1042 Martem.
936 1001 1051 1043 Mars
1073 1013 1176 1056 ergo
1214 997 1433 1042 homicida
1449 1033 1460 1054 ,

68 1082 156 1111 non
184 1076 231 1111 tu
255 1086 263 1111 :
291 1076 333 1111 et
355 1070 503 1111 Venus
521 1066 719 1111 adultera
738 1103 748 1121 ,
766 1083 856 1111 non
876 1077 938 1111 tu.
962 1068 1072 1112 Vide
1091 1084 1144 1111 ne
1163 1077 1206 1111 et
1225 1084 1303 1127 pro
1325 1070 1464 1111 Marte

68 1147 112 1182 et
136 1152 215 1198 pro
239 1140 404 1181 Venere
436 1147 484 1182 tu
515 1137 747 1182 damneris.
778 1141 893 1181 Deus
921 1138 1037 1181 enim
1070 1137 1147 1197 qui
1178 1137 1465 1182 damnaturus

69 1218 132 1252 est
150 1243 160 1263 ,
181 1207 304 1251 novit
320 1208 422 1269 quia
446 1217 493 1252 tu
515 1223 558 1252 es
577 1244 587 1263 ‚
611 1208 688 1268 qui
706 1207 811 1252 dicis
829 1243 839 1261 ,
865 1210 961 1252 Non
986 1223 1091 1266 ego,
1118 1208 1260 1268 judici
1293 1207 1459 1252 30101111.

69 1281 204 1322 Porro
221 1279 309 1337 ipse
333 1278 666 1322 mathematicus
689 1278 765 1337 qui
788 1277 868 1321 tibi
887 1276 1057 1321 fabulas
1078 1277 1338 1337 laqueorum
1361 1287 1464 1322 tuo-

70 1365 167 1393 rum
190 1349 320 1393 etiam
343 1349 493 1393 vendit
511 1385 521 1404 ,
541 1358 590 1393 ut
614 1364 705 1393 non
727 1348 796 1393 vel
818 1349 1050 1407 gratuitam
1090 1364 1313 1408 compares
1344 1365 1465 1393 mor-

70 1429 159 1464 tem
178 1439 186 1464 :
208 1421 224 1478 (
237 1420 353 1464 Emis
375 1421 491 1464 enim
511 1430 695 1464 mortem
719 1437 742 1464 a
764 1420 1075 1464 mathematico
1090 1420 1245 1480 pretio,
1267 1420 1343 1480 qui
1360 1436 1465 1465 con-

70 1490 281 1550 tempsisti
298 1491 426 1534 vitam
440 1507 462 1534 a
474 1490 648 1535 Christo
657 1491 802 1548 gratis.
820 1491 932 1550 >ipse
947 1506 1050 1550 ergo
1068 1491 1416 1546 mathematicus,
1431 1491 1466 1534 si

71 1577 248 1606 uxorem
281 1577 403 1605 suam
435 1561 567 1621 paulo
599 1561 870 1621 petulantius
898 1561 1058 1606 viderit
1090 1562 1334 1607 conversari
1355 1597 1366 1617 ,
1390 1571 1466 1606 aut

73 1631 239 1693 aliquos
263 1632 424 1677 alienos
441 1632 641 1692 improbe
664 1633 888 1677 attendere
908 1668 918 1688 ,
944 1643 1020 1678 aut
1045 1642 1280 1677 senestram
1311 1634 1465 1678 crebro

73 1713 289 1764 repetere3
313 1719 462 1748 nonne
491 1704 641 1763 arripit
658 1739 669 1759 ⁷
689 1703 892 1748 verberat
911 1740 922 1759 ,
955 1713 998 1748 et
1025 1703 1101 1749 dat
1127 1704 1399 1764 disciplinam
1420 1705 1467 1750 in

74 1774 206 1818 domo
228 1776 336 1818 sua?
355 1773 634 1834 Respondeat
650 1773 711 1817 illi
724 1790 855 1830 uxor,
876 1774 919 1819 Si
932 1783 1075 1834 potes,
1096 1776 1311 1819 Venerem
1328 1775 1463 1831 caede,

74 1860 163 1890 non
180 1860 266 1889 me.
286 1848 442 1890 Nonne
459 1854 501 1889 et
523 1845 598 1889 ille
622 1844 929 1905 respondebit?
946 1848 1086 1890 Fatua
1101 1881 1111 1901 ,
1127 1845 1243 1890 aliud
1266 1855 1330 1890 est
1346 1846 1467 1906 quod

75 1916 286 1975 competit
303 1915 474 1970 rectori,
491 1915 609 1959 aliud
623 1915 743 1976 quod
757 1916 976 1975 profertur
987 1916 1188 1976 emptori.
1205 1919 1322 1976 Ergo
1340 1915 1468 1960 electi

76 2001 225 2030 eorum
248 1986 323 2046 qui
341 1988 472 2030 sunt?
494 1985 632 2030 Electi
649 1986 889 2042 malorum,
929 1986 1056 2032 electi
1084 1987 1343 2047 impiorum,
1365 2002 1467 2032 cum

77 2057 235 2118 quibus
257 2072 345 2101 non
373 2065 437 2100 est
465 2056 836 2112 combinandum,
872 2056 917 2101 id
938 2067 1007 2102 031
1023 2093 1033 2113 ,
1058 2073 1158 2102 011111
1180 2059 1341 2118 quibus
1377 2073 1468 2103 non

79 2137 140 2172 est
156 2127 359 2171 habenda
381 2127 576 2172 societas.
596 2127 679 2180 Qui
695 2137 798 2172 sunt
820 2130 998 2172 autem?
1026 2129 1298 2173 Arbitrantes
1319 2144 1362 2173 se
1374 2129 1469 2189 jus-

78 2207 165 2251 tos,
187 2207 230 2242 01
251 2207 578 2242 contemnentes
600 2207 779 2243 caeteros
797 2199 917 2258 quasi
934 2208 1197 2258 peccatores,
1218 2200 1329 2244 sicut
1345 2208 1469 2243 erant

78 2268 140 2313 illi
162 2269 394 2313 Ρ111111313012
412 2289 422 2321 3
444 2278 519 2313 aut
541 2269 642 2329 quia
660 2270 749 2329 ipsa
771 2280 950 2330 peccata
970 2269 1197 2314 manifeste
1218 2271 1289 2314 vel
1312 2270 1468 2330 depre-

79 2339 335 2384 henduntur
350 2375 360 2394 ,
379 2339 447 2383 vel
469 2339 644 2399 publice
666 2341 780 2384 fiunt
795 2375 805 2395 ,
833 2339 1119 2385 defendentes
1138 2351 1181 2385 et
1199 2351 1433 2386 asserentes
1454 2377 1465 2397 ,

81 2425 136 2453 110
152 2409 317 2470 aliquid
340 2409 481 2469 culpae
504 2425 652 2454 eorum
676 2411 894 2455 tribuatur
915 2432 925 2468 3
950 2420 993 2455 et
1027 2421 1078 2456 ut
1110 2413 1190 2472 ipsi
1221 2412 1329 2456 nihil
1367 2412 1470 2456 mali

82 2479 231 2525 fecisse
246 2480 525 2541 judicentur,
557 2480 632 2525 sed
666 2489 807 2525 totum
842 2485 978 2540 Deus,
1015 2483 1092 2544 qui
1124 2483 1194 2528 vel
1215 2483 1275 2528 310
1309 2483 1471 2528 creavit

131 2573 138 2589 ¹
167 2567 249 2599 Psal.
274 2579 325 2608 u,
343 2566 374 2598 5.
399 2585 439 2590 —
461 2574 472 2590 ²
496 2569 569 2600 Luc.
592 2577 680 2607 xviii,
703 2579 734 2610 9.
