1815 3253
332 199 416 238 392
769 209 801 237 s.
839 211 1069 240 Auens'flm
1100 213 1281 241 EPISCOPI

332 293 352 315 »
390 273 495 318 mihi
524 273 745 333 prodest1.
775 293 794 316 »
821 277 937 333 Ergo
974 276 1229 321 charitatem
1252 277 1379 333 dixit,
1410 296 1430 320 «
1467 279 1713 337 Superemi—
1775 266 1801 276 '¹

333 362 353 385 »
380 344 621 388 nentiorem
639 344 767 388 viam.
785 362 805 385 »
822 347 980 403 Magna
997 346 1076 389 ista
1102 346 1189 401 via,
1217 347 1392 402 fratres,
1411 363 1619 406 magnum
1633 348 1716 391 mi-
1756 379 1758 382 v
1789 341 1792 346 ¹
1814 358 1815 361 ’

327 413 526 458 raculum
548 414 696 458 habet.
723 416 828 458 Haec
844 414 912 459 via
932 424 1048 459 certe
1065 449 1076 470 ‚
1101 416 1204 475 quia
1225 417 1616 476 supereminentior
1631 426 1711 473 est,

327 493 372 528 et
393 483 672 528 excellentior
694 493 784 529 est:
811 484 895 528 hoc
917 485 1034 529 enim
1069 486 1389 544 supereminet,
1422 485 1543 546 quod
1571 486 1714 531 excel-

326 569 424 599 sum
453 563 530 598 est.
557 553 675 600 Nihil
698 553 907 598 excelsius
928 555 996 599 via
1015 555 1233 600 charitatis
1252 591 1263 610 ‚
1288 566 1332 601 et
1348 573 1437 601 non
1458 556 1504 600 in
1525 556 1598 600 illa
1621 572 1714 600 am·
1733 572 1746 587 ·
1805 565 1810 571 '

324 623 481 669 bulant
516 624 596 668 nisi
632 623 833 668 humiles.
873 627 959 669 Has
996 640 1099 684 ergo
1138 626 1334 681 semitas,
1375 626 1480 671 dicit
1500 635 1716 686 praecepta

326 695 527 739 charitas.
564 713 584 736 «
620 697 686 738 Tu
705 729 716 749 ,
747 695 916 754 inquit,
957 696 1199 754 cognovisti
1235 696 1407 740 semitas
1440 711 1556 740 meas
1582 716 1591 741 ε
1620 714 1639 737 >>
1666 705 1716 742 tu
1758 699 1786 719 ²
1811 692 1814 697 ’

326 764 440 809 nosti
468 764 571 824 quia
593 763 715 824 quod
736 780 816 824 pro
850 774 893 809 te
916 765 1057 824 patior
1074 800 1085 820 ‚
1122 762 1267 810 amo're
1288 767 1428 826 patior
1457 785 1465 811 :
1491 775 1539 810 tu
1573 767 1714 823 nosti,

326 835 428 895 quia
451 835 635 879 charitas
649 835 695 878 in
713 850 782 878 me
797 835 941 879 omnia
961 834 1117 879 tolerat
1136 855 1145 880 :
1168 844 1214 880 tu
1231 837 1360 891 nosti,
1376 836 1477 897 quia
1496 837 1573 881 etsi
1590 836 1716 881 trado
1782 860 1783 866 =

327 921 485 965 corpus
507 920 654 949 meum
677 914 728 949 ut
742 904 939 962 ardeam,
964 906 1105 951 habeo
1127 905 1267 963 illam,
1286 908 1377 952 sine
1389 923 1475 968 qua
1496 907 1607 952 illud
1628 923 1718 953 non

334 976 513 1037 prodest
533 975 718 1020 homini.

385 1048 508 1091 VIII.
535 1046 637 1099 Quis
655 1055 801 1090 autem
824 1047 945 1091 novit
963 1047 1051 1092 vias
1072 1047 1172 1092 istas
1196 1048 1383 1092 hominis
1402 1083 1413 1104 ,
1439 1047 1593 1092 fratres
1609 1048 1712 1104 mei,

329 1117 411 1161 nisi
449 1132 549 1161 vere
571 1115 644 1160 ille
682 1118 754 1161 cui
787 1117 953 1162 dictum
991 1127 1081 1173 est,
1117 1137 1138 1161 «
1175 1122 1240 1162 Tu
1275 1120 1513 1177 cognovisti
1547 1119 1718 1163 semitas

333 1206 353 1229 »
389 1189 533 1231 meas?
552 1206 572 1228 »
599 1188 753 1231 Omnia
775 1188 892 1231 enim
914 1186 1028 1232 sacta
1065 1189 1256 1232 humana
1278 1198 1379 1233 ante
1404 1189 1551 1234 oculos
1574 1189 1718 1233 homi-

331 1274 462 1313 num,
486 1259 703 1303 incertum
726 1267 790 1302 est
811 1274 899 1318 quo
917 1258 1048 1303 corde
1069 1259 1191 1303 fiant.
1212 1262 1269 1303 Et
1291 1275 1420 1319 quam
1447 1259 1572 1304 multi
1599 1260 1720 1320 impii

329 1329 559 1373 metientes
577 1328 827 1387 semetipsos
842 1343 892 1371 ex
907 1328 1145 1388 semetipsis
1159 1363 1170 1384 ‚
1191 1328 1343 1374 dicunt
1357 1328 1412 1373 de
1433 1331 1558 1374 nobis
1573 1366 1584 1384 ‚
1598 1330 1719 1390 quod
1767 1371 1770 1376 .

329 1400 411 1444 ista
439 1399 486 1442 in
516 1398 708 1443 Ecclesia
745 1399 982 1459 quaerimus
1004 1435 1015 1454 ‚
1052 1400 1262 1456 honores,
1299 1400 1471 1456 laudes,
1512 1401 1719 1446 utilitates

331 1468 621 1529 temporales?
643 1471 784 1522 Quam
805 1469 932 1513 multi
955 1469 1131 1525 dicunt,
1156 1486 1225 1514 me
1247 1480 1475 1530 propterea
1496 1470 1618 1531 loqui
1637 1486 1719 1516 vo-

331 1539 428 1596 bis,
463 1548 514 1584 ut
547 1538 792 1583 acclametis
821 1548 864 1583 et
885 1539 1069 1584 laudetis
1100 1556 1194 1596 me,
1226 1549 1269 1584 et
1292 1542 1410 1586 hunc
1451 1557 1521 1585 me
1558 1541 1719 1585 habere

330 1611 467 1654 finem
488 1618 531 1653 et
552 1610 665 1654 hanc
687 1610 995 1665 intentionem,
1016 1626 1113 1654 cum
1137 1611 1322 1671 loquor?
1339 1614 1401 1656 Et
1420 1611 1642 1672 quomodo
1660 1612 1719 1656 eis

333 1679 516 1725 ostendo
536 1696 626 1725 non
655 1695 703 1723 ea
726 1679 967 1724 intentione
988 1695 1058 1724 me
1094 1680 1247 1741 loqui?
1279 1685 1430 1726 Restat
1464 1692 1514 1726 ut
1545 1683 1716 1738 dicam,

336 1769 357 1792 «
395 1753 459 1793 Tu
494 1749 734 1808 cognovisti
764 1750 935 1793 semitas
969 1765 1147 1794 meas.»
1182 1752 1413 1804 Quomodo
1449 1752 1513 1795 illi
1549 1752 1716 1808 sciunt,

333 1819 455 1879 quod
476 1834 556 1863 nec
577 1835 654 1863 vos
687 1819 828 1863 scitis?
850 1819 1082 1872 Quomodo
1104 1819 1167 1864 illi
1199 1821 1343 1865 sciunt
1358 1857 1368 1876 ‚
1408 1821 1529 1882 quod
1548 1822 1616 1865 vix
1638 1837 1719 1881 ego

332 1889 450 1934 scio?
471 1892 624 1948 Neque
656 1889 772 1932 enim
797 1903 875 1947 ego
897 1904 968 1933 me
998 1889 1140 1949 ipsum
1169 1889 1362 1950 dijudico
1384 1911 1392 1936 ε
1426 1893 1501 1952 qui
1519 1892 1634 1935 enim
1649 1891 1719 1935 di-

327 1959 495 2021 judicat
521 1975 615 2014 me,
647 1960 857 2003 Dominus
889 1961 996 2004 est2.
1032 1978 1052 2001 »
1083 1961 1237 2006 Nescio
1264 1961 1372 2021 quid
1397 1961 1452 2005 de
1491 1977 1535 2005 se
1568 1965 1719 2006 Petrus

332 2031 527 2075 nesciens
558 2031 806 2091 praesumit,
828 2040 871 2075 et
905 2031 1025 2075 aliud
1053 2031 1231 2076 videbat
1265 2032 1457 2076 medicus
1488 2033 1532 2076 in
1553 2033 1719 2077 viribus

331 2103 437 2162 ejus.
463 2104 580 2161 Ergo
602 2102 672 2161 pie
700 2117 898 2161 pureque
919 2101 1131 2145 clametur
1147 2101 1201 2144 ad
1220 2102 1471 2158 Dominum,
1496 2103 1598 2162 quia
1619 2118 1719 2148 vere

331 2172 572 2228 clamatur,
620 2191 641 2215 «
677 2175 742 2216 Tu
773 2172 1013 2230 cognovisti
1048 2173 1218 2216 semitas
1246 2188 1378 2217 meas.
1408 2191 1428 2214 »
1471 2174 1554 2218 Sed
1585 2175 1647 2219 vis
1669 2184 1719 2219 ut

331 2242 465 2286 ducat
485 2250 529 2286 te
551 2257 628 2301 per
657 2242 768 2301 ipsas
797 2242 993 2286 semitas?
1026 2245 1130 2287 Esto
1159 2242 1306 2286 mitis?
1325 2252 1415 2287 esto
1441 2253 1715 2304 mansuetus3

328 2310 419 2356 noli
442 2326 531 2355 esse
555 2309 696 2367 ferox,
720 2311 809 2356 noli
828 2312 1064 2371 superbus,
1086 2312 1175 2357 noli
1205 2328 1379 2358 excussa
1393 2323 1435 2357 et
1457 2323 1599 2359 erecta
1616 2330 1712 2359 cer-

327 2383 446 2438 vice,
476 2401 496 2424 «
533 2383 653 2428 Sicut
675 2398 812 2444 equus
844 2392 887 2427 et
919 2384 1086 2440 mulus,
1113 2384 1272 2446 quibus
1304 2400 1393 2429 non
1424 2394 1487 2429 est
1523 2385 1715 2430 intellec-

330 2471 351 2494 »
386 2453 496 2497 tus3.
526 2454 674 2498 »Cum
691 2453 806 2498 enim
827 2452 960 2498 fueris
980 2454 1094 2498 mitis
1112 2489 1123 2510 ‚
1144 2470 1244 2498 cum
1273 2453 1405 2499 fueris
1426 2465 1676 2500 mansuetus
1697 2491 1710 2512 ‚

384 2543 393 2561 ¹
413 2539 509 2571 teor.
530 2547 601 2579 xnr,
628 2537 689 2570 1-3.
707 2555 747 2562 —
774 2545 787 2562 2
806 2539 854 2580 Id,
873 2549 916 2580 ιν,
937 2538 970 2578 3,
986 2538 1018 2580 4.
1040 2555 1081 2562 —-—
1102 2537 1116 2563 3
1135 2538 1215 2572 Psal.
1232 2549 1323 2580 xxxx,
1344 2551 1377 2581 9.
