1815 3253
359 181 441 220 160
776 191 809 219 s.
846 189 1076 221 Auens-nm
1107 192 1288 221 EPISCOPI

354 257 477 300 triam
507 275 516 300 :
542 256 756 317 numquid
778 266 820 301 et
846 267 1020 316 peccata
1041 257 1232 316 linguae?
1255 255 1470 317 numquid
1493 266 1536 301 et
1558 267 1732 317 peccata

354 326 523 371 cordis?
549 328 763 387 Scriptum
777 337 862 382 est,
889 348 909 370 «
926 332 1157 373 Peccatum
1170 329 1373 389 iniquitas
1389 330 1492 372 est1.
1514 330 1619 381 Quis
1632 344 1733 388 ergo

357 415 376 438 »
412 397 662 453 sustinebit,
690 398 723 441 si
736 406 784 442 tu
797 397 1044 458 iniquitates
1067 398 1418 444 observaverisP»
1441 397 1482 442 Si
1509 398 1734 443 nobiseum
1777 441 1779 461 ᾗ

352 482 524 512 severus
552 467 687 527 judex
720 483 843 526 agere
865 468 1074 524 volueris,
1100 484 1188 514 non
1210 469 1449 514 misericors
1471 477 1616 528 pater,
1641 469 1735 529 quis
1776 468 1778 476 ’

354 537 485 582 stabit
508 547 608 582 ante
645 538 793 583 oeulos
821 540 950 583 tuos?
976 538 1059 583 Sed
1085 557 1105 580 «
1129 542 1207 584 Est
1234 539 1350 599 apud
1384 548 1427 583 te
1463 539 1731 599 propitiatio,

355 626 375 648 »
411 617 587 667 propter
620 609 760 667 legem
794 618 915 654 tuam
943 610 1126 654 sustinui.
1159 619 1202 654 te
1223 610 1421 655 Domine.
1450 627 1470 651 ))
1496 608 1645 663 Qualis
1673 618 1736 654 est

353 677 421 722 lex
442 679 547 722 ista?
574 697 594 721 α
621 679 813 724 Invicem
836 695 966 724 onera
988 670 1341 739 vestiff‘i'fiortate,
1366 689 1409 723 et
1430 680 1489 723 sie
1506 679 1737 738 implebitis

356 766 376 789 »
411 747 551 807 legem
573 749 773 793 Christi‘2.
803 768 823 790 n
851 749 935 802 Qui
958 758 1131 809 portant
1153 750 1339 794 invicem
1373 764 1504 794 onera
1526 752 1627 794 sua?
1653 750 1737 802 Qui

352 817 538 861 fideliter
561 818 738 873 dieunt,
775 838 794 861 «
821 819 999 863 Dimitte
1033 820 1157 864 nobis
1179 820 1326 864 debita
1354 830 1522 876 nostra,
1555 820 1665 864 sieut
1695 828 1737 864 et

355 906 375 929 »
411 904 488 933 nos
512 889 770 932 dimittimus
793 889 1063 934 debitoribus
1082 890 1280 934 nostrisss.
1311 909 1330 932 »

412 962 487 1002 Vl.
527 978 547 1000 (ι
584 959 798 1004 Sustinuit
826 960 966 1003 anima
990 975 1083 1003 mea
1107 960 1152 1003 in
1182 961 1363 1004 verbum
1389 968 1528 1004 tuum.
1558 978 1577 999 η
1603 962 1737 1005 Nemo

353 1029 561 1084 sustinet,
606 1030 686 1073 nisi
718 1030 793 1089 qui
817 1030 1016 1074 nondum
1039 1031 1204 1090 accepit
1225 1031 1346 1090 quod
1368 1030 1626 1090 promissum
1656 1039 1734 1075 est.

352 1102 461 1144 Nam
484 1099 558 1160 qui
570 1100 659 1159 jam
677 1099 868 1158 accepit,
895 1100 1001 1160 quid
1023 1100 1231 1145 sustinet?
1252 1101 1508 1160 Accepimus
1530 1100 1739 1145 remissio·
1769 1110 1771 1124 ¹
1812 1094 1815 1145 ἶ

354 1185 454 1214 nem
492 1179 769 1229 peccatorum
792 1205 802 1225 ,
840 1170 915 1214 sed
937 1171 1195 1230 promissum
1218 1181 1281 1216 est
1298 1172 1423 1216 nobis
1446 1186 1626 1230 regnum
1649 1187 1738 1216 coe·
1791 1230 1794 1233 1

352 1239 496 1283 lorum
524 1258 532 1283 :
558 1240 705 1284 debita
728 1249 873 1283 nostra
896 1239 1038 1284 deleta
1060 1249 1160 1284 sunt
1177 1276 1188 1296 ,
1213 1242 1288 1285 sed
1313 1256 1476 1286 merces
1497 1250 1643 1285 nostra
1662 1240 1738 1285 ad-
1814 1296 1815 1302 ¹

352 1310 439 1353 huc
466 1309 615 1353 futura
649 1318 712 1354 est
738 1328 746 1353 :
772 1310 1015 1368 accepimus
1045 1310 1239 1366 veniam,
1272 1310 1347 1355 sed
1376 1319 1583 1355 aeternam
1605 1311 1737 1355 vitam
1766 1345 1769 1359 ,

353 1379 551 1423 nondum
577 1388 791 1425 tenemus.
822 1377 904 1423 Sed
921 1379 996 1438 qui
1012 1378 1133 1424 dedit
1153 1380 1346 1436 veniam,
1370 1381 1461 1440 ipse
1482 1380 1679 1440 promisit
1695 1388 1738 1425 et
1765 1369 1767 1424 J
1812 1414 1815 1429 ,

351 1450 485 1495 vitam
522 1458 744 1494 aeternam.
779 1450 821 1494 Si
849 1449 1033 1493 verbum
1068 1459 1265 1494 nostrum
1307 1459 1439 1505 esset,
1481 1449 1737 1496 deberemus

351 1521 503 1564 timere
523 1539 531 1565 :
549 1520 651 1580 quia
672 1519 855 1564 verbum
877 1519 954 1563 Dei
973 1528 1057 1574 est,
1085 1535 1175 1564 non
1193 1519 1318 1564 fallit.
1347 1521 1493 1565 Securi
1515 1536 1618 1579 ergo
1639 1536 1737 1580 spe-

351 1607 494 1635 ramus
517 1592 562 1635 in
580 1591 762 1636 verbum
784 1592 896 1651 ejus,
927 1590 1003 1650 qui
1026 1589 1176 1635 fallere
1201 1607 1290 1636 non
1306 1600 1460 1651 potest.
1491 1610 1511 1634 «
1541 1592 1737 1651 Speravit

352 1681 372 1704 »
409 1662 551 1706 anima
593 1677 688 1706 mea
722 1661 768 1705 in
804 1660 1060 1716 Dominum,
1100 1677 1124 1705 a
1163 1661 1308 1720 vigilia
1342 1661 1554 1705 matutina
1596 1667 1741 1722 usque'

352 1753 371 1775 »
408 1732 460 1777 ad
486 1733 700 1777 noctem4.
724 1750 744 1773 »
770 1732 885 1785 Quid
907 1741 970 1776 est
992 1731 1114 1792 quod
1135 1732 1219 1775 ait?
1253 1735 1349 1777 Uno
1371 1731 1442 1776 die
1476 1733 1662 1791 speravit
1688 1733 1734 1777 in
1760 1768 1762 1787 ,
1810 1727 1813 1778 s

355 1805 583 1849 Dominum
599 1838 610 1858 ,
637 1813 680 1847 et
698 1803 820 1846 finita
843 1812 906 1847 est
925 1812 1014 1847 tota
1036 1818 1129 1862 spes
1151 1803 1309 1862 ipsius?
1335 1823 1354 1845 «
1382 1806 1419 1847 A
1436 1803 1578 1861 vigilia
1596 1812 1733 1848 matu·
1760 1817 1761 1821 ’

352 1894 370 1916 »
407 1876 497 1919 tina
531 1889 668 1934 usque
703 1872 758 1917 ad
789 1882 984 1928 noctem,
1021 1873 1207 1932 speravit
1243 1873 1288 1916 in
1322 1874 1572 1917 Dominum.
1600 1891 1620 1915 »
1648 1877 1732 1918 Ista
1811 1865 1813 1873 ⁴

347 1945 492 2003 vigilia
511 1944 719 1988 matutina
733 1978 743 1998 ,
770 1943 865 1986 finis
888 1942 1025 1987 noetis
1047 1953 1109 1986 est
1130 1961 1138 1986 :
1163 1943 1265 1986 hine
1287 1962 1306 1984 «
1327 1945 1471 2002 Usque
1493 1942 1547 1986 ad
1560 1952 1731 1987 noctem

351 2034 371 2056 »
406 2015 594 2074 speravit
610 2014 751 2056 anima
775 2028 869 2056 mea
889 2013 934 2056 in
948 2013 1194 2056 Dominum.
1219 2031 1238 2053 »
1260 2016 1376 2071 Ergo
1398 2012 1730 2070 intelligendum
1757 2046 1759 2066 3

348 2096 411 2130 est
426 2121 436 2141 ,
468 2101 523 2128 ne
541 2094 744 2144 putemus
771 2099 860 2127 uno
888 2083 958 2126 die
980 2083 1103 2126 nobis
1125 2083 1387 2142 sperandum
1405 2098 1494 2127 esse
1514 2084 1559 2126 in
1582 2084 1730 2128 Domi-

347 2171 476 2210 num,
505 2174 524 2196 «
551 2159 587 2198 A
608 2153 751 2211 vigilia
775 2153 989 2196 matutina
1011 2168 1149 2212 usque
1167 2153 1221 2196 ad
1243 2162 1430 2196 noctem.
1447 2172 1466 2194 u
1485 2153 1600 2207 Quid
1628 2168 1730 2212 ergo
1754 2180 1756 2188 ν
1811 2166 1813 2174 ’

346 2227 506 2286 putatis
525 2260 536 2278 ,
562 2224 738 2269 fratres?
762 2227 854 2268 Hoc
878 2232 962 2277 est,
996 2242 1015 2264 «
1042 2227 1078 2267 Α
1102 2222 1243 2280 vigilia
1270 2224 1482 2268 matutina
1505 2240 1643 2284 usque
1674 2224 1729 2268 ad
1754 2281 1755 2287 1
1811 2214 1813 2230 ⁷

349 2316 367 2335 u
406 2305 599 2349 noctem,
625 2294 811 2354 speravit
828 2293 970 2336 anima
992 2308 1087 2336 mea
1108 2293 1153 2335 in
1177 2294 1409 2337 Dominum
1434 2313 1441 2338 :
1470 2313 1489 2335 »
1516 2295 1615 2354 quia
1640 2297 1727 2337 Do-
1753 2289 1755 2334 ἒ
1811 2307 1813 2312 ’

345 2367 488 2410 minus
521 2381 596 2424 per
633 2379 764 2424 quem
799 2364 924 2407 nobis
955 2363 1128 2406 dimissa
1166 2373 1266 2408 sunt
1286 2373 1483 2423 peccata,
1509 2365 1553 2407 in
1585 2363 1753 2423 vigilia4
1810 2352 1812 2363 ¹

347 2437 558 2480 matutina
587 2434 816 2478 resurrexit
839 2449 861 2476 a
889 2433 1090 2487 mortuis,
1126 2442 1173 2477 ut
1198 2433 1279 2477 hoc
1296 2449 1515 2493 speremus
1537 2434 1580 2477 in
1604 2434 1726 2478 ,nohis

393 2528 400 2543 ¹
432 2533 442 2552 i
464 2523 558 2553 Joan.
575 2531 624 2558 111,
639 2518 670 2560 4.
693 2535 732 2541 -
753 2525 765 2540 ²
780 2518 849 2551 Gal.
866 2529 911 2559 vi,
925 2526 957 2551 ⁴2.
973 2534 1013 2540 -—-
1035 2515 1046 2540 3
1066 2518 1178 2549 Matih.
1199 2529 1244 2558 vi,
1269 2527 1318 2550 12.
1337 2534 1375 2543 -·
1395 2517 1409 2548 4
1427 2518 1506 2550 Psal.
1525 2529 1633 2558 cxxix,
1648 2517 1724 2559 5,6.
