1815 3253
370 214 612 244 umanum
646 219 688 244 m
723 216 926 246 rsALMUM
958 219 1088 245 exui.
1328 207 1411 246 413

55 282 172 327 ebita
195 284 368 326 vestra?
392 282 700 343 Respondeant
722 304 730 329 z
762 303 781 326 «
806 285 1019 338 Quoniam
1042 299 1131 329 non
1149 285 1412 345 justificabi-

84 361 153 396 tur
174 368 218 396 in
241 363 479 412 conspectu
502 362 577 398 tuo
602 355 740 399 omnis
762 356 925 400 vivens.
955 373 975 396 »

82 425 182 467 vlt,
203 425 446 477 «Quoniam
463 435 714 484 persecutus
732 435 795 470 est
816 426 1016 470 inimicus
1039 426 1227 471 animam
1250 441 1409 482 meam,

38 513 47 536 ›
81 494 327 541 humiliavit
349 496 393 540 in
415 505 528 541 terra
547 498 678 542 vitam
704 513 845 542 meam
865 499 893 540 ¹.
914 516 934 538 »
959 497 1069 541 Vide
1091 513 1190 551 nos,
1216 496 1317 541 vide
1339 513 1413 542 ca-

0 555 6 562 ’
37 575 104 611 >ut
120 576 316 611 nostrum
336 583 414 627 pro
438 567 561 613 nobis
588 588 597 614 :
630 589 649 612 «
671 568 887 623 Quoniam
910 578 1161 628 persecutus
1183 577 1246 612 est
1268 568 1414 612 inimi-

37 656 46 680 »
80 653 156 682 cus
179 638 368 682 animam
398 653 556 683 meam.
587 658 606 680 »
634 643 890 684 Persecutus
914 647 977 683 est
999 638 1128 698 plane
1151 647 1194 682 et
1212 637 1414 682 diabolus

50 709 211 753 nimam
234 709 417 765 Christi,
442 719 485 754 et
507 710 641 755 Judas
679 712 865 755 animam
889 710 1079 768 magistri
1105 729 1113 754 ;
1140 718 1183 753 et
1213 725 1331 754 nunc
1359 708 1414 753 ad

35 779 367 824 Jersecutionem
392 781 583 840 corporis
604 781 762 826 Christi
786 780 898 825 idem
923 780 1122 825 diabolus
1140 789 1308 834 manet,
1335 783 1415 824 Ju-

35 848 97 894 las
114 859 259 894 autem
279 853 301 894 J
309 849 406 894 udae
429 852 636 896 succedit.
661 855 758 897 Non
780 867 884 911 ergo
906 851 1027 896 deest
1047 851 1102 896 de
1120 868 1208 912 quo
1230 852 1348 896 dicat
1371 860 1416 895 et

33 936 194 981 :orpus‚
217 940 235 963 «
255 922 466 974 Quoniam
483 932 734 981 persecutus
749 933 812 967 est
828 923 1026 967 inimicus
1046 923 1237 966 animam
1255 938 1413 978 meam,

32 1010 47 1035 ι)
81 991 329 1036 humiliavit
349 993 393 1036 in
412 1001 523 1037 terra
547 994 679 1038 vitam
702 1010 857 1038 meam.
886 993 1157 1048 Humiliavit‚
1177 993 1347 1053 inquit,
1369 993 1417 1038 in

32 1081 46 1106 ·›
82 1072 194 1107 terra
218 1063 353 1108 vitam
370 1080 528 1108 meam.
557 1084 576 1106 »
604 1065 702 1109 Alio
732 1065 827 1109 loco
849 1065 1008 1109 dicitur
1029 1084 1038 1110 :
1064 1084 1085 1107 ε(
1109 1067 1417 1109 Curvaverunt

0 1185 6 1194 ,
31 1153 46 1177 ι)
82 1134 271 1179 animam
291 1151 433 1179 meam
448 1140 480 1179 ².
507 1155 527 1177 η
554 1135 668 1188 Quid
689 1136 803 1180 enim
833 1136 1060 1180 nobiscum
1084 1137 1196 1194 agit,
1217 1135 1416 1196 quisquis

0 1257 5 1265 ¹
55 1207 318 1267 ersequitur,
347 1207 426 1250 nisi
457 1217 505 1251 ut
527 1207 676 1252 relicta
699 1223 774 1268 spe
797 1207 962 1251 coelesti
988 1217 1146 1251 terram
1170 1208 1387 1267 sapiamus
1402 1243 1413 1262 ‚

0 1301 4 1347 ἰ
29 1279 290 1339 persecutori
317 1279 521 1323 cedentes
546 1288 716 1323 terrena
745 1279 1013 1337 diligamus?
1035 1281 1091 1322 Et
1112 1277 1175 1321 illi
1203 1277 1382 1338 quidem
1403 1313 1414 1333 ‚

0 1398 3 1407 ³
57 1358 241 1392 uantum
266 1349 310 1392 in
332 1349 432 1408 ipsis
461 1359 550 1404 est,
576 1350 659 1394 hoc
688 1359 822 1407 agunt
846 1369 854 1393 :
891 1350 1017 1394 nobis
1039 1358 1185 1393 autem
1210 1349 1292 1393 hoc
1326 1364 1419 1393 non

0 1459 2 1464 ,
27 1419 272 1478 contingat,
288 1420 448 1480 quibus
472 1420 656 1466 dicitur:
676 1440 696 1462 α
720 1421 764 1465 Si
786 1420 1075 1464 resurrexistis
1099 1435 1199 1464 cum
1225 1419 1414 1474 Christo,

0 1481 2 1487 ’
28 1507 49 1532 »
84 1506 183 1550 quae
211 1506 380 1534 sursum
418 1499 519 1535 sunt
550 1492 711 1551 sapite⁷
747 1490 825 1534 ubi
857 1491 1055 1536 Christus
1083 1499 1147 1534 est
1167 1490 1212 1535 in
1243 1489 1420 1534 dextera

28 1579 48 1603 »
84 1561 162 1606 Dei
179 1561 359 1620 sedens3
384 1578 484 1623 quae
506 1578 678 1608 sursum
701 1572 803 1607 sunt
821 1563 1025 1623 quaerite,
1051 1578 1141 1606 non
1168 1578 1268 1622 quae
1289 1576 1420 1620 super

29 1650 50 1674 »
84 1641 244 1676 terram
271 1652 280 1677 z
306 1633 467 1677 mortui
489 1634 605 1677 enim
639 1633 738 1677 estis
755 1635 787 1677 3.
817 1651 838 1675 »
864 1635 972 1678 Nam
1000 1649 1089 1677 non
1106 1632 1420 1693 justificabitur

23 1718 171 1748 coram
195 1707 284 1748 Deo
307 1704 446 1749 omnis
468 1704 632 1749 vivens.
658 1704 727 1749 Illi
758 1720 862 1763 ergo
899 1704 969 1748 vel
998 1713 1146 1764 aperte
1168 1703 1386 1748 saeviendo
1404 1737 1416 1759 ‚

25 1773 96 1820 vel
116 1775 287 1821 occulte
303 1775 550 1821 insidiando
571 1785 788 1821 conantur
810 1775 1048 1835 perducere
1069 1776 1204 1820 vitam
1227 1785 1420 1820 nostram

26 1846 82 1891 ad
114 1856 289 1891 terram.
326 1849 490 1892 Contra
517 1848 596 1892 hos
628 1846 887 1907 vigilemus,
922 1855 972 1891 ut
996 1846 1139 1891 dicere
1171 1847 1417 1905 possimus:

31 1936 53 1960 «
85 1919 240 1963 Nostra
263 1918 379 1962 enim
401 1917 669 1962 conversatio
691 1918 735 1962 in
759 1917 882 1962 coelis
903 1925 967 1961 est
984 1918 1015 1961 4.
1043 1908 1323 1974 Humiliav‘it‚
1348 1917 1421 1962 in-

31 2006 52 2031 »
85 1988 210 2048 quit,
233 1989 279 2032 in
303 1998 414 2033 terra
435 1988 569 2033 vitam
592 2004 734 2033 meam
759 2007 779 2029 »
806 1988 1023 2032 inimicus.

87 2062 210 2105 VIII.
236 2079 256 2102 «
278 2058 617 2105 Collocaverunt
639 2076 709 2104 me
730 2060 776 2104 in
798 2059 1039 2105 tenebrosis
1057 2094 1067 2115 ,
1094 2059 1206 2104 sicut
1226 2068 1422 2105 mortuos

31 2149 52 2173 »
88 2131 251 2175 saeculi.
281 2150 301 2173 »
325 2134 418 2176 Hoc
434 2147 458 2176 a
486 2131 627 2191 capite
648 2129 888 2191 expeditius
906 2129 1093 2186 auditis,
1119 2139 1163 2175 et
1179 2131 1422 2191 expeditius

29 2203 113 2248 hoc
136 2203 182 2247 in
200 2204 341 2263 capite
365 2204 609 2262 agnoscitis.
638 2202 717 2247 Ille
735 2202 852 2247 enim
874 2218 953 2262 pro
975 2202 1100 2247 nobis
1122 2211 1321 2247 mortuus
1337 2202 1422 2247 fac-

31 2284 100 2320 tus
123 2284 209 2330 est,
247 2274 323 2319 sed
351 2290 440 2319 non
462 2284 660 2319 mortuus
694 2273 855 2319 saeculi.
882 2274 968 2328 Qui
989 2274 1105 2318 enim
1129 2275 1291 2319 mortui
1322 2284 1424 2319 sunt

33 2346 213 2391 saeculi?
233 2349 291 2390 Et
307 2346 531 2406 quomodo
553 2345 625 2390 ille
646 2361 736 2391 non
757 2354 851 2389 erat
871 2353 1071 2389 mortuus
1093 2343 1241 2388 saeculi
1260 2346 1277 2388 P
1300 2348 1423 2389 Mor-

33 2419 97 2463 tui
118 2418 289 2472 saeculi,
315 2417 470 2462 merito
492 2417 682 2472 mortui,
717 2416 965 2461 mercedem
984 2416 1239 2475 recipientes
1257 2416 1424 2476 iniqui-

36 2489 131 2533 tatis
148 2525 158 2544 ‚
185 2499 228 2534 et
250 2497 434 2534 mortem
470 2487 680 2533 ducentes
714 2503 765 2532 ex
799 2487 964 2547 peccati
987 2486 1252 2547 propagine3
1278 2502 1327 2530 ex
1353 2485 1425 2530 illa

86 2583 102 2615 ¹,
121 2574 198 2607 Psal.
223 2586 318 2616 extu,
341 2585 371 2617 5.
393 2573 533 2617 --Ξζῐὼ
556 2584 620 2616 tvi,
637 2584 668 2616 7.
693 2590 731 2597 -
755 2571 768 2596 3
783 2572 902 2606 Coloss.
924 2584 970 2615 in,
990 2583 1017 2603 1.
1035 2570 1103 2601 —4
1120 2571 1232 2614 Philip.
1254 2583 1301 2614 iu,
1323 2582 1375 2604 20.
