1815 3253
372 220 456 262 334
796 235 831 262 s.
866 232 1096 263 Auensnm
1127 235 1309 264 13121500121

370 299 507 354 ciera,
531 314 621 359 quo
648 299 928 344 obscuriora?
950 301 1138 346 Conficit
1159 301 1283 345 nobis
1305 300 1529 359 potionem
1551 299 1607 344 ad
1630 308 1767 344 amo-²

370 384 461 413 rem
484 385 635 424 suum,
670 369 934 429 quibusdam
956 370 1094 415 modis
1130 371 1263 415 miris.
1295 371 1493 415 Mirificat
1519 371 1608 429 ipsa
1636 370 1752 415 dicta

370 454 445 483 sua
457 475 468 494 ‚
493 449 544 484 ut
564 456 666 484 cum
683 456 731 484 ea
747 440 987 485 diceremus
1005 457 1104 501 quae
1117 442 1207 501 jam
1220 442 1433 486 noveratis
1451 476 1462 496 ‚
1482 450 1628 485 tamen
1649 440 1750 500 quia

370 524 422 553 ex
441 509 524 554 illis
558 509 664 554 locis
694 511 960 555 eruebantur
992 526 1092 571 quae
1120 511 1302 556 obscura
1334 511 1621 565 videbantur,
1654 512 1754 554 tari-

369 595 502 639 quam
525 595 636 624 nova
652 580 775 624 fieret
799 581 888 639 ipsa
919 580 1125 639 cognitio.
1149 581 1374 642 Numquid
1397 597 1486 625 non
1508 580 1722 625 noveratis
1737 614 1749 636 ,

369 647 543 704 fratres,
570 650 669 709 quia
691 650 737 692 in
751 649 939 694 Ecclesia
963 650 1039 694 Dei
1061 649 1274 694 tolerandi
1295 660 1397 695 sunt
1417 650 1541 705 mali,
1562 659 1605 694 et
1623 649 1755 693 schis-
1813 669 1815 685 ι

370 727 485 762 mata
507 734 595 763 non
617 728 718 763 sunt
738 719 960 763 facienda?
981 720 1206 780 Numquid
1218 736 1305 765 non
1316 722 1405 781 jam
1418 720 1636 770 sciebatis,
1652 719 1754 780 quia
1813 717 1815 723 ⁴

370 789 481 832 intra
508 788 583 832 illa
597 789 703 832 retia
725 805 823 849 quae
845 790 1023 848 capiunt
1040 790 1178 834 bonos
1190 799 1234 834 et
1250 790 1758 850 malospisces1‚perdu

372 857 559 902 randum
575 867 638 902 est
651 874 801 918 usque
803 859 858 902 ad
872 858 1015 909 littus,
1039 875 1118 904 nec
1135 860 1241 904 retia
1254 859 1498 920 rumpenda
1511 867 1632 903 sunt·
1623 860 1753 920 quia

371 928 417 972 in
438 928 583 972 littore
599 930 917 987 separabuntur
942 930 1047 974 boni
1079 929 1135 974 ad
1170 945 1269 974 vasa
1287 965 1298 986 ‚
1335 939 1378 974 et
1400 929 1502 974 mali
1522 896 1756 989 projicien-

372 999 587 1043 tui-Nam
610 999 687 1042 ista
709 999 945 1054 noveratis,
970 1015 1115 1043 versus
1133 1008 1277 1044 autem
1309 1000 1411 1044 istos
1436 999 1594 1044 Psalmi
1626 999 1757 1059 hujus
1811 1014 1815 1028 ¹

372 1083 462 1112 non
483 1068 791 1128 intelligebatis
818 1084 827 1110 :
853 1070 1097 1128 expositum
1112 1070 1305 1130 estquod
1318 1085 1406 1114 non
1423 1068 1752 1127 intelligebatis3
1814 1126 1815 1129 Ἴ

373 1148 417 1183 et
434 1139 689 1184 innovatum
708 1149 771 1184 est
788 1139 909 1200 quod
926 1141 1158 1185 noveratis.

373 1327 1756 1347 WWWUMMWMMWUWUMMWWWMMMMWWWWWMMWWM
1811 1321 1813 1324 .

878 1463 1260 1512 ENARRATIO

697 1633 755 1671 IN
806 1632 1109 1673 PSALMUM
1152 1631 1415 1672 CXXXIX.

850 1800 999 1844 Sermo
1019 1797 1075 1842 ad
1095 1797 1285 1858 plebem.

436 1971 471 2012 Ι.
491 1971 514 2012 J
521 1986 734 2013 USSERUNT
755 1966 920 2012 domini
947 1968 1100 2012 fratres
1123 1969 1218 2026 (11)
1233 2002 1244 2022 ‚
1265 1976 1308 2011 et
1330 1967 1375 2010 in
1400 1966 1501 2026 ipsis
1543 1967 1755 2011 Dominus
1783 1963 1815 2027 tim

375 2040 588 2095 omnium,
608 2048 659 2083 ut
674 2038 806 2082 istum
824 2037 1040 2082 Psalmum
1053 2038 1232 2082 afferam
1246 2038 1300 2081 ad
1311 2053 1387 2082 vos
1403 2036 1753 2095 intelligendum,
1780 2048 1812 2097 ιι

374 2119 588 2169 quantum
612 2110 820 2153 Dominus
841 2108 990 2152 donat.
1017 2108 1204 2168 Adjuvet
1217 2108 1486 2152 orationibus
1508 2108 1659 2152 vestris
1677 2142 1689 2163 ,
1709 2115 1758 2152 ut
1784 2124 1815 2184 (ιι

375 2195 424 2223 ea
442 2180 583 2224 dicam
605 2195 704 2238 quae
720 2187 892 2236 oportet
913 2193 981 2221 me
1003 2177 1170 2232 dicere,
1195 2187 1238 2222 et
1258 2194 1333 2223 vos
1356 2179 1543 2223 audire:
1574 2178 1639 2222 uti
1661 2193 1756 2222 om·
1786 2176 1810 2238 ιι

375 2249 506 2292 nibus
528 2248 654 2292 nobis
677 2247 793 2291 utilis
826 2247 878 2291 sit
906 2262 1046 2291 sermo
1080 2213 1268 2291 divinus.
1293 2250 1391 2292 Non
1415 2248 1530 2291 enim
1555 2247 1756 2291 omnibus
1785 2264 1813 2294 ι

375 2319 491 2362 utilis
512 2328 602 2374 est·
631 2318 732 2377 quia
754 2333 842 2362 non
864 2326 928 2361 est
964 2318 1158 2361 omnium
1182 2316 1333 2361 fides.
1301 2321 1319 2343 ²
1374 2317 1502 2361 Fides
1531 2326 1676 2361 autem
1699 2317 1754 2361 sic
1792 2305 1815 2380 ‘si

376 2398 439 2433 est
465 2390 508 2432 in
531 2353 673 2432 anima
693 2422 704 2442 ‚
740 2396 789 2430 ut
812 2386 931 2431 radix
958 2387 1098 2442 bona,
1130 2404 1228 2447 quae
1254 2388 1444 2447 pluviam
1483 2388 1530 2431 in
1564 2387 1753 2431 fructum
1791 2402 1815 2449 ¹:52

376 2458 497 2503 ducit
526 2477 534 2503 ι
560 2457 742 2517 perfidia
755 2472 858 2501 vero
882 2465 924 2500 et
946 2472 1065 2502 error
1081 2457 1322 2502 diabolicus
1348 2467 1392 2502 et
1412 2456 1624 2516 cupiditas
1645 2455 1752 2500 mala
1791 2475 1815 2526 ²22

425 2561 433 2578 ¹
453 2553 567 2588 Matth.
588 2564 654 2596 xm,
677 2551 729 2594 14.
748 2569 791 2576 —
806 2559 818 2576 ²
834 2561 854 2585 2
873 2552 981 2586 Thess.
1000 2563 1050 2595 111,
1067 2560 1099 2585 2.
1808 2570 1809 2586 ι

569 2623 571 2627 ”
1752 2607 1756 2647 Ι

1751 2732 1754 2750 ι
