1815 3253
286 2567 290 2571 ”
349 2563 365 2587 5
383 2564 500 2598 Matth.
521 2576 579 2606 vu,
604 2565 660 2598 23.

347 232 432 272 390
791 239 827 270 s.
861 240 1092 271 Aucus-run
1121 243 1304 272 nnscom

347 325 370 350 »
404 321 545 351 meam
565 341 576 362 ,
597 324 618 349 »
636 306 811 351 humilis
832 306 971 352 factus
983 343 994 362 ,
1012 307 1221 353 confitens
1235 307 1313 353 tibi
1333 306 1561 352 deficiente
1575 305 1727 367 spiritu
1784 282 1791 298 ι

349 393 447 422 meo
459 413 469 432 ,
487 392 589 421 cum
610 392 705 421 sum
722 376 876 436 plenus
901 377 1062 436 Spiritu
1077 386 1168 422 tuo.

407 450 484 492 VI.
510 450 566 491 Et
581 445 814 491 audierunt
830 445 942 491 forte
959 448 1154 491 homines
1171 483 1181 503 ,
1201 449 1301 508 quia
1325 446 1483 491 defecit
1497 447 1543 490 in
1558 462 1629 490 me
1643 445 1729 506 spi·

349 517 457 562 ritus
471 532 593 561 meus
604 551 615 571 ,
633 526 676 560 et
690 516 1028 576 desperaverunt
1045 516 1100 561 de
1113 533 1183 561 me
1201 553 1212 573 ,
1229 527 1271 561 et
1284 518 1507 571 dixerunt,
1527 516 1729 576 Cepimus

348 605 465 643 eum,
484 590 771 648 oppressimus
790 604 888 631 eum
909 607 919 633 ε
943 607 962 630 «
980 591 1037 632 Et
1050 597 1099 632 tu
1116 590 1354 647 cognovisti
1369 588 1539 632 semitas
1556 603 1685 631 meas.
1706 605 1726 628 υ

347 658 417 703 11Ιί
447 673 517 701 me
539 657 755 717 dejectum
771 658 987 717 putabant
1002 693 1017 712 ,
1037 666 1084 701 tu
1112 673 1180 701 me
1202 668 1387 702 stantem
1416 657 1636 702 cernebas.
1661 655 1731 700 Illi

348 729 423 789 qui
439 729 813 788 persequebantur
830 738 872 772 et
897 728 1340 788 comprehenderant,
1356 727 1597 786 implicatos
1609 730 1753 787 puta-'
1790 727 1797 743 ‘¹

347 800 456 844 bant
467 797 597 858 pedes
612 814 728 842 meos
741 818 749 843 ε
762 798 835 844 sed
847 799 929 843 illis
942 799 1121 857 obligati
1134 809 1233 844 sunt
1247 799 1390 859 pedes,
1403 809 1444 844 et
1457 799 1729 855 ceciderunt,
1779 787 1797 804 '¹

350 886 372 910 »
407 884 485 913 nos
503 877 648 912 autem
663 869 923 913 surreximus
935 905 945 924 ,
966 878 1009 913 et
1023 869 1154 914 erecti
1168 872 1355 913 sumus¹.
1376 868 1502 913 Oculi
1517 869 1633 912 enim
1647 868 1733 912 mei

352 957 373 981 »
407 953 575 998 semper
599 938 654 982 ad
680 939 936 994 Dominum,
962 941 1169 1000 quoniam
1198 940 1289 998 ipse
1317 938 1473 984 evellet
1501 938 1556 982 de
1577 938 1732 997 laqueo

351 1027 371 1051 n
407 1007 540 1069 pedes
568 1011 728 1053 meos2.
756 1027 775 1050 υ
816 1010 1089 1054 Perseveravi
1122 1008 1390 1053 ambulando
1425 1027 1434 1053 ε
1459 1028 1478 1050 «
1503 1009 1587 1061 Qui
1620 1009 1732 1051 enim
1778 1027 1783 1050 ε
1811 1030 1815 1049 v,

353 1097 375 1122 »
409 1079 745 1138 perseveraverit
774 1080 973 1139 usquein
1000 1081 1132 1124 finem
1149 1115 1160 1135 ,
1191 1080 1262 1124 hic
1290 1079 1432 1124 salvus
1460 1079 1586 1123 eritss.
1616 1098 1636 1119 »
1666 1078 1734 1122 Illi

353 1164 606 1209 oppressum
623 1164 693 1193 me
712 1149 947 1209 putabant,
967 1149 1043 1194 sed
1064 1164 1143 1207 ego
1168 1149 1462 1193 ambulabam.
1485 1149 1568 1193 Ubi
1585 1148 1735 1192 ambu-

351 1220 497 1263 labam
514 1221 532 1263 P
547 1223 598 1263 In
614 1221 774 1264 semitis
790 1255 800 1275 ,
824 1235 932 1279 quas
954 1219 1016 1262 illi
1029 1235 1118 1263 non
1135 1219 1362 1274 videbant,
1381 1219 1457 1279 qui
1473 1233 1543 1262 me
1559 1227 1734 1278 captum
1778 1247 1779 1250 =

351 1290 570 1349 putabant
588 1310 600 1347 3
618 1290 662 1333 in
676 1290 837 1333 semitis
848 1289 1026 1349 justitiae
1043 1297 1127 1333 tuae
1137 1324 1151 1344 ,
1175 1289 1221 1332 in
1238 1289 1395 1332 semitis
1416 1297 1734 1348 praeceptorum
1772 1291 1775 1304 '

350 1369 543 1404 tuorum.
566 1378 586 1401 «
608 1362 673 1403 Tu
694 1360 808 1403 enim
832 1359 1070 1419 cognovisti
1098 1359 1268 1403 semitas
1283 1374 1398 1403 meas
1420 1378 1429 1404 :
1449 1377 1469 1400 »
1487 1367 1736 1418 persecutor
1784 1376 1787 1379 ’

352 1446 442 1474 non
464 1445 533 1474 eas
560 1430 777 1488 cognovit.
798 1432 906 1475 Nam
934 1445 1023 1473 non
1054 1430 1100 1472 in
1125 1430 1183 1473 eis
1212 1429 1320 1472 mihi
1334 1429 1570 1484 invideret,
1596 1429 1670 1473 sed
1690 1429 1736 1473 in
1772 1435 1775 1474 ἔ

354 1500 414 1544 eis
428 1515 600 1544 mecum
617 1515 684 1544 am
692 1500 876 1544 bularet.
896 1502 1004 1553 Quae
1017 1508 1118 1543 sunt
1132 1500 1223 1543 istae
1237 1500 1414 1555 semitae,
1431 1499 1511 1543 nisi
1525 1499 1607 1543 viae
1624 1498 1710 1542 illae
1721 1533 1732 1554 ,

353 1570 408 1615 de
429 1571 590 1631 quibus
607 1570 692 1615 alio
707 1569 805 1615 loco
822 1569 982 1615 dicitur
999 1605 1010 1625 ,
1039 1589 1059 1612 «
1083 1570 1214 1615 Novit
1238 1570 1446 1614 Dominus
1467 1570 1578 1614 viam
1592 1570 1736 1629 justo-

353 1658 376 1683 »
410 1655 530 1696 rum,
556 1650 598 1684 et
614 1641 682 1685 via
708 1641 940 1700 impiorum
957 1640 1165 1700 peribit4‘?
1195 1658 1215 1680 »
1241 1643 1338 1685 Non
1353 1638 1482 1694 dixit,
1508 1641 1633 1684 Viam
1654 1639 1736 1682 im-

349 1712 523 1771 piorum
541 1726 629 1755 non
659 1711 809 1754 novit:
833 1729 852 1753 «
886 1711 1016 1756 Novit
1047 1711 1265 1770 justorum
1285 1745 1295 1764 ,
1320 1710 1555 1769 impiorum
1590 1718 1736 1753 autem

351 1800 372 1823 »
407 1782 582 1841 peribit.
602 1780 768 1834 »Quod
785 1782 901 1824 enim
918 1791 1008 1825 ‘non
1021 1782 1157 1835 novit,
1177 1782 1302 1840 perit.
1315 1781 1463 1826 Multis
1477 1781 1582 1825 locis
1602 1781 1738 1840 Scripa⁴

349 1861 461 1896 turae
492 1852 765 1907 invenimus,
804 1853 904 1912 quia
934 1853 1010 1896 Dei
1046 1867 1303 1910 agnoscere,
1328 1867 1496 1895 servare
1532 1861 1624 1909 est3
1661 1851 1736 1895 Dei
1771 1868 1774 1878 ⁴

351 1938 603 1981 agnoscere,
643 1922 861 1967 custodire
893 1932 979 1981 est,
1008 1939 1097 1967 non
1129 1938 1381 1981 agnoscere,
1420 1923 1626 1966 damnare
1655 1931 1732 1966 est.

350 1994 476 2039 Unde
498 1995 615 2037 enim
638 1994 714 2054 qui
736 1995 858 2038 novit
886 1994 1054 2049 omnia,
1086 1993 1281 2038 dicturus
1312 2003 1374 2038 est
1395 1993 1440 2037 in
1460 1994 1566 2048 fine,
1603 2012 1621 2035 «
1639 1996 1736 2038 Non

351 2083 373 2107 >›
409 2065 512 2109 novi
528 2081 603 2110 vos
621 2066 663 2109 ⁵?
689 2084 708 2106 »
733 2068 830 2110 Non
852 2065 954 2109 inde
976 2065 1194 2123 gaudeant
1208 2074 1251 2108 et
1272 2064 1440 2118 dicant,
1466 2067 1562 2109 Non
1587 2065 1737 2124 punie-

350 2151 451 2180 mur
471 2171 482 2190 ,
506 2137 609 2195 quia
630 2151 721 2180 non
743 2136 864 2179 novit
878 2150 955 2179 nos
971 2135 1134 2195 judex.
1160 2137 1255 2178 Jam
1283 2135 1426 2194 puniti
1453 2145 1574 2190 sunt,
1605 2135 1638 2178 si
1665 2150 1738 2179 eos
1771 2147 1775 2159 ⁹

351 2222 440 2251 non
458 2207 578 2251 novit
589 2206 738 2266 judex.
757 2209 865 2259 Quae
887 2221 990 2264 ergo
1005 2206 1133 2250 dictae
1150 2216 1252 2249 sunt
1271 2207 1351 2249 viae
1363 2242 1373 2261 ,
1394 2222 1502 2266 quas
1515 2207 1635 2250 novit
1648 2209 1736 2251 Do-

352 2277 519 2330 minus,
543 2276 647 2335 ipsae
668 2276 738 2320 hic
754 2276 883 2320 dictae
899 2285 1002 2320 sunt
1014 2277 1200 2331 semitae,
1221 2291 1321 2320 cum
1338 2276 1416 2331 ait,
1442 2296 1461 2318 «
1488 2279 1551 2320 Tu
1574 2292 1737 2336 cogno-
1771 2278 1773 2288 '

353 2363 375 2388 »
409 2346 508 2391 visti
537 2346 708 2390 semitas
732 2361 859 2389 meas.
895 2364 915 2387 »
937 2346 1086 2390 Omnis
1108 2346 1223 2389 enim
1249 2347 1400 2390 semita
1416 2382 1427 2402 ,
1446 2348 1512 2390 via
1534 2357 1625 2405 est,
1646 2363 1735 2391 non
1770 2341 1774 2374 ¹
1796 2363 1808 2386 «ῐ

347 2416 486 2460 omnis
515 2416 605 2471 via,
639 2416 788 2459 semita
810 2424 887 2460 est.
918 2418 1062 2469 Quare
1093 2431 1196 2475 ergo
1218 2416 1299 2461 viae
1327 2416 1413 2460 illae
1433 2417 1597 2460 semitae
1631 2426 1731 2461 sunt
1770 2466 1773 2482 <
1802 2433 1808 2459 ι

1796 2222 1806 2239 ,«
1796 2140 1804 2175 ,Γ
1794 2083 1805 2103 q—
1795 2009 1802 2035 a-
1792 1935 1803 1962 :-
1787 1708 1803 1893 east—1222.
1787 1403 1803 1685 ain-flffeffi·

394 2517 404 2533 ¹
435 2509 515 2541 Psal.
536 2520 603 2552 xix,
621 2520 654 2552 9.
680 2526 721 2533 -
739 2516 752 2533 ²
783 2510 829 2543 Id.
858 2520 946 2551 xxiv,
969 2509 1021 2542 15.
1041 2527 1083 2533 ——-
1099 2507 1112 2533 3
1130 2510 1244 2543 Matth.
1265 2521 1286 2542 x
1301 2536 1310 2552 ,
1328 2519 1381 2542 22.
1404 2527 1446 2534 —
1460 2508 1477 2540 4
1500 2510 1620 2552 Psa1.1‚
1634 2510 1668 2542 6.
1685 2527 1726 2533 -
1770 2510 1772 2517 ’
