1815 3253
349 242 402 281 68
776 254 810 280 s.
845 250 1071 282 Auous‘rim
1101 254 1283 283 Emscom

347 316 496 370 Qualis
517 324 664 361 autem
685 331 798 377 aqua
829 326 892 362 est
913 318 1003 363 sine
1034 319 1306 364 substantia?
1328 318 1444 372 Quid
1465 327 1552 375 est,
1582 335 1602 361 «
1629 319 1728 365 Sine
1788 308 1790 326 ‘

349 405 370 430 »
406 387 677 432 substantia?
701 405 721 429 »
1788 384 1789 389 ’

403 460 527 502 VIII.
554 457 699 503 Primo
717 456 824 518 quid
840 467 904 503 est
917 493 929 514 ‚
949 459 1183 504 «Forsitan
1202 459 1448 520 pertransiit
1466 460 1608 504 anima
1627 474 1730 505 nos·
1786 463 1787 466 ’

346 547 367 572 »
402 531 503 574 tra?
527 547 547 571 »
580 528 810 583 Quomodo
831 539 1071 590 potuerunt
1099 532 1239 587 enim,
1265 531 1407 575 Latini
1428 539 1728 591 expresserunt
1784 581 1785 586 ¹

342 599 464 661 quod
485 599 624 644 Graeci
646 599 819 655 dicunt,
845 608 920 654 ἄρα.
950 601 1017 645 Sic
1036 601 1154 645 enim
1176 617 1314 660 graeca
1330 601 1495 645 habent
1511 600 1728 661 exempla·
1783 599 1784 604 ’

342 671 404 714 ria
420 705 431 727 ‚
457 679 520 725 ἄρα
547 688 555 714 ;
576 670 674 730 quia
700 669 939 715 dubitantis
961 670 1146 715 verbum
1167 680 1256 726 est,
1282 686 1530 732 expressum
1554 679 1618 715 est
1634 671 1729 731 qui·
1782 671 1783 675 ’

341 738 442 785 dem
464 740 750 785 dubitationis
780 741 940 796 verbo,
965 740 1085 801 quod
1108 750 1172 785 est
1192 759 1213 783 «
1234 744 1459 798 Fortasse3
1487 760 1506 783 »
1541 739 1617 785 sed
1638 756 1728 786 non

339 811 519 856 omnino
540 812 624 856 hoc
642 819 720 855 est.
755 813 988 855 Possumus
1012 809 1123 855 illud
1139 811 1274 855 verbo
1296 809 1438 854 dicere
1460 810 1604 855 minus
1625 811 1727 872 qui-
1778 810 1781 854 i

339 883 441 927 dem
456 881 590 927 latine
617 883 852 941 conjuncto
868 916 880 938 ‚
915 881 992 926 sed
1022 890 1123 941 apto
1146 880 1201 925 ad
1219 879 1526 940 intelligentias
1546 891 1723 927 vestras.
1778 879 1779 882 ’

339 951 470 1005 Quod
502 951 655 996 Punici
678 950 830 995 dicunt
845 986 856 1007 ‚
887 970 908 993 «
932 954 1002 995 Iar
1017 986 1028 1006 ‚
1058 969 1078 993 »
1104 966 1194 995 non
1213 947 1384 1010 lignuni
1405 985 1416 1006 ⁷
1451 951 1526 996 sed
1548 952 1728 1012 quando
1776 959 1777 999 i

338 1021 572 1081 dubitant3
606 1022 690 1066 hoc
712 1021 873 1077 Graeci,
901 1029 991 1079 ἄρας
1019 1022 1103 1066 hoc
1125 1021 1266 1065 Latini
1289 1030 1469 1080 possunt
1495 1020 1566 1066 vel
1587 1021 1728 1068 solent
1774 1049 1776 1055 >

339 1091 482 1137 dicere
511 1112 519 1137 ε
545 1095 699 1148 PutaS‚
725 1107 826 1136 cum
847 1092 907 1136 ita
938 1091 1184 1152 loquuntur
1209 1111 1217 1136 ε
1240 1095 1392 1147 Putas,
1414 1093 1527 1136 evasi
1547 1093 1660 1137 hoc?
1684 1092 1728 1138 Si

338 1180 440 1223 ergo
463 1164 658 1210 dicatur:
680 1165 880 1209 Forsitan
898 1163 1031 1219 evasi,
1051 1161 1206 1208 videtis
1226 1163 1328 1223 quia
1351 1178 1440 1207 non
1462 1163 1545 1207 hoc
1568 1172 1694 1207 sonat
1713 1181 1723 1208 ε

338 1235 414 1280 sed
435 1236 555 1296 quod
577 1234 665 1279 dixi
691 1254 699 1279 ε
738 1238 890 1289 Putas,
916 1234 1071 1278 usitate
1093 1232 1253 1278 dicitur
1273 1269 1283 1289 ,
1308 1233 1441 1278 latine
1469 1249 1559 1279 non
1576 1234 1635 1278 ita
1657 1233 1726 1278 di-
1770 1235 1772 1290 ζ

338 1306 466 1350 citur.
488 1309 545 1350 Et
565 1305 690 1365 potui
711 1303 822 1348 illud
844 1303 987 1348 dicere
1008 1318 1109 1348 cum
1131 1313 1270 1348 tracto
1291 1303 1411 1348 vobis
1440 1323 1448 1348 :
1474 1319 1587 1364 saepe
1609 1304 1726 1347 enim

338 1385 382 1420 et
403 1376 537 1421 verba
558 1390 647 1419 non
670 1373 804 1418 latina
826 1373 924 1418 dico
941 1409 952 1430 ,
973 1382 1023 1418 ut
1044 1389 1120 1418 vos
1137 1373 1402 1432 intelligatis.
1431 1377 1482 1417 In
1507 1374 1727 1433 Scriptura
1768 1369 1769 1397 ³

340 1455 487 1490 autem
508 1461 598 1489 non
621 1443 765 1503 potuit
789 1445 869 1488 hoc
902 1443 1034 1503 poni,
1061 1444 1181 1504 quod
1201 1443 1386 1488 latinum
1416 1460 1505 1488 non
1526 1453 1634 1489 esset
1652 1465 1662 1501 3
1683 1453 1727 1489 et
1765 1442 1768 1483 ἶ

339 1515 568 1560 deficiente
596 1514 829 1568 latinitate,
856 1513 1043 1573 positum
1075 1522 1138 1557 est
1159 1529 1238 1572 pro
1259 1529 1311 1559 eo
1331 1549 1342 1570 ‚
1378 1513 1497 1574 quod
1524 1529 1613 1559 non
1643 1514 1726 1559 hoc
1763 1539 1766 1571 ,i

337 1595 523 1631 sonaret.
565 1585 632 1628 Sic
667 1593 814 1627 tamen
847 1581 1075 1641 intelligite
1097 1581 1180 1626 dici
1209 1603 1217 1628 ι
1248 1603 1267 1625 «
1294 1587 1423 1628 Putas
1443 1619 1454 1639 ‚
1481 1585 1726 1643 pertransiit
1762 1573 1765 1628 ἶ

340 1675 361 1700 ))
398 1656 538 1700 anima
553 1663 698 1699 nostra
717 1668 876 1713 aquam
899 1653 990 1696 sine
1011 1653 1249 1698 substantia
1265 1656 1282 1698 ἓ
1298 1673 1317 1695 >³
1331 1657 1387 1698 Et
1403 1670 1536 1714 quare
1553 1653 1721 1710 dicunt,
1760 1662 1763 1711 J

343 1747 364 1770 t(
399 1730 528 1771 Putas
541 1727 558 1766 ⁴?
585 1744 603 1766 »
637 1723 745 1777 Quia
780 1722 1034 1781 magnitudo
1067 1722 1247 1783 periculi
1281 1725 1353 1769 vix
1378 1724 1482 1769 facit
1518 1724 1724 1769 credibile
1770 1785 1772 1787 -

338 1799 459 1859 qnod
481 1797 629 1840 evasit.
656 1798 861 1853 Magnam
883 1810 1034 1838 necem
1057 1795 1354 1854 pertulerunt,
1379 1796 1424 1840 in
1446 1796 1612 1854 magnis
1634 1795 1724 1840 dis-
1758 1810 1759 1850 ἢ

338 1868 592 1914 criminibus
613 1866 820 1923 suerunt3
846 1865 1025 1909 omnino
1048 1866 1106 1909 sic
1128 1867 1261 1925 pressi
1284 1875 1408 1921 sunt,
1433 1876 1484 1911 ut
1504 1881 1616 1926 pene
1636 1866 1724 1911 vivi
1756 1866 1759 1890 ³

339 1938 660 1992 consentirent,
686 1945 735 1980 ut
758 1950 867 1994 pene
890 1936 975 1979 vivi
999 1936 1335 1980 absorberentur
1359 1955 1366 1980 :
1388 1938 1479 1997 jam
1502 1951 1602 1994 ergo
1624 1952 1724 1981 eva-
1754 1946 1757 1992 j

339 2011 490 2055 dentes
508 2043 518 2062 ‚
534 2009 623 2067 jam
648 2006 810 2059 securi,
837 2004 913 2049 sed
935 2005 1066 2064 ipsius
1089 2006 1269 2065 periculi
1286 2005 1630 2065 magnitudinem
1653 2022 1722 2050 re-

341 2079 591 2131 cordantes,
628 2094 648 2117 «
682 2078 839 2128 Putas,
876 2074 1110 2134 inquiunt,
1145 2076 1394 2135 pertransiit
1415 2076 1556 2120 anima
1579 2085 1724 2122 nostra
1752 2132 1753 2137 Ἰ

345 2170 366 2193 »
402 2162 560 2209 aquam
581 2146 671 2189 sine
689 2145 987 2189 substantiaP»
1750 2191 1751 2198 ἵ

401 2222 479 2263 IX.
510 2206 617 2270 Quae
647 2224 709 2259 est
742 2230 853 2274 aqua
875 2213 965 2257 sine
987 2213 1227 2259 substantia
1248 2250 1258 2270 ‚
1284 2215 1365 2260 nisi
1386 2231 1498 2276 aqua
1519 2225 1721 2276 peccato-
1748 2243 1751 2269 ς

339 2305 437 2337 rum
459 2290 549 2333 sinc
567 2285 806 2330 substantia
824 2286 841 2326 ⁶?
866 2287 1044 2328 Peccata
1065 2284 1181 2327 enim
1212 2300 1301 2330 non
1333 2286 1497 2330 habent
1517 2287 1722 2333 substan·
1747 2292 1749 2324 5

342 2365 446 2408 tiam
460 2359 669 2417 :inopiam
683 2357 846 2400 habent
861 2371 949 2416 non
967 2355 1251 2400 substantiam
1268 2373 1278 2407 ;
1293 2365 1524 2414 egestatem
1537 2358 1718 2415 habent,
1745 2380 1747 2414 ς

341 2449 432 2478 non
467 2427 767 2474 substantiam.
799 2430 849 2470 In
882 2425 962 2469 ista
994 2441 1106 2484 aqua
1127 2425 1217 2469 sine
1238 2425 1501 2482 substantia,
1532 2427 1745 2487 perdidit*
1812 2439 1815 2462 i

339 2505 414 2549 ille
436 2502 577 2547 minor
591 2499 702 2543 filius
720 2507 855 2542 totam
869 2496 1154 2541 substantiam
1171 2512 1308 2542 suam.
1322 2498 1463 2543 Nostis
1485 2498 1600 2542 enim
1618 2500 1722 2559 quia
1742 2512 1744 2555 μ

341 2574 483 2620 minor
512 2571 626 2616 filius
658 2568 954 2628 peregrinatus
983 2576 1046 2612 est
1065 2602 1076 2623 ‚
1105 2576 1148 2612 et
1175 2566 1282 2611 dixit
1309 2567 1421 2627 patri
1447 2587 1457 2612 ;
1485 2586 1506 2611 «
1530 2571 1592 2613 Da
1612 2561 1743 2614 mihii
