1815 3253
412 219 651 249 ENARRATIO
684 224 727 249 IN
761 222 963 250 PSALMUM
995 223 1161 250 CXXXVI.
1379 213 1462 253 285

76 287 151 347 qui
180 286 305 331 occisi
332 295 456 331 erant
474 285 643 346 parvuli
673 288 896 348 sequendo
917 288 1028 348 ipsas
1053 287 1292 332 vanitates:
1326 290 1462 350 proji-

76 355 230 401 ciendo
258 361 402 400 autem
431 357 663 412 vanitates,
700 368 742 402 et
765 358 1060 403 reviviscendo
1091 358 1135 401 in
1160 361 1296 402 Deum
1327 361 1463 419 profi-

75 427 211 483 ciant,
242 437 285 471 ct
307 427 547 472 retribuant
566 428 846 486 ,Babylonia
874 429 1051 482 Qualem
1074 428 1402 474 retributionem
1425 431 1464 474 ei

75 499 340 543 retribuent?
367 501 508 552 Quam
541 500 742 544 retribuit
771 499 910 544 nobis.
948 498 1120 543 Parvuli
1155 500 1246 559 ejus
1278 500 1463 545 vicissim

75 569 321 614 offocentur
360 590 368 614 :
396 569 484 614 imo
507 570 673 630 parvuli
704 571 796 630 ejus
816 569 1001 614 vicissim
1032 569 1277 625 elidantur,
1304 580 1347 615 et
1369 587 1465 616 mo-

74 641 254 685 riantur.
278 641 360 694 Qui
379 650 482 685 sunt
503 640 672 701 parvuli
689 641 966 699 Babyloniae?
985 642 1216 685 Nascentes
1239 640 1364 685 malae
1386 658 1462 686 cu-

74 710 290 772 piditates.
320 713 431 756 Sunt
454 712 568 755 enim
593 712 668 772 qui
691 727 791 756 cum
815 720 961 756 vetere
982 710 1222 771 cupiditate
1250 712 1459 758 rixantur.

73 781 261 836 Quando
296 783 488 827 nascitur
521 778 758 842 cupiditas,
791 791 1026 843 antequam
1058 783 1194 827 robur
1225 782 1354 828 faciat
1386 783 1465 828 ad-

71 868 245 898 versum
271 862 311 897 te
332 852 445 897 mala
470 852 740 898 consuetudo
756 889 766 909 ,
793 869 893 898 cum
922 854 1102 913 parvula
1126 863 1190 899 est
1219 855 1460 915 cupiditas,

73 939 348 984 nequaquam
368 938 511 982 pravae
530 923 859 968 consuetudinis
872 924 1008 968 robur
1021 925 1226 985 accipiat,
1246 940 1347 970 cum
1365 941 1463 986 par-

69 994 169 1039 vula
191 1003 270 1047 est,
296 993 408 1038 elide
425 993 559 1037 illam.
583 994 667 1039 Sed
690 995 814 1038 times
836 1010 891 1038 ne
907 995 1007 1039 elisa
1031 1011 1121 1040 non
1148 996 1386 1041 moriatur:
1408 996 1464 1041 ad

68 1075 233 1127 petram
258 1065 385 1109 elide.
412 1084 431 1107 «
459 1068 584 1109 Petra
604 1075 750 1109 autem
771 1075 862 1109 erat
884 1066 1081 1110 Christus
1100 1068 1129 1109 ¹.
1157 1085 1177 1108 »

126 1138 272 1180 XXII.
299 1138 468 1179 Fratres
484 1171 494 1190 ,
516 1151 676 1194 organa
700 1135 744 1179 in
764 1136 987 1195 operando
1011 1151 1097 1180 non
1122 1146 1310 1191 cessent,
1338 1137 1462 1183 vobis

68 1207 250 1251 invicem
270 1214 441 1250 cantate
459 1205 628 1250 cantica
649 1205 766 1250 Sion.
789 1209 925 1258 Quam
947 1206 1134 1250 libenter
1155 1207 1350 1262 audistis,
1372 1217 1461 1252 tam

66 1276 274 1321 libentius
296 1277 409 1336 agite
429 1276 549 1336 quod
572 1275 748 1320 audistis
764 1298 774 1334 3
789 1277 822 1320 si
844 1293 932 1321 non
950 1276 1080 1321 vultis
1098 1293 1187 1322 esse
1209 1277 1359 1323 salices
1377 1281 1463 1323 Ba*

66 1348 276 1407 hyloniae,
294 1349 405 1408 pasti
420 1348 474 1392 de
490 1348 746 1392 fluminibus
764 1349 871 1409 ejus,
893 1358 936 1393 et
959 1348 1150 1393 fructum
1170 1349 1341 1394 nullum
1361 1351 1465 1394 asse-

68 1430 227 1464 rentes.
262 1419 347 1465 Sed
374 1420 583 1479 suspirate
609 1420 654 1463 in
687 1430 894 1464 aeternam
927 1420 1166 1464 Jerusalem
1191 1440 1200 1465 ε
1231 1437 1319 1480 quo
1347 1437 1463 1481 prae-

68 1490 185 1535 cedit
206 1506 302 1550 spes
327 1500 493 1545 vestra,
525 1499 731 1550 sequatur
751 1490 840 1535 vita
869 1500 1011 1535 vestra
1043 1509 1052 1536 ε
1081 1491 1143 1535 ibi
1173 1491 1332 1535 erimus
1361 1507 1464 1536 cum

67 1562 254 1607 Christo.
287 1561 485 1606 Christus
521 1562 647 1605 nobis
683 1560 814 1606 modo
846 1571 980 1621 caput
1009 1571 1099 1619 est3
1137 1562 1352 1621 gubernat
1384 1579 1463 1608 nos

67 1633 199 1679 modo
224 1633 410 1694 desuper
434 1653 442 1678 :
464 1632 752 1692 amplectetur
772 1649 916 1678 secum
943 1634 988 1678 in
1005 1633 1077 1678 illa
1097 1634 1293 1692 civitate3
1313 1652 1463 1696 aequa-

67 1705 127 1750 les
149 1707 309 1750 erimus
330 1705 508 1765 Angelis
530 1705 623 1750 Dei.
651 1708 750 1751 Non
774 1706 1034 1750 auderemus
1058 1706 1142 1751 hoc
1172 1707 1380 1767 suspicari
1407 1707 1462 1752 de

66 1777 214 1832 nobis,
245 1776 327 1820 nisi
359 1776 634 1836 promitteret
666 1776 851 1820 Veritas.
885 1779 988 1821 Hoc,
1008 1792 1111 1835 ergo
1140 1777 1457 1837 concupiscite,

66 1846 240 1902 fratres,
265 1848 349 1892 hoc
371 1847 443 1891 die
465 1857 690 1908 noctuque
719 1847 922 1906 cogitate.
956 1847 1180 1908 Quidquid
1211 1849 1266 1892 de
1294 1848 1461 1894 mundo

68 1918 252 1964 feliciter
272 1918 475 1972 arriserit,
499 1918 634 1962 nolite
650 1933 910 1977 praesumere
939 1938 948 1963 ε
975 1918 1110 1962 nolite
1127 1917 1315 1963 libenter
1330 1919 1463 1965 collo-

68 1991 257 2052 quicum
275 1990 590 2050 cupiditatibus
607 1990 773 2034 vestris.
803 1989 947 2034 Hostis
969 1991 1107 2050 major
1124 1999 1211 2045 est,
1238 1990 1461 2035 occidatur

69 2061 123 2106 ad
144 2071 312 2122 petram
339 2081 348 2106 2
371 2061 511 2106 brevis
532 2061 667 2106 hostis
686 2053 753 2105 ‘est
768 2097 778 2115 ‚
800 2060 986 2105 elidatur
1005 2060 1059 2105 ad
1083 2070 1264 2121 petram.
1287 2065 1344 2106 Et
1365 2078 1461 2108 ma-

63 2133 176 2193 jores
205 2132 261 2176 ad
289 2141 456 2192 petram
493 2131 700 2186 occidite,
731 2141 774 2176 et
805 2131 994 2176 minores
1021 2131 1076 2175 ad
1101 2142 1269 2194 petram
1293 2132 1456 2178 elidite.

69 2206 195 2249 Petra
217 2203 373 2248 vincat.
400 2206 452 2246 In
475 2212 596 2263 petra
625 2201 926 2258 aedificamini,
949 2202 982 2246 si
1005 2218 1093 2246 non
1115 2202 1247 2247 vultis
1269 2202 1363 2247 tolli
1386 2212 1461 2247 aut

68 2274 268 2329 alluvio,
294 2282 370 2318 aut
393 2290 416 2317 a
439 2274 594 2328 ventis,
621 2283 697 2318 aut
725 2289 748 2317 a
771 2272 934 2333 pluvia.
964 2273 1007 2318 Si
1038 2272 1167 2318 vultis
1190 2274 1343 2318 armati
1371 2290 1461 2319 esse

69 2355 217 2390 contra
241 2344 501 2388 tentationes
520 2344 567 2387 in
588 2343 764 2399 saeculo,
786 2353 949 2388 crescat
966 2354 1010 2389 et
1034 2346 1266 2389 roboretur
1288 2345 1460 2390 deside-

60 2417 180 2465 rium
206 2414 444 2460 Jerusalem
467 2424 641 2460 aeternae
666 2416 711 2460 in
728 2416 933 2461 cordibus
954 2416 1118 2461 vestris,
1142 2417 1338 2461 Transiet
1354 2432 1459 2477 cap—

116 2520 125 2536 ¹
152 2525 162 2546 1
188 2516 258 2547 Cor.
278 2524 311 2555 x,
337 2511 368 2554 4.
