1815 3253
342 240 583 270 ENAnnA‘rro
615 244 661 270 IN
693 242 898 271 PsALMUM
929 243 1094 271 cxxxvr
1316 230 1400 269 275

16 308 173 370 quaerit
196 327 206 354 ε
232 323 320 352 ηοη
341 307 500 368 quaerit
520 307 640 368 quod
663 309 799 352 discat
816 344 826 364 ,
863 308 939 352 sed
961 307 1068 368 quid
1091 308 1396 367 reprehendat.

15 381 130 438 Ergo
148 393 226 436 ego
249 393 337 422 non
358 377 496 422 dicam
511 413 521 432 ,
548 379 807 437 suspendam
830 393 1043 437 organum
1067 394 1229 422 meum.

19 487 24 490 .
75 451 154 494 XI.
172 447 256 494 Sed
276 447 383 508 quid
401 447 595 492 dicturus
616 458 681 493 est
701 450 872 493 adhuc?
884 467 904 490 «
923 450 1107 494 Caritate
1124 449 1250 492 nobis
1266 449 1401 493 verba

19 538 40 570 ιι
72 519 366 572 canticorum,
391 527 563 562 cantate
585 518 710 563 nobis
733 519 949 577 hymnum
970 554 980 573 ,
1006 528 1179 563 cantate
1201 519 1326 563 nobis
1349 518 1405 563 de

21 607 42 633 ιι
74 589 250 634 canticis
270 589 386 633 Sion.
416 607 436 630 »
469 588 582 642 Quid
599 587 946 648 respondemus?
968 588 1210 646 Babylonia
1233 599 1275 633 te
1299 604 1402 648 por-

20 669 82 706 tat
97 695 109 715 ,
129 659 368 718 Babylonia
388 668 431 704 te
452 660 647 705 continet
661 695 672 715 ,
699 659 940 718 Babylonia
959 669 1001 704 te
1022 661 1187 716 nutrit,
1214 660 1405 718 Babylo-

19 731 89 778 nia
110 730 166 776 de
185 740 227 776 te
248 731 444 791 loquitur
466 750 474 776 ;
500 747 590 776 non
612 731 724 776 nosti
746 746 901 790 capere
938 731 1019 776 nisi
1046 732 1168 792 quod
1193 731 1330 790 fulget
1351 730 1408 776 ad

21 811 191 863 tempus
206 837 218 858 ,
240 811 400 846 aeterna
422 800 621 847 meditari
643 803 813 860 ignoras
833 837 844 858 ,
880 818 968 847 non
992 803 1108 862 capis
1129 803 1252 863 quod
1272 804 1410 849 inter-

21 888 160 932 rogas.
191 891 211 915 «
236 871 468 925 Quomodo
491 873 764 917 cantabimus
791 874 1010 918 canticum
1032 874 1206 919 Domini
1228 876 1273 919 in
1296 884 1410 921 terra

2 955 5 1006 'L
24 961 46 990 υ
79 943 218 988 aliena
234 944 279 987 ¹?
300 961 320 984 »
355 945 468 987 Vere
484 978 495 998 ,
521 942 696 999 fratres,
720 944 779 988 sic
801 953 879 988 est.
905 944 1090 1004 Incipite
1111 944 1224 989 velle
1246 946 1410 1006 praedi—

23 1031 118 1063 care
138 1015 364 1060 veritatem
395 1015 844 1076 quantulamcumque
865 1017 1000 1061 nostis
1018 1052 1029 1072 ,
1050 1025 1094 1060 et
1113 1016 1260 1061 videte
1277 1033 1411 1078 quam

3 1082 5 1092 ³
24 1102 195 1132 necesse
216 1087 270 1130 sit
290 1094 341 1130 ut
360 1085 466 1130 tales
487 1086 713 1145 patiamini
737 1087 943 1140 irrisores,
960 1095 1178 1131 exactores
1200 1089 1409 1145 veritatis,

24 1158 174 1220 plenos
196 1156 407 1202 falsitatis.
432 1155 714 1216 Respondere
733 1155 816 1200 illis
839 1157 1109 1214 exigentibus
1127 1175 1149 1202 a
1171 1158 1293 1203 vobis
1313 1176 1412 1220 quae

25 1243 176 1289 capere
213 1243 302 1273 non
337 1236 546 1287 possunt,
588 1235 632 1270 et
667 1225 798 1270 dicite
831 1242 883 1270 ex
904 1226 1066 1272 fiducia
1087 1229 1226 1273 sancti
1258 1230 1414 1275 cantici

26 1299 176 1353 vestri,
201 1318 221 1341 «
246 1295 480 1350 Quomodo
503 1296 774 1341 cantabimus
796 1297 1016 1341 canticum
1036 1299 1213 1343 Domini
1238 1299 1284 1344 in
1301 1310 1416 1346 terra

31 1387 52 1412 »
86 1368 258 1413 aliena?
279 1386 298 1409 »

86 1443 190 1485 XII.
220 1438 303 1484 Sed
325 1437 424 1482 vide
445 1437 669 1497 quomodo
700 1438 878 1482 verseris
910 1439 1023 1483 inter
1058 1456 1154 1494 eos,
1192 1457 1219 1486 o
1254 1444 1419 1503 popule

30 1511 107 1558 Dei
128 1546 138 1566 ,
163 1527 190 1555 ο
206 1525 363 1569 corpus
397 1508 582 1563 Christi,
607 1525 632 1552 o
656 1525 861 1567 generosa
886 1512 1174 1568 peregrinatio
1199 1533 1208 1558 z
1229 1516 1246 1571 (
1263 1531 1351 1559 non
1374 1532 1418 1561 es

30 1581 132 1627 hinc
151 1615 162 1636 ,
188 1578 365 1624 aliunde
387 1594 430 1622 es
453 1580 494 1636 ε)
515 1594 571 1622 ne
593 1593 694 1622 cum
716 1578 777 1622 illi
800 1580 875 1639 qui
894 1580 973 1624 tibi
997 1581 1169 1637 dicunt,
1196 1603 1216 1626 «
1236 1587 1420 1633 Cantate

37 1670 57 1695 »
89 1651 216 1696 nobis
237 1649 369 1695 verba
383 1649 669 1703 canticorum,
686 1648 817 1693 dicite
839 1650 964 1694 nobis
982 1651 1220 1710 hymnum,
1247 1667 1420 1703 cantate

32 1723 156 1769 nobis
176 1721 231 1766 de
253 1720 430 1765 canticis
455 1720 556 1765 Sion
574 1755 585 1773 ,
612 1738 632 1761 »
659 1720 782 1780 quasi
805 1730 1007 1765 amantur
1029 1739 1050 1766 a
1073 1732 1115 1767 te
1130 1759 1141 1779 ,
1178 1734 1222 1770 et
1243 1729 1421 1775 affectas

33 1793 239 1840 amicitias
272 1807 422 1837 eorum
443 1827 454 1847 ,
486 1801 530 1836 et
556 1792 680 1835 times
713 1791 873 1837 talibus
901 1793 1150 1853 displicere,
1181 1797 1360 1859 incipiat
1378 1811 1421 1846 te

9 1860 248 1915 delectare
271 1861 512 1919 Babylonia
529 1897 540 1915 ,
565 1871 609 1906 et
631 1861 896 1907 obliviscaris
917 1865 1173 1911 Jerusalem.
1196 1871 1290 1914 Hoc
1317 1887 1422 1931 ergo

36 1936 190 1981 timens
213 1933 310 1979 vide
332 1931 441 1993 quid
474 1932 673 1992 subjiciat
692 1967 702 1985 ,
740 1933 840 1976 vide
866 1934 973 1993 quid
1009 1946 1231 1996 sequatur.
1271 1943 1424 1986 Passus

39 2015 100 2052 est
121 2006 236 2049 enim
259 2005 392 2049 homo
414 2003 493 2047 iste
511 2003 587 2062 qui
609 2002 836 2060 cantabat,
855 2013 898 2046 et
911 2004 991 2048 iste
1007 2005 1138 2051 homo
1157 2024 1235 2053 nos
1257 2026 1421 2068 sumus,

40 2077 73 2122 si
87 2076 288 2122 volumus
306 2094 314 2119 z
335 2089 482 2133 passus
504 2082 568 2117 est
590 2073 787 2133 undique
805 2073 905 2117 talia
921 2074 1236 2135 interrogantes
1259 2090 1302 2125 et
1314 2082 1426 2127 adu-

2 2167 4 2172 *
39 2130 198 2192 latidne
241 2144 537 2199 blandientes,
581 2144 842 2188 mordaciter
882 2146 1249 2203 reprehendentes
1263 2186 1274 2205 ,
1316 2152 1426 2200 falso

0 2219 14 2282 .'⁴
41 2218 266 2264 lau'dantes
283 2252 295 2272 ,
326 2216 445 2276 quod
464 2231 553 2259 non
587 2216 768 2274 capiunt
800 2215 1017 2274 exigentes
1035 2253 1046 2270 ,
1074 2235 1163 2278 quo
1186 2221 1303 2279 pleni
1325 2235 1428 2271 sunt

36 2288 224 2345 ,fundere
252 2287 451 2332 nolentes
481 2306 488 2331 :
516 2296 560 2331 et
596 2287 709 2330 inter
730 2287 880 2331 turbas
904 2287 1055 2332 talium
1081 2299 1289 2351 tanquam
1313 2298 1429 2355 peri-

42 2360 216 2416 clitans,
242 2359 376 2403 erexit
409 2358 605 2401 animum
627 2357 682 2402 ad
703 2357 1047 2403 recordationem
1075 2360 1203 2418 Sion,
1237 2373 1279 2408 et
1302 2381 1430 2413 cons-

2 2429 21 2489 ’μ
47 2431 190 2477 trinxit
209 2446 254 2475 se
276 2428 372 2474 talis
390 2428 531 2472 anima
549 2428 766 2488 juratione
787 2427 997 2488 quadam,
1023 2439 1066 2474 et
1084 2431 1168 2487 ait,
1197 2452 1218 2475 «
1246 2435 1288 2479 Si
1312 2438 1429 2483 obli-

1153 2643 1218 2682 18.
