1815 3253
368 246 610 279 munaum
640 249 688 277 nv
717 245 920 277 PsALMUM
950 247 1160 277 cxxxvm.
1374 236 1454 276 311

75 315 206 360 etiam
232 316 395 361 carneis
411 324 589 377 propter
611 314 907 359 salubritatem
924 313 1130 359 curandae
1159 312 1277 357 intus
1304 314 1462 357 mentis

76 396 318 446 appareret,
343 387 522 447 quando
544 387 602 430 ita
619 400 825 445 apparere
842 400 951 445 opus
965 392 1073 429 esset
1091 405 1102 442 3
1118 384 1202 428 hoc
1219 384 1459 443 praedicens

75 458 219 515 Moysi
250 457 432 515 figurate
465 457 524 501 ait
543 493 554 512 ,
582 476 602 499 «
634 457 808 500 Faciem
837 470 979 500 meam
1005 454 1152 500 videre
1183 470 1273 498 non
1309 463 1459 514 potes,

77 546 98 571 »
131 528 367 588 posteriora
389 544 482 572 mea
505 527 694 583 videbis,
715 528 789 572 sed
814 542 914 571 cum
938 527 1161 571 transiero.
1190 543 1211 567 »
1238 528 1295 570 Ut
1317 534 1460 569 autem

73 614 163 643 non
183 599 330 643 videas
349 597 504 644 faciem
523 614 664 643 meam
685 633 697 654 ,
714 613 867 642 manus
886 613 982 641 mea
999 597 1078 641 erit
1094 611 1224 656 super
1237 605 1295 640 te.
1324 599 1463 640 Tran-

71 669 154 713 sire
170 668 278 729 quid
293 669 378 713 fuit
399 670 589 714 Domino
610 703 620 724 ‚
639 669 720 712 nisi
737 667 857 728 quod
872 666 1147 726 Evangelista
1172 666 1293 721 dicit,
1314 667 1464 710 «Cum

75 755 96 780 »
129 749 274 783 autem
297 741 482 784 venisset
504 740 636 795 hora,
661 748 710 783 ut
731 740 932 783 transiret
952 741 1075 782 Jesus
1108 737 1163 782 de
1184 737 1268 797 hoc
1297 736 1466 781 mundo

67 825 94 851 ⁴»
130 809 184 853 ad
209 813 379 854 Patrem
396 813 409 836 ¹
427 813 445 854 Ρ
463 829 482 851 n
509 813 617 855 Nam
634 811 774 870 ipsum
799 810 1025 853 transitum
1050 808 1264 867 significat
1280 808 1459 852 Pascha.

4 896 5 899 ¹
70 880 199 933 'Quod
217 881 332 924 enim
359 881 571 925 hebraico
592 881 727 925 verbo
748 880 909 925 dicitur
932 880 1093 925 Pascha
1115 914 1125 935 ,
1150 878 1284 923 latine
1305 879 1463 923 transi-

71 959 141 994 tus
157 950 487 1010 interpretatur.
511 951 624 1004 Quid
643 960 705 994 est
721 986 732 1005 ‚
761 969 780 991 «
801 954 838 994 ‘F
845 951 979 994 aciem
997 965 1138 993 meam
1161 965 1250 994 non
1272 948 1440 993 videbis
1451 985 1465 1005 ,

74 1039 93 1063 »
118 1022 191 1064 sed
205 1022 440 1080 posteriora
456 1037 552 1065 mea
565 1020 750 1064 videbis?
768 1039 788 1062 »
807 1023 941 1081 Cujus
955 1035 1183 1081 personam
1202 1020 1380 1078 gerebat
1392 1019 1466 1063 ille

4 1117 6 1126 ν
69 1093 261 1148 Moyses,
293 1091 472 1151 quando
496 1091 534 1134 ei
570 1091 738 1134 dictum
758 1100 844 1146 est,
867 1109 886 1132 «
922 1091 1094 1135 Faciem
1123 1104 1265 1133 meam
1283 1105 1372 1133 non
1398 1090 1465 1133 vi-

71 1177 92 1203 »
129 1160 250 1205 dehis
268 1197 280 1217 ‚
316 1162 389 1206 sed
413 1161 654 1221 posteriora
685 1176 781 1204 mea
809 1160 1003 1215 videbis,
1038 1169 1083 1203 et
1105 1160 1189 1204 hoc
1215 1173 1316 1204 cum
1342 1168 1467 1203 tran-

74 1249 95 1274 »
129 1232 255 1277 siero.
283 1236 382 1278 »Ut
403 1242 551 1277 autem
569 1247 661 1276 non
689 1232 835 1276 videas
863 1230 1018 1275 faciem
1058 1241 1200 1274 meam
1218 1265 1228 1285 ,
1254 1249 1274 1272 «
1302 1233 1466 1274 Ponam

70 1321 92 1346 ι)
125 1319 256 1363 super
276 1313 320 1348 te
343 1319 522 1348 manum
555 1305 730 1348 meam?
753 1321 774 1344 »
799 1303 970 1347 Faciem
994 1313 1115 1346 suam
1134 1337 1145 1357 ‚
1183 1301 1290 1346 dixit
1326 1302 1464 1361 prima

67 1389 142 1419 sua
158 1396 169 1433 3
188 1385 232 1419 et
259 1374 452 1436 quodam
480 1375 614 1420 modo
634 1374 875 1435 posteriora
909 1389 984 1418 sua
1001 1408 1012 1428 ‚
1038 1373 1269 1418 transitum
1299 1373 1354 1417 de
1380 1373 1465 1418 hoc

65 1445 234 1490 mundo
251 1446 459 1505 passionis
477 1461 581 1489 suae.
610 1445 826 1504 Apparuit
842 1444 1006 1488 Judaeis
1020 1479 1031 1499 ,
1051 1459 1141 1488 non
1167 1459 1270 1488 eum
1294 1459 1460 1503 cogno-

64 1524 238 1560 verunt.
270 1518 434 1560 Eorum
452 1530 682 1575 personam
700 1514 879 1573 gerebat
899 1518 1072 1573 Moyses
1089 1549 1100 1569 ‚
1125 1513 1304 1575 quando
1325 1515 1364 1558 ei
1394 1514 1463 1558 di-

65 1586 246 1630 cebatur
260 1620 272 1640 ,
297 1605 316 1628 «
344 1586 518 1630 Faciem
539 1600 680 1629 meam
698 1586 786 1629 n'on
803 1595 926 1645 potes
939 1586 1104 1629 videre.
1129 1603 1149 1626 »
1172 1586 1298 1630 Unde
1316 1594 1461 1629 autem

24 1654 44 1675 ἰ·
65 1670 154 1707 non
166 1656 373 1700 viderunt
403 1659 541 1700 Deum
558 1656 605 1699 in
629 1671 759 1700 carne
789 1657 1008 1715 positum?
1030 1657 1136 1709 Quia
1165 1665 1338 1714 gravata
1367 1665 1460 1700 erat

64 1740 192 1785 super
213 1740 285 1770 eos
298 1741 452 1770 manus
470 1725 660 1770 Domini.
680 1728 741 1769 De
758 1725 842 1769 illis
856 1726 972 1769 enim
991 1725 1158 1770 dixerat
1176 1729 1328 1781 Isaias,
1350 1745 1370 1768 «
1391 1729 1459 1771 In·

67 1813 88 1838 »
101 1811 237 1840 crassa
254 1811 328 1840 cor
344 1796 494 1855 populi
508 1796 653 1855 hujus,
671 1805 714 1839 et
734 1795 883 1840 oculos
899 1797 990 1856 ejus
1005 1811 1134 1855 grava
1148 1800 1210 1840 ².»
1227 1799 1284 1841 Et
1302 1812 1455 1841 eorum

63 1882 146 1915 vox
163 1876 226 1912 est
245 1868 292 1911 in
315 1868 400 1912 alio
418 1867 590 1912 Psalmo
610 1902 620 1922 ‚
649 1886 669 1909 «
694 1867 911 1920 Quoniam
936 1877 1110 1927 gravata
1141 1877 1204 1912 est
1234 1884 1364 1928 super
1384 1885 1454 1913 me

24 1950 26 1991 ς
67 1956 87 1982 υ
120 1954 274 1983 manus
293 1949 366 1983 tua
382 1942 413 1983 3.
438 1958 458 1980 »
478 1942 534 1983 Ut
557 1954 660 1998 ergo
681 1954 770 1983 non
787 1949 1100 1998 cognoscerent
1120 1949 1227 1984 tune
1250 1939 1456 1984 divinita-

24 2017 26 2044 *
65 2017 149 2055 tem
166 2011 348 2065 Christi,
363 2015 376 2065 (
394 2029 412 2052 «
434 2010 476 2055 Si
491 2010 604 2053 enim
624 2011 952 2068 cognovissent,
973 2025 1202 2071 nunquam
1217 2011 1454 2055 Dominum

24 2068 25 2082 ¹
68 2097 87 2127 υ
121 2080 268 2140 gloriae
297 2081 652 2125 crucifixissent&
675 2098 696 2122 »
716 2084 812 2126 Non
831 2081 1036 2125 crucifixo
1064 2091 1211 2125 autem
1238 2082 1453 2136 Domino,

64 2151 232 2208 sanguis
252 2150 368 2195 illius
390 2167 478 2195 non
496 2151 730 2197 redimeret
755 2151 904 2195 orbem
942 2154 1204 2211 terrarum.)
1227 2150 1337 2212 quid
1371 2153 1458 2210 egit

64 2222 195 2275 Deus,
230 2221 313 2265 nisi
347 2219 466 2281 quod
502 2222 561 2264 ait
590 2221 825 2280 Apostolus
840 2257 851 2276 ‚
889 2221 1168 2266 altitudinem
1204 2221 1456 2267 divitiarum

65 2290 280 2350 sapientiae
296 2300 338 2335 et
359 2291 551 2335 scientiae
570 2291 679 2335 Dei?
701 2292 777 2335 ubi
793 2291 1019 2347 exclamat,
1041 2311 1060 2334 «
1076 2294 1114 2337 O
1137 2292 1323 2338 altitudo
1341 2294 1455 2338 divi-

67 2377 88 2419 η
120 2361 276 2405 tiarum
299 2362 521 2421 sapientiae
540 2371 584 2405 et
603 2361 796 2406 scientiae
812 2362 905 2417 Dei,
926 2379 1058 2423 quam
1079 2363 1456 2423 incomprehensi-

68 2448 89 2480 ‘1
104 2432 204 2478 bilia
214 2443 315 2478 sunt
321 2433 484 2493 judicia
498 2434 604 2493 ejus,
616 2443 659 2477 et
671 2434 988 2492 investigabiles
1000 2435 1082 2478 viae
1094 2435 1204 2495 ejus!
1217 2436 1322 2489 Quis
1337 2436 1453 2479 enim

68 2518 90 2549 η
121 2503 324 2562 cognovit
340 2518 512 2547 sensum
532 2503 729 2557 Domini,
750 2514 828 2547 aut
838 2506 935 2564 quis
952 2504 1222 2549 consiliarius
1237 2506 1330 2564 ejus
1348 2504 1456 2550 fuit?

114 2589 229 2619 ¹.loan.
249 2599 321 2627 xrn,
346 2601 372 2620 1.
398 2606 433 2610 -—
459 2595 471 2610 2
496 2590 564 2620 lsai.
582 2599 628 2627 w,
652 2600 700 2619 iov
721 2605 760 2611 —-
782 2587 794 2611 3
814 2589 893 2620 Psal.
915 2600 1003 2628 xxxi,
1019 2589 1051 2630 4
1069 2608 1110 2612 -
1132 2589 1147 2618 4
1171 2601 1181 2620 1
1206 2592 1277 2621 Cor.
1303 2601 1339 2630 n,
1359 2592 1378 2620 8
