1815 3253
396 244 639 278 ENARRAno
672 249 720 278 m
749 247 955 280 PSALMUM
985 249 1095 278 cxm.
1351 236 1436 277 395

0 343 2 370 :
43 324 86 361 te
103 315 270 376 capiat,
311 329 392 359 nec
414 323 553 359 terror
575 313 722 359 elidat.
753 334 773 358 «
800 319 851 360 In
871 316 941 360 via
961 316 1071 371 hac,
1099 330 1187 375 qua
1215 315 1445 374 ingredie-·

0 423 2 431 .
47 404 68 428 »
102 386 182 430 bar
201 420 212 441 ,
234 384 559 429 absconderunt
573 385 860 445 muscipulam
879 386 1000 429 mihi.
1026 404 1046 427 »

100 459 158 500 X.
192 475 212 498 «
251 455 589 501 Considerabam
628 457 673 500 in
705 456 927 500 dexteram
970 466 1013 500 et
1041 455 1242 501 videbam
1264 458 1293 500 ¹.
1322 474 1342 497 n
1386 460 1438 501 In

42 526 262 572 dexteram
282 525 585 571 considerabat
605 563 614 582 ,
641 537 684 571 ct
704 527 880 572 videbat
907 544 916 568 ε
942 527 987 570 in
1003 527 1217 571 sinistram
1236 526 1312 586 qui
1336 543 1438 571 con-

0 638 4 645 ,
43 597 201 642 siderat
216 632 226 651 ,
265 608 520 641 excaecatur.
554 598 671 651 Quid
698 607 762 642 est
796 598 840 640 in
878 597 1099 641 dexteram
1137 596 1438 641 considerare?

43 667 126 712 Ubi
145 677 273 711 erunt
295 667 384 722 illi,
411 667 570 728 quibus
592 668 761 712 dicetur
780 703 790 723 ,
830 688 849 710 ι(
869 669 1041 723 Venite,
1064 666 1284 711 benedicti
1303 667 1438 711 Patris

42 751 66 781 δ)
83 740 165 783 mei
181 739 395 798 possidete
414 755 595 798 regnum
611 744 673 783 ¹².»
692 743 835 784 Erunt
849 741 964 784 enim
986 738 1163 800 quidam
1186 739 1228 783 in
1247 739 1434 792 sinistra,

42 809 201 870 quibus
225 808 420 865 dicetur,
450 829 469 852 «
496 814 560 854 Ite
579 812 622 854 in
646 812 790 869 ignem
814 820 1025 854 aeternum
1043 845 1054 864 ,
1080 811 1156 870 qui
1175 818 1348 868 paratus
1371 818 1435 853 est

43 894 64 921 n
101 879 276 924 diabolo
300 889 342 923 et
366 880 527 938 angelis
561 883 694 941 ejus3.
720 901 739 922 »
767 885 1000 926 Premente
1023 896 1125 939 ergo
1153 889 1246 924 toto
1269 879 1438 924 mundo

42 955 86 994 'et
116 950 310 993 minante
346 950 390 993 in
413 952 787 1009 persecutionibus
806 988 816 1007 ,
843 951 1216 996 crebrescentibus
1240 949 1438 1010 undique

41 1019 399 1064 insultationibus
422 1022 650 1065 hominum
683 1032 814 1082 atque
836 1022 1075 1065 terroribus
1094 1058 1104 1076 ,
1135 1021 1209 1065 ille
1238 1031 1437 1065 contem-

42 1105 148 1134 nens
169 1091 399 1151 praesentia
419 1127 429 1145 ,
457 1092 714 1151 respiciebat
732 1093 776 1135 in
800 1091 950 1136 futura
970 1127 981 1145 ,
1007 1090 1262 1135 attendebat
1278 1092 1322 1134 in
1336 1091 1440 1134 dcx-

41 1169 178 1206 teram
200 1196 210 1216 ‚
234 1161 310 1204 ubi
328 1159 503 1205 futurus
521 1171 584 1206 est
605 1183 615 1219 3
638 1162 699 1205 ibi
722 1177 811 1205 esse
834 1161 1144 1215 meditabatur,
1168 1160 1273 1204 illuc
1292 1170 1437 1204 atten-

43 1231 197 1285 debat,
223 1241 266 1275 et
288 1231 491 1288 videbat,
517 1241 560 1275 et
581 1231 679 1276 idco
697 1233 841 1276 omnia
866 1231 1037 1276 ferebat
1061 1246 1070 1272 ε
1097 1231 1161 1274 illi
1193 1239 1338 1274 autem
1362 1231 1439 1291 qui

43 1304 437 1364 persequebantur,
466 1320 555 1348 non
577 1302 800 1347 videbant.
830 1304 934 1347 Ideo
954 1319 1056 1347 cum
1078 1303 1243 1347 diceret
1258 1337 1269 1357 ,
1290 1321 1310 1343 «
1327 1304 1440 1347 Con-

45 1386 67 1416 »
102 1375 343 1419 siderabam
362 1375 405 1418 in
424 1375 643 1418 dexteram
662 1410 672 1429 ,
694 1384 737 1418 ct
754 1374 958 1418 videbam
981 1393 989 1420 :
1009 1393 1028 1415 »
1049 1383 1222 1417 secutus
1240 1374 1321 1428 ait,
1346 1392 1364 1414 «
1382 1375 1439 1417 Et

46 1463 67 1488 »
101 1461 190 1490 non
212 1455 303 1490 erat
325 1447 400 1506 qui
422 1454 702 1504 cognosceret
722 1461 807 1490 me.
838 1464 857 1486 »
883 1447 995 1490 Cum
1019 1445 1134 1488 enim
1158 1444 1314 1489 toleras
1340 1460 1437 1488 om-

43 1728 169 1784 leras,
196 1730 229 1773 si
253 1729 461 1789 promissa
483 1729 562 1772 Dei
574 1729 731 1789 quaeris
751 1764 761 1782 ,
780 1728 824 1771 in
843 1729 1066 1772 dexteram
1096 1728 1334 1771 attendisti.
1358 1730 1438 1771 At-

44 1801 220 1845 tendisti
238 1801 283 1844 in
308 1801 527 1844 dexteram
543 1835 553 1853 ,
578 1800 746 1843 videbis
769 1818 777 1843 t
805 1799 1024 1843 attendisti
1047 1799 1091 1842 in
1118 1799 1349 1852 sinistram,
1366 1813 1440 1841 ex-

0 1895 14 1926 m
45 1871 289 1916 caecaberis.
319 1870 402 1915 Sed
424 1879 466 1914 et
489 1885 590 1914 cum
612 1870 732 1913 vides
747 1870 791 1912 in
807 1870 1028 1913 dexteram
1048 1905 1058 1923 ,
1080 1885 1169 1912 non
1195 1869 1277 1912 erit
1298 1868 1374 1928 qui
1398 1877 1442 1912 te

0 1955 20 2013 ‚nt
46 1951 265 2002 agnoscat
281 1942 387 1995 Quis
411 1942 527 1985 enim
550 1950 593 1985 te
619 1940 884 1994 consolatur,
897 1941 980 1985 nisi
997 1942 1207 1985 Dominus
1227 1940 1297 1984 cui
1316 1939 1438 1994 dicis,

0 2019 20 2059 ι·
48 2031 68 2055 ν)
102 2015 159 2057 Et
186 2021 235 2056 tu
260 2012 502 2070 cognovisti
532 2011 706 2056 semitas
731 2013 876 2056 meas?
894 2014 982 2056 Nec
1004 2021 1095 2056 erat
1113 2011 1188 2068 qui
1205 2025 1443 2069 cognosce—

0 2060 20 2164 ,ι
48 2096 70 2124 3)
104 2093 170 2127 ret
186 2098 271 2126 me.
301 2101 322 2123 »
981 2121 984 2124 Δ

103 2158 184 2199 xi.
214 2174 233 2197 «
259 2155 393 2198 Periit
410 2153 515 2213 fuga
543 2170 566 2198 a
593 2169 679 2198 me.
713 2172 734 2195 υ
761 2156 989 2213 Tanquam
1028 2151 1369 2197 circumclusum
1401 2167 1445 2195 se

0 2216 21 2279 gi
48 2225 166 2271 dicit.
206 2245 226 2268 «
257 2226 390 2270 Periit
411 2225 517 2284 fuga
539 2242 562 2269 a
595 2241 681 2269 me.
711 2243 731 2266 »
763 2224 981 2269 Insultent
1013 2233 1334 2284 persecutores,
1360 2239 1443 2282 op-

47 2311 215 2358 pressus
233 2306 297 2341 est
317 2306 501 2356 ,captus
524 2305 608 2350 est,
630 2296 942 2340 circumclusus
960 2305 1054 2350 est,
1082 2295 1222 2339 victus
1246 2303 1335 2348 est,
1360 2309 1443 2353 pe-

0 2379 21 2424 i¹
48 2369 118 2413 tiit
139 2367 242 2428 fuga
266 2368 320 2412 ab
347 2368 439 2412 illo
474 2368 542 2412 Ab
561 2366 636 2411 illo
655 2368 782 2427 periit
803 2367 906 2425 tuga
926 2367 1038 2427 ,qui
1067 2383 1157 2410 non
1194 2365 1323 2424 fugit.
1357 2365 1443 2417 Qui

0 2449 14 2493 ῑ’
49 2446 192 2483 autem
221 2454 311 2482 non
334 2437 460 2495 fugit,
486 2437 651 2497 patitur
664 2436 880 2497 quidquid
900 2445 1043 2497 potest
1064 2451 1143 2496 pro
1166 2435 1369 2479 Christo:
1394 2433 1439 2477 id

20 2534 22 2540 >
49 2519 136 2565 est,
164 2525 253 2554 non
274 2509 390 2568 fugit
411 2509 571 2553 animo.
590 2510 699 2554 Nam
721 2523 902 2567 corpore
925 2507 1075 2566 fugere
1098 2507 1223 2562 licet,
1256 2520 1438 2551 conces-

110 2593 204 2627 =Psal.
225 2605 308 2637 cxm,
323 2595 354 2627 5.
382 2611 423 2617 —
443 2601 456 2617 ²
471 2594 586 2627 Matth.
607 2604 685 2635 xxv,
706 2592 759 2635 34.
781 2610 822 2616 --
839 2592 851 2616 3
870 2593 951 2625 Ibid.
978 2593 1033 2635 [μ.
