1856 3268
366 260 392 297 8
798 264 833 294 8.
868 263 1100 296 Atrans'rlm
1130 267 1314 296 nmscom

360 341 535 379 moveat
560 347 631 378 me
648 367 660 389 ,
691 341 741 377 ut
768 332 920 378 cadam
943 349 966 377 a
988 341 1045 377 te.
1077 336 1220 387 Quare
1254 332 1464 389 timuisti,
1488 342 1532 378 et
1563 332 1703 379 dixisti
1731 352 1742 380 ε

365 425 388 448 «
421 407 519 450 Non
538 403 686 449 veniat
705 403 813 447 mihi
835 419 909 463 pes
929 403 1140 463 superbiae
1158 406 1206 448 Ρ»
1233 404 1435 464 Sequitur
1458 422 1467 449 z
1496 422 1517 446 «
1542 404 1610 448 Ibi
1631 405 1745 449 ceci-

363 493 387 518 »
423 474 582 519 derunt
605 489 754 519 omnes
771 474 847 534 qui
868 483 1103 533 operantur
1119 474 1464 534 iniquitatem¹.»
1478 476 1596 527 Quos
1615 474 1746 520 modo

361 544 483 590 vides
505 545 673 604 operari
690 544 979 604 iniquitatem,
991 544 1081 604 jam
1102 543 1295 588 damnati
1317 553 1438 588 sunt:
1459 543 1535 589 sed
1557 553 1607 588 ut
1625 543 1748 589 dam-

363 625 573 663 narentur
590 651 601 671 ,
638 615 700 659 ibi
728 614 1004 670 ceciderunt,
1039 630 1139 659 cum
1166 614 1250 659 illis
1277 616 1396 659 venit
1418 630 1492 675 pes
1513 615 1743 675 superbiae.

368 691 505 734 Recte
541 702 645 746 ergo
667 686 746 730 iste
770 686 948 730 audiens
980 694 1033 730 ut
1053 685 1278 741 ascendat,
1303 694 1347 730 et
1367 701 1457 730 non
1478 685 1603 730 cadat
1619 721 1630 741 ,
1654 695 1705 730 ut
1725 702 1750 731 a

365 757 564 804 convalle
592 757 845 817 plorationis
873 757 1072 816 proficiat
1090 792 1102 812 ,
1138 771 1228 800 non
1263 756 1309 799 in
1344 765 1513 800 tumore
1535 757 1749 816 superbiae

365 829 567 884 deficiat,
593 828 652 872 ait
671 831 776 882 Deo,
796 830 896 872 «Ne
918 827 993 871 des
1010 827 1066 871 ad
1088 826 1353 870 movendum
1375 826 1531 885 pedem
1549 841 1744 870 meum.»

363 902 425 945 'Et
449 903 562 943 Deus
584 897 647 941 illi
669 917 678 942 ;
703 899 887 957 «Neque
910 895 1137 952 dormitet,
1162 896 1239 956 qui
1267 896 1457 941 custodit
1479 905 1536 940 te.
1557 914 1577 937 »
1600 900 1750 941 Inten-

366 970 443 1015 dat
460 968 656 1014 Charitas
672 971 839 1012 Vestra.
853 969 984 1021 Quasi
1005 983 1090 1012 una
1118 968 1330 1013 sententia
1349 966 1462 1013 facta
1484 977 1548 1013 est
1567 985 1619 1013 ex
1643 969 1751 1014 dua-

364 1043 449 1086 bus
466 1039 832 1098 vocibus.};Homo
855 1038 962 1082 dixit
993 1039 1228 1083 ascendens
1250 1048 1293 1083 et
1316 1048 1493 1083 cantans
1520 1040 1751 1084 Canticum
1818 1073 1820 1100 3

369 1111 584 1171 graduum
605 1145 616 1165 ,
645 1128 665 1152 «
688 1111 752 1154 Ne
780 1108 854 1153 des
886 1109 940 1153 ad
977 1108 1243 1154 movendum
1272 1107 1429 1168 pedem
1461 1124 1639 1154 meum:
1663 1127 1683 1151 »
1709 1118 1752 1154 et
1818 1107 1820 1121 ¹

353 1187 482 1229 *Deus
519 1191 728 1241 tanquam
764 1180 927 1224 diceret
950 1199 959 1225 :
989 1199 1008 1222 (ι
1033 1182 1096 1226 Ne
1133 1179 1208 1225 des
1230 1180 1286 1225 ad
1306 1180 1571 1225 movendum
1594 1180 1751 1240 pedem
1818 1174 1820 1224 ἶ

369 1272 392 1296 »
426 1268 599 1307 meum,
614 1270 634 1293 »
652 1250 758 1295 dicis
774 1251 909 1309 mihi3
933 1249 1069 1306 adde,
1099 1254 1290 1312 «Neque
1307 1251 1527 1307 dormitet,
1554 1252 1629 1312 qui
1651 1267 1752 1297 cus-
1818 1244 1819 1298 ζ

372 1342 394 1366 »
429 1323 540 1369 todit
557 1332 600 1367 te
616 1358 627 1377 ,
653 1343 670 1364 »
697 1331 741 1366 et
762 1337 852 1366 non
877 1322 1124 1366 movebitur
1145 1338 1221 1382 pes
1242 1331 1360 1367 tuus.

429 1397 507 1439 VI.
529 1393 691 1438 Dixerit
712 1401 858 1436 autem
874 1391 946 1436 ille
968 1411 976 1436 z
1002 1392 1227 1452 Numquid
1245 1392 1290 1436 in
1306 1401 1519 1452 potestate
1540 1408 1635 1436 mea
1657 1402 1720 1438 est
1739 1428 1750 1449 ,
1818 1402 1819 1457 J

370 1474 423 1511 ut
443 1480 534 1509 non
555 1463 763 1508 dormitet
793 1463 868 1522 qui
890 1462 1079 1507 custodit
1100 1465 1200 1507 me?
1219 1462 1331 1508 Volo
1355 1471 1406 1507 ut
1426 1479 1516 1508 non
1535 1463 1751 1520 dormiat,

372 1551 516 1596 neque
545 1534 764 1578 dormitet.
787 1535 902 1590 Ergo
924 1531 1047 1576 illum
1069 1532 1151 1576 tibi
1173 1531 1283 1592 elige
1298 1567 1310 1589 ,
1334 1533 1411 1593 qui
1432 1549 1521 1577 non
1538 1531 1751 1590 dormiet,
1817 1552 1819 1587 ᾗ

371 1620 516 1666 neque
533 1603 802 1658 dormitabit,
819 1612 863 1647 et
884 1618 975 1647 non
995 1602 1243 1648 movebitur
1265 1618 1338 1662 pes
1365 1612 1481 1647 tuus.
1503 1606 1616 1648 Deus
1636 1620 1754 1649 nun-
1817 1618 1819 1649 τ

374 1692 507 1738 quam
526 1684 589 1719 est
605 1674 845 1718 dormiens:
861 1675 895 1717 si
911 1673 974 1718 vis
995 1674 1157 1718 habere
1177 1674 1399 1719 custodem
1421 1691 1510 1719 non
1532 1675 1754 1721 dormien—

372 1759 461 1794 tem
478 1783 488 1803 ,
505 1751 642 1791 Deum
658 1745 768 1804 elige
785 1744 1022 1790 custodem.
1034 1748 1127 1791 «Ne
1149 1744 1223 1789 des
1240 1745 1295 1790 ad
1316 1745 1582 1790 movendum
1600 1747 1756 1805 pedem
1817 1731 1818 1752 ³

377 1837 399 1861 »
434 1832 604 1872 meum,
625 1815 762 1860 »dicis
784 1824 860 1873 tu3
886 1815 996 1859 bene
1019 1836 1030 1872 3
1055 1815 1217 1875 optime
1243 1835 1253 1861 z
1276 1816 1352 1859 sed
1368 1824 1412 1859 et
1430 1815 1503 1858 ille
1526 1815 1630 1860 dicit
1646 1816 1754 1862 tibi:
1816 1815 1818 1862 ,³

379 1909 400 1932 «
433 1891 585 1948 Neque
607 1886 833 1941 dormitet,
860 1886 936 1946 qui
959 1884 1149 1929 custodit
1170 1894 1228 1929 te.
1258 1903 1279 1926 »
1302 1888 1368 1929 Tu
1395 1883 1506 1929 forte
1529 1901 1760 1930 conversu-
1816 1894 1818 1913 ³

375 1974 449 2004 rus
468 1968 511 2002 te
534 1973 626 2001 eras
648 1956 703 2000 ad
724 1956 922 2000 homines
943 1955 1143 2000 custodes
1161 1990 1173 2011 ‚
1197 1965 1241 2000 et
1264 1955 1483 2000 dicturus:
1501 1958 1641 2008 Quem
1662 1972 1758 2001 sum
1816 2006 1817 2010 η

377 2032 634 2075 inventurus
653 2043 742 2071 non
763 2026 1081 2071 dormientem?
1102 2026 1197 2086 quis
1217 2026 1349 2070 homo
1365 2041 1455 2069 non
1476 2024 1758 2071 dormitabit?
1816 2036 1818 2073 ἰ

378 2114 510 2161 quem
530 2098 703 2142 invenio
718 2098 736 2138 ⁶?
753 2112 841 2157 quo
862 2096 935 2140 ibo
952 2097 970 2137 ‘3
993 2111 1082 2156 quo
1103 2096 1320 2140 revertar?
1336 2098 1420 2139 Iste
1440 2095 1518 2139 tibi
1540 2095 1728 2141 ostendit
1746 2116 1757 2141 ;
1816 2092 1817 2136 3

383 2190 403 2212 «
437 2173 551 2214 Ecce
572 2183 662 2212 non
699 2166 974 2220 dormitabit,
1009 2180 1152 2226 neque
1180 2165 1447 2219 obdormiet,
1472 2166 1548 2225 qui
1570 2167 1760 2211 custodit
1816 2189 1817 2211 π

379 2258 401 2282 n
438 2238 613 2283 Israel2.
633 2237 743 2281 »Vis
765 2237 926 2280 habere
956 2251 1058 2294 ergo
1081 2236 1304 2280 custodem
1327 2251 1415 2280 non
1437 2235 1759 2281 dormientem?
1815 2229 1817 2250 ³

382 2331 403 2354 «
437 2313 551 2355 Ecce
588 2325 676 2353 non
707 2307 893 2353 dormiet
914 2342 925 2362 ,
963 2323 1105 2367 nequo
1138 2306 1390 2352 dormitabit
1408 2342 1419 2362 ,
1457 2307 1532 2368 qui
1569 2307 1759 2352 custodit
1814 2342 1816 2349 .

380 2400 402 2424 n
438 2379 567 2425 Israe'l
583 2399 590 2425 :
605 2379 832 2424 »Christus
855 2379 970 2421 enim
990 2377 1178 2422 custodit
1201 2377 1463 2423 Israijl.Esto
1487 2394 1589 2437 ergo
1607 2378 1753 2423 Israe'l.

379 2451 496 2504 Quid
519 2458 581 2493 est
596 2448 751 2493 Israel?
767 2447 897 2492 Israel
909 2448 1399 2508 interpretatur,Videns
1413 2452 1566 2492 Deum.
1580 2451 1636 2512 Et
1654 2464 1758 2508 quo-

380 2519 512 2565 modo
528 2518 700 2564 videtur
712 2520 854 2562 Deus?
874 2519 1016 2562 Primo
1034 2534 1110 2578 per
1133 2518 1279 2574 fidem,
1294 2528 1440 2579 postea
1458 2534 1534 2578 per
1555 2519 1752 2578 speciem.
1814 2522 1815 2568 ξ

431 2609 438 2624 ¹
459 2602 536 2635 Psal.
558 2613 652 2640 xxxv,
677 2601 798 2643 12,13.
825 2618 865 2624 --
886 2608 897 2623 ²
917 2601 961 2632 Id.
981 2612 1051 2641 cxx,
1075 2601 1105 2642 4

1814 2395 1816 2425 l

1814 2436 1816 2455 l

1814 2464 1815 2500 l
