<?xml version="1.0" encoding="UTF-8"?>
<!DOCTYPE html PUBLIC "-//W3C//DTD XHTML 1.0 Transitional//EN"
    "http://www.w3.org/TR/xhtml1/DTD/xhtml1-transitional.dtd">
<html xmlns="http://www.w3.org/1999/xhtml" xml:lang="en" lang="en">
 <head>
  <title>
</title>
<meta http-equiv="Content-Type" content="text/html;charset=utf-8" />
  <meta name='ocr-system' content='tesseract 3.04.00' />
  <meta name='ocr-capabilities' content='ocr_page ocr_carea ocr_par ocr_line ocrx_word'/>
</head>
<body>
  <div class='ocr_page' id='page_1' title='image "./operaomniaaccura12auguuoft_0115.png"; bbox 0 0 1815 3253; ppageno 0'>
   <div class='ocr_carea' id='block_1_1' title="bbox 373 275 1435 317">
    <p class='ocr_par' dir='ltr' id='par_1_1' title="bbox 373 275 1435 317">
     <span class='ocr_line' id='line_1_1' title="bbox 373 275 1435 317; baseline -0.001 -1"><span class='ocrx_word' id='word_1_1' title='bbox 373 286 616 317; x_wconf 71' lang='grc' dir='ltr'><strong>ΕΝΑῑυιΑΤιο</strong></span> <span class='ocrx_word' id='word_1_2' title='bbox 648 289 694 316; x_wconf 76' lang='lat' dir='ltr'>m</span> <span class='ocrx_word' id='word_1_3' title='bbox 725 285 930 316; x_wconf 71' lang='lat' dir='ltr'>PsALMUM</span> <span class='ocrx_word' id='word_1_4' title='bbox 960 287 1099 315; x_wconf 79' lang='lat' dir='ltr'>cxxvt.</span> <span class='ocrx_word' id='word_1_5' title='bbox 1353 275 1435 315; x_wconf 87' lang='lat'>105</span> 
     </span>
    </p>
   </div>
   <div class='ocr_carea' id='block_1_2' title="bbox 44 352 1437 696">
    <p class='ocr_par' dir='ltr' id='par_1_2' title="bbox 44 352 1437 696">
     <span class='ocr_line' id='line_1_2' title="bbox 47 352 1437 418; baseline -0.002 -17"><span class='ocrx_word' id='word_1_6' title='bbox 47 364 198 418; x_wconf 89' lang='lat' dir='ltr'>perent</span> <span class='ocrx_word' id='word_1_7' title='bbox 216 364 425 415; x_wconf 84' lang='lat' dir='ltr'>tanquam</span> <span class='ocrx_word' id='word_1_8' title='bbox 445 354 604 398; x_wconf 82' lang='lat' dir='ltr'>milites</span> <span class='ocrx_word' id='word_1_9' title='bbox 627 353 787 398; x_wconf 85' lang='lat' dir='ltr'>Christi</span> <span class='ocrx_word' id='word_1_10' title='bbox 810 352 1023 413; x_wconf 83' lang='lat' dir='ltr'>stipendia</span> <span class='ocrx_word' id='word_1_11' title='bbox 1045 369 1069 396; x_wconf 87' lang='lat' dir='ltr'>a</span> <span class='ocrx_word' id='word_1_12' title='bbox 1091 352 1437 398; x_wconf 79' lang='lat' dir='ltr'>Provincialibus</span> 
     </span>
     <span class='ocr_line' id='line_1_3' title="bbox 47 424 1437 479; baseline -0.001 -8"><span class='ocrx_word' id='word_1_13' title='bbox 47 426 205 472; x_wconf 81' lang='lat' dir='ltr'>Christi</span> <span class='ocrx_word' id='word_1_14' title='bbox 221 461 231 479; x_wconf 82' lang='lat'>‚</span> <span class='ocrx_word' id='word_1_15' title='bbox 258 425 331 469; x_wconf 91' lang='lat' dir='ltr'>ille</span> <span class='ocrx_word' id='word_1_16' title='bbox 353 425 555 468; x_wconf 77' lang='lat' dir='ltr'>manibus</span> <span class='ocrx_word' id='word_1_17' title='bbox 577 425 662 469; x_wconf 89' lang='lat' dir='ltr'>suis</span> <span class='ocrx_word' id='word_1_18' title='bbox 685 424 918 479; x_wconf 84' lang='lat' dir='ltr'>laboravit,</span> <span class='ocrx_word' id='word_1_19' title='bbox 936 433 979 468; x_wconf 90' lang='lat' dir='ltr'>ct</span> <span class='ocrx_word' id='word_1_20' title='bbox 996 439 1189 467; x_wconf 86' lang='lat' dir='ltr'>annonas</span> <span class='ocrx_word' id='word_1_21' title='bbox 1211 438 1307 468; x_wconf 89' lang='lat' dir='ltr'>suas</span> <span class='ocrx_word' id='word_1_22' title='bbox 1330 428 1437 469; x_wconf 88' lang='lat' dir='ltr'>Pro-</span> 
     </span>
     <span class='ocr_line' id='line_1_4' title="bbox 46 493 1431 550; baseline -0.001 -9"><span class='ocrx_word' id='word_1_23' title='bbox 46 496 300 542; x_wconf 86' lang='lat' dir='ltr'>vincialibus</span> <span class='ocrx_word' id='word_1_24' title='bbox 324 495 546 540; x_wconf 45' lang='lat' dir='ltr'>donavit&amp;</span> <span class='ocrx_word' id='word_1_25' title='bbox 571 495 728 539; x_wconf 84' lang='lat' dir='ltr'>Omnia</span> <span class='ocrx_word' id='word_1_26' title='bbox 750 494 863 539; x_wconf 84' lang='lat' dir='ltr'>facta</span> <span class='ocrx_word' id='word_1_27' title='bbox 885 503 988 539; x_wconf 90' lang='lat' dir='ltr'>sunt</span> <span class='ocrx_word' id='word_1_28' title='bbox 1013 514 1022 538; x_wconf 79' lang='lat'>2</span> <span class='ocrx_word' id='word_1_29' title='bbox 1047 493 1081 538; x_wconf 85' lang='lat' dir='ltr'>si</span> <span class='ocrx_word' id='word_1_30' title='bbox 1104 493 1431 550; x_wconf 81' lang='lat' dir='ltr'><strong>descendimus,</strong></span> 
     </span>
     <span class='ocr_line' id='line_1_5' title="bbox 46 565 1435 625; baseline -0.001 -13"><span class='ocrx_word' id='word_1_31' title='bbox 46 577 89 612; x_wconf 88' lang='lat' dir='ltr'>et</span> <span class='ocrx_word' id='word_1_32' title='bbox 111 566 325 612; x_wconf 86' lang='lat' dir='ltr'>vulnerati</span> <span class='ocrx_word' id='word_1_33' title='bbox 344 582 521 624; x_wconf 79' lang='lat' dir='ltr'>sumus3</span> <span class='ocrx_word' id='word_1_34' title='bbox 546 565 855 622; x_wconf 83' lang='lat' dir='ltr'>ascendamus,</span> <span class='ocrx_word' id='word_1_35' title='bbox 880 574 1103 610; x_wconf 84' lang='lat' dir='ltr'>cantemus</span> <span class='ocrx_word' id='word_1_36' title='bbox 1124 601 1135 621; x_wconf 95' lang='lat'>,</span> <span class='ocrx_word' id='word_1_37' title='bbox 1163 574 1205 610; x_wconf 91' lang='lat' dir='ltr'>et</span> <span class='ocrx_word' id='word_1_38' title='bbox 1228 565 1435 625; x_wconf 85' lang='lat' dir='ltr'>proficia-</span> 
     </span>
     <span class='ocr_line' id='line_1_6' title="bbox 44 637 584 696; baseline -0.004 -14"><span class='ocrx_word' id='word_1_39' title='bbox 44 653 140 682; x_wconf 88' lang='lat' dir='ltr'>mus</span> <span class='ocrx_word' id='word_1_40' title='bbox 160 673 170 693; x_wconf 89' lang='lat'>‚</span> <span class='ocrx_word' id='word_1_41' title='bbox 196 647 245 682; x_wconf 93' lang='lat' dir='ltr'>ut</span> <span class='ocrx_word' id='word_1_42' title='bbox 267 637 584 696; x_wconf 79' lang='lat' dir='ltr'>perveniamus.</span> 
     </span>
    </p>
   </div>
   <div class='ocr_carea' id='block_1_3' title="bbox 45 816 1434 834">
    <p class='ocr_par' dir='ltr' id='par_1_3' title="bbox 45 816 1434 834">
     <span class='ocr_line' id='line_1_7' title="bbox 45 816 1434 834; baseline -0.001 0"><span class='ocrx_word' id='word_1_43' title='bbox 45 816 862 834; x_wconf 62' lang='lat' dir='ltr'>mmmmvumwmmmmmwvwvuwvnvwn</span> <span class='ocrx_word' id='word_1_44' title='bbox 867 817 987 833; x_wconf 53' lang='lat' dir='ltr'>&amp;NUW&#39;</span> <span class='ocrx_word' id='word_1_45' title='bbox 994 816 1434 833; x_wconf 56' lang='lat' dir='ltr'>§WMMMMAWMM</span> 
     </span>
    </p>
   </div>
   <div class='ocr_carea' id='block_1_4' title="bbox 545 959 925 1009">
    <p class='ocr_par' dir='ltr' id='par_1_4' title="bbox 545 959 925 1009">
     <span class='ocr_line' id='line_1_8' title="bbox 545 959 925 1009; baseline 0.005 -2"><span class='ocrx_word' id='word_1_46' title='bbox 545 959 925 1009; x_wconf 71' lang='lat' dir='ltr'><strong>ENARRATIO</strong></span> 
     </span>
    </p>
   </div>
   <div class='ocr_carea' id='block_1_5' title="bbox 400 1119 1079 1324">
    <p class='ocr_par' dir='ltr' id='par_1_5' title="bbox 400 1119 1079 1324">
     <span class='ocr_line' id='line_1_9' title="bbox 400 1119 1079 1161; baseline -0.001 -1"><span class='ocrx_word' id='word_1_47' title='bbox 400 1121 463 1160; x_wconf 90' lang='lat' dir='ltr'>IN</span> <span class='ocrx_word' id='word_1_48' title='bbox 509 1119 809 1161; x_wconf 86' lang='lat' dir='ltr'><strong>PSALMUM</strong></span> <span class='ocrx_word' id='word_1_49' title='bbox 860 1119 1079 1161; x_wconf 87' lang='lat' dir='ltr'><strong>CXXVI.</strong></span> 
     </span>
     <span class='ocr_line' id='line_1_10' title="bbox 517 1262 957 1324; baseline -0.002 -15"><span class='ocrx_word' id='word_1_50' title='bbox 517 1266 667 1309; x_wconf 90' lang='lat' dir='ltr'>Sermo</span> <span class='ocrx_word' id='word_1_51' title='bbox 690 1263 745 1308; x_wconf 90' lang='lat' dir='ltr'>ad</span> <span class='ocrx_word' id='word_1_52' title='bbox 766 1262 957 1324; x_wconf 84' lang='lat' dir='ltr'><strong>plebem.</strong></span> 
     </span>
    </p>
   </div>
   <div class='ocr_carea' id='block_1_6' title="bbox 42 1410 1436 2606">
    <p class='ocr_par' dir='ltr' id='par_1_6' title="bbox 42 1410 1436 2606">
     <span class='ocr_line' id='line_1_11' title="bbox 102 1410 1432 1472; baseline 0.001 -17"><span class='ocrx_word' id='word_1_53' title='bbox 102 1413 136 1455; x_wconf 91' lang='lat' dir='ltr'>I.</span> <span class='ocrx_word' id='word_1_54' title='bbox 164 1413 298 1456; x_wconf 77' lang='lat' dir='ltr'>INTER</span> <span class='ocrx_word' id='word_1_55' title='bbox 320 1411 466 1456; x_wconf 86' lang='lat' dir='ltr'>omnia</span> <span class='ocrx_word' id='word_1_56' title='bbox 483 1412 674 1467; x_wconf 83' lang='lat' dir='ltr'>cantica,</span> <span class='ocrx_word' id='word_1_57' title='bbox 698 1412 858 1472; x_wconf 87' lang='lat' dir='ltr'>quibus</span> <span class='ocrx_word' id='word_1_58' title='bbox 880 1420 943 1456; x_wconf 90' lang='lat' dir='ltr'>est</span> <span class='ocrx_word' id='word_1_59' title='bbox 965 1410 1140 1468; x_wconf 81' lang='lat' dir='ltr'>titulus,</span> <span class='ocrx_word' id='word_1_60' title='bbox 1156 1430 1176 1454; x_wconf 85' lang='lat'>«</span> <span class='ocrx_word' id='word_1_61' title='bbox 1201 1412 1432 1456; x_wconf 79' lang='lat' dir='ltr'>Canticum</span> 
     </span>
     <span class='ocr_line' id='line_1_12' title="bbox 45 1481 1435 1542; baseline 0.004 -20"><span class='ocrx_word' id='word_1_62' title='bbox 45 1499 66 1522; x_wconf 87' lang='lat'>»</span> <span class='ocrx_word' id='word_1_63' title='bbox 101 1482 331 1541; x_wconf 84' lang='lat' dir='ltr'>graduum,</span> <span class='ocrx_word' id='word_1_64' title='bbox 346 1500 366 1523; x_wconf 84' lang='lat'>»</span> <span class='ocrx_word' id='word_1_65' title='bbox 387 1482 466 1525; x_wconf 89' lang='lat' dir='ltr'>iste</span> <span class='ocrx_word' id='word_1_66' title='bbox 489 1481 683 1527; x_wconf 86' lang='lat' dir='ltr'>Psalmus</span> <span class='ocrx_word' id='word_1_67' title='bbox 700 1481 868 1542; x_wconf 87' lang='lat' dir='ltr'>aliquid</span> <span class='ocrx_word' id='word_1_68' title='bbox 887 1482 1071 1542; x_wconf 85' lang='lat' dir='ltr'>amplius</span> <span class='ocrx_word' id='word_1_69' title='bbox 1093 1483 1137 1525; x_wconf 91' lang='lat' dir='ltr'>in</span> <span class='ocrx_word' id='word_1_70' title='bbox 1162 1481 1289 1527; x_wconf 79' lang='lat' dir='ltr'>titulo</span> <span class='ocrx_word' id='word_1_71' title='bbox 1312 1498 1435 1527; x_wconf 85' lang='lat' dir='ltr'>acce-</span> 
     </span>
     <span class='ocr_line' id='line_1_13' title="bbox 42 1551 1435 1612; baseline 0.001 -16"><span class='ocrx_word' id='word_1_72' title='bbox 42 1552 133 1612; x_wconf 86' lang='lat' dir='ltr'>pit,</span> <span class='ocrx_word' id='word_1_73' title='bbox 155 1552 276 1612; x_wconf 83' lang='lat' dir='ltr'>quod</span> <span class='ocrx_word' id='word_1_74' title='bbox 303 1551 501 1596; x_wconf 89' lang='lat' dir='ltr'>additum</span> <span class='ocrx_word' id='word_1_75' title='bbox 523 1561 611 1607; x_wconf 85' lang='lat' dir='ltr'>est,</span> <span class='ocrx_word' id='word_1_76' title='bbox 643 1572 662 1595; x_wconf 88' lang='lat'>«</span> <span class='ocrx_word' id='word_1_77' title='bbox 692 1553 949 1598; x_wconf 88' lang='lat' dir='ltr'>Salomonis.</span> <span class='ocrx_word' id='word_1_78' title='bbox 979 1571 998 1594; x_wconf 88' lang='lat'>»</span> <span class='ocrx_word' id='word_1_79' title='bbox 1029 1553 1095 1597; x_wconf 89' lang='lat' dir='ltr'>Sic</span> <span class='ocrx_word' id='word_1_80' title='bbox 1118 1553 1234 1596; x_wconf 90' lang='lat' dir='ltr'>enim</span> <span class='ocrx_word' id='word_1_81' title='bbox 1262 1569 1435 1612; x_wconf 83' lang='lat' dir='ltr'>praeno-</span> 
     </span>
     <span class='ocr_line' id='line_1_14' title="bbox 43 1622 1434 1684; baseline 0 -16"><span class='ocrx_word' id='word_1_82' title='bbox 43 1632 180 1679; x_wconf 89' lang='lat' dir='ltr'>tatur,</span> <span class='ocrx_word' id='word_1_83' title='bbox 211 1643 230 1665; x_wconf 93' lang='lat'>«</span> <span class='ocrx_word' id='word_1_84' title='bbox 250 1625 479 1668; x_wconf 79' lang='lat' dir='ltr'>Canticum</span> <span class='ocrx_word' id='word_1_85' title='bbox 503 1622 719 1682; x_wconf 82' lang='lat' dir='ltr'>graduum</span> <span class='ocrx_word' id='word_1_86' title='bbox 744 1623 1000 1669; x_wconf 64' lang='lat' dir='ltr'>Salomonis</span> <span class='ocrx_word' id='word_1_87' title='bbox 1024 1643 1042 1664; x_wconf 88' lang='lat'>»</span> <span class='ocrx_word' id='word_1_88' title='bbox 1058 1627 1212 1684; x_wconf 85' lang='lat' dir='ltr'>Itaque</span> <span class='ocrx_word' id='word_1_89' title='bbox 1232 1623 1333 1668; x_wconf 84' lang='lat' dir='ltr'>fecit</span> <span class='ocrx_word' id='word_1_90' title='bbox 1357 1640 1434 1669; x_wconf 90' lang='lat' dir='ltr'>nos</span> 
     </span>
     <span class='ocr_line' id='line_1_15' title="bbox 42 1694 1435 1756; baseline 0.001 -18"><span class='ocrx_word' id='word_1_91' title='bbox 42 1694 230 1739; x_wconf 88' lang='lat' dir='ltr'>intentos</span> <span class='ocrx_word' id='word_1_92' title='bbox 252 1695 496 1739; x_wconf 85' lang='lat' dir='ltr'>inusitatior</span> <span class='ocrx_word' id='word_1_93' title='bbox 511 1695 665 1739; x_wconf 76' lang='lat' dir='ltr'>titulus</span> <span class='ocrx_word' id='word_1_94' title='bbox 687 1695 870 1750; x_wconf 83' lang='lat' dir='ltr'>caeteris,</span> <span class='ocrx_word' id='word_1_95' title='bbox 887 1704 937 1739; x_wconf 91' lang='lat' dir='ltr'>ut</span> <span class='ocrx_word' id='word_1_96' title='bbox 958 1711 1205 1755; x_wconf 75' lang='lat' dir='ltr'>quaeramus</span> <span class='ocrx_word' id='word_1_97' title='bbox 1223 1712 1358 1756; x_wconf 86' lang='lat' dir='ltr'>quare</span> <span class='ocrx_word' id='word_1_98' title='bbox 1381 1696 1435 1740; x_wconf 89' lang='lat' dir='ltr'>sit</span> 
     </span>
     <span class='ocr_line' id='line_1_16' title="bbox 43 1764 1434 1826; baseline 0.002 -18"><span class='ocrx_word' id='word_1_99' title='bbox 43 1765 265 1821; x_wconf 83' lang='lat' dir='ltr'>additum,</span> <span class='ocrx_word' id='word_1_100' title='bbox 294 1785 313 1807; x_wconf 91' lang='lat'>«</span> <span class='ocrx_word' id='word_1_101' title='bbox 342 1764 596 1810; x_wconf 87' lang='lat' dir='ltr'>Salomonis.</span> <span class='ocrx_word' id='word_1_102' title='bbox 631 1786 646 1806; x_wconf 88' lang='lat'>»</span> <span class='ocrx_word' id='word_1_103' title='bbox 672 1768 780 1811; x_wconf 84' lang='lat' dir='ltr'>Nam</span> <span class='ocrx_word' id='word_1_104' title='bbox 811 1764 919 1826; x_wconf 88' lang='lat' dir='ltr'>quid</span> <span class='ocrx_word' id='word_1_105' title='bbox 952 1766 1006 1809; x_wconf 91' lang='lat' dir='ltr'>sit</span> <span class='ocrx_word' id='word_1_106' title='bbox 1032 1785 1051 1807; x_wconf 88' lang='lat'>«</span> <span class='ocrx_word' id='word_1_107' title='bbox 1077 1766 1308 1810; x_wconf 75' lang='lat' dir='ltr'>Canticum</span> <span class='ocrx_word' id='word_1_108' title='bbox 1334 1783 1434 1825; x_wconf 81' lang='lat' dir='ltr'>gra-</span> 
     </span>
     <span class='ocr_line' id='line_1_17' title="bbox 47 1835 1434 1897; baseline 0.004 -20"><span class='ocrx_word' id='word_1_109' title='bbox 47 1854 67 1877; x_wconf 87' lang='lat'>»</span> <span class='ocrx_word' id='word_1_110' title='bbox 101 1835 262 1892; x_wconf 88' lang='lat' dir='ltr'>duum,</span> <span class='ocrx_word' id='word_1_111' title='bbox 281 1855 301 1878; x_wconf 87' lang='lat'>»</span> <span class='ocrx_word' id='word_1_112' title='bbox 327 1853 417 1881; x_wconf 92' lang='lat' dir='ltr'>non</span> <span class='ocrx_word' id='word_1_113' title='bbox 439 1853 546 1896; x_wconf 77' lang='lat' dir='ltr'>opus</span> <span class='ocrx_word' id='word_1_114' title='bbox 562 1846 625 1881; x_wconf 88' lang='lat' dir='ltr'>est</span> <span class='ocrx_word' id='word_1_115' title='bbox 641 1853 754 1896; x_wconf 74' lang='lat' dir='ltr'>seepe</span> <span class='ocrx_word' id='word_1_116' title='bbox 776 1846 972 1897; x_wconf 86' lang='lat' dir='ltr'>repetere</span> <span class='ocrx_word' id='word_1_117' title='bbox 997 1857 1006 1881; x_wconf 73' lang='grc' dir='ltr'>ε</span> <span class='ocrx_word' id='word_1_118' title='bbox 1032 1836 1158 1897; x_wconf 85' lang='lat' dir='ltr'>plura</span> <span class='ocrx_word' id='word_1_119' title='bbox 1180 1838 1297 1882; x_wconf 88' lang='lat' dir='ltr'>enim</span> <span class='ocrx_word' id='word_1_120' title='bbox 1319 1837 1434 1883; x_wconf 86' lang='lat' dir='ltr'>dicta</span> 
     </span>
     <span class='ocr_line' id='line_1_18' title="bbox 43 1908 1434 1969; baseline 0.003 -19"><span class='ocrx_word' id='word_1_121' title='bbox 43 1916 146 1951; x_wconf 88' lang='lat' dir='ltr'>sunt</span> <span class='ocrx_word' id='word_1_122' title='bbox 174 1908 298 1962; x_wconf 89' lang='lat' dir='ltr'>hinc,</span> <span class='ocrx_word' id='word_1_123' title='bbox 325 1908 426 1968; x_wconf 83' lang='lat' dir='ltr'>quia</span> <span class='ocrx_word' id='word_1_124' title='bbox 449 1917 596 1952; x_wconf 84' lang='lat' dir='ltr'>cantat</span> <span class='ocrx_word' id='word_1_125' title='bbox 616 1908 888 1952; x_wconf 83' lang='lat' dir='ltr'>ascendentis</span> <span class='ocrx_word' id='word_1_126' title='bbox 905 1924 988 1953; x_wconf 82' lang='lat' dir='ltr'>vox</span> <span class='ocrx_word' id='word_1_127' title='bbox 1009 1909 1055 1952; x_wconf 86' lang='lat' dir='ltr'>in</span> <span class='ocrx_word' id='word_1_128' title='bbox 1079 1909 1241 1953; x_wconf 79' lang='lat' dir='ltr'>affectu</span> <span class='ocrx_word' id='word_1_129' title='bbox 1263 1910 1434 1969; x_wconf 86' lang='lat' dir='ltr'>pietatis</span> 
     </span>
     <span class='ocr_line' id='line_1_19' title="bbox 44 1977 1435 2040; baseline 0.002 -19"><span class='ocrx_word' id='word_1_130' title='bbox 44 1987 88 2021; x_wconf 91' lang='lat' dir='ltr'>et</span> <span class='ocrx_word' id='word_1_131' title='bbox 113 1977 330 2022; x_wconf 83' lang='lat' dir='ltr'>charitatis</span> <span class='ocrx_word' id='word_1_132' title='bbox 358 1977 412 2022; x_wconf 86' lang='lat' dir='ltr'>ad</span> <span class='ocrx_word' id='word_1_133' title='bbox 435 1978 554 2022; x_wconf 88' lang='lat' dir='ltr'>illam</span> <span class='ocrx_word' id='word_1_134' title='bbox 584 1994 817 2038; x_wconf 78' lang='lat' dir='ltr'>supernam</span> <span class='ocrx_word' id='word_1_135' title='bbox 852 1979 1116 2034; x_wconf 84' lang='lat' dir='ltr'>Jerusalem,</span> <span class='ocrx_word' id='word_1_136' title='bbox 1148 1980 1219 2024; x_wconf 83' lang='lat' dir='ltr'>cui</span> <span class='ocrx_word' id='word_1_137' title='bbox 1242 1981 1435 2040; x_wconf 85' lang='lat' dir='ltr'>suspira-</span> 
     </span>
     <span class='ocr_line' id='line_1_20' title="bbox 44 2050 1435 2111; baseline 0.001 -18"><span class='ocrx_word' id='word_1_138' title='bbox 44 2064 139 2093; x_wconf 89' lang='lat' dir='ltr'>mus</span> <span class='ocrx_word' id='word_1_139' title='bbox 173 2050 369 2110; x_wconf 86' lang='lat' dir='ltr'>quandiu</span> <span class='ocrx_word' id='word_1_140' title='bbox 397 2051 748 2109; x_wconf 79' lang='lat' dir='ltr'>peregrinamur,</span> <span class='ocrx_word' id='word_1_141' title='bbox 776 2060 819 2094; x_wconf 90' lang='lat' dir='ltr'>et</span> <span class='ocrx_word' id='word_1_142' title='bbox 842 2050 920 2094; x_wconf 87' lang='lat' dir='ltr'>ubi</span> <span class='ocrx_word' id='word_1_143' title='bbox 951 2050 1171 2094; x_wconf 86' lang='lat' dir='ltr'>laetabitur</span> <span class='ocrx_word' id='word_1_144' title='bbox 1192 2067 1291 2095; x_wconf 88' lang='lat' dir='ltr'>cum</span> <span class='ocrx_word' id='word_1_145' title='bbox 1311 2068 1334 2095; x_wconf 88' lang='lat' dir='ltr'>a</span> <span class='ocrx_word' id='word_1_146' title='bbox 1356 2067 1435 2111; x_wconf 62' lang='lat' dir='ltr'>pe*-</span> 
     </span>
     <span class='ocr_line' id='line_1_21' title="bbox 44 2120 1436 2182; baseline 0.002 -19"><span class='ocrx_word' id='word_1_147' title='bbox 44 2120 332 2178; x_wconf 83' lang='lat' dir='ltr'>regrinatione</span> <span class='ocrx_word' id='word_1_148' title='bbox 355 2120 622 2165; x_wconf 74' lang='lat' dir='ltr'>redierimus.</span> <span class='ocrx_word' id='word_1_149' title='bbox 643 2120 850 2166; x_wconf 83' lang='lat' dir='ltr'>Ascendit</span> <span class='ocrx_word' id='word_1_150' title='bbox 873 2120 927 2165; x_wconf 87' lang='lat' dir='ltr'>ad</span> <span class='ocrx_word' id='word_1_151' title='bbox 944 2122 1058 2165; x_wconf 87' lang='lat' dir='ltr'>hanc</span> <span class='ocrx_word' id='word_1_152' title='bbox 1076 2122 1215 2166; x_wconf 85' lang='lat' dir='ltr'>omnis</span> <span class='ocrx_word' id='word_1_153' title='bbox 1239 2122 1316 2182; x_wconf 86' lang='lat' dir='ltr'>qui</span> <span class='ocrx_word' id='word_1_154' title='bbox 1339 2137 1436 2181; x_wconf 86' lang='lat' dir='ltr'>pro-</span> 
     </span>
     <span class='ocr_line' id='line_1_22' title="bbox 44 2189 1436 2252; baseline 0.003 -19"><span class='ocrx_word' id='word_1_155' title='bbox 44 2189 148 2245; x_wconf 90' lang='lat' dir='ltr'>ficit,</span> <span class='ocrx_word' id='word_1_156' title='bbox 168 2191 284 2235; x_wconf 88' lang='lat' dir='ltr'>cadit</span> <span class='ocrx_word' id='word_1_157' title='bbox 301 2192 355 2236; x_wconf 88' lang='lat' dir='ltr'>ab</span> <span class='ocrx_word' id='word_1_158' title='bbox 370 2192 451 2236; x_wconf 88' lang='lat' dir='ltr'>hac</span> <span class='ocrx_word' id='word_1_159' title='bbox 474 2192 614 2236; x_wconf 86' lang='lat' dir='ltr'>omnis</span> <span class='ocrx_word' id='word_1_160' title='bbox 632 2192 707 2252; x_wconf 82' lang='lat' dir='ltr'>qui</span> <span class='ocrx_word' id='word_1_161' title='bbox 722 2191 885 2237; x_wconf 85' lang='lat' dir='ltr'>deficit.</span> <span class='ocrx_word' id='word_1_162' title='bbox 898 2194 986 2236; x_wconf 88' lang='lat' dir='ltr'>Nec</span> <span class='ocrx_word' id='word_1_163' title='bbox 1002 2191 1187 2251; x_wconf 84' lang='lat' dir='ltr'>pedibus</span> <span class='ocrx_word' id='word_1_164' title='bbox 1203 2193 1436 2237; x_wconf 87' lang='lat' dir='ltr'>ascendere</span> 
     </span>
     <span class='ocr_line' id='line_1_23' title="bbox 45 2262 1434 2323; baseline 0.004 -19"><span class='ocrx_word' id='word_1_165' title='bbox 45 2277 214 2320; x_wconf 76' lang='lat' dir='ltr'>quaeras</span> <span class='ocrx_word' id='word_1_166' title='bbox 229 2297 239 2315; x_wconf 75' lang='lat'>,</span> <span class='ocrx_word' id='word_1_167' title='bbox 264 2278 343 2306; x_wconf 88' lang='lat' dir='ltr'>nec</span> <span class='ocrx_word' id='word_1_168' title='bbox 366 2262 550 2321; x_wconf 85' lang='lat' dir='ltr'>pedibus</span> <span class='ocrx_word' id='word_1_169' title='bbox 569 2272 611 2307; x_wconf 89' lang='lat' dir='ltr'>te</span> <span class='ocrx_word' id='word_1_170' title='bbox 634 2263 897 2308; x_wconf 87' lang='lat' dir='ltr'>descendere</span> <span class='ocrx_word' id='word_1_171' title='bbox 915 2272 1040 2323; x_wconf 86' lang='lat' dir='ltr'>putes</span> <span class='ocrx_word' id='word_1_172' title='bbox 1060 2264 1271 2309; x_wconf 83' lang='lat' dir='ltr'>:amando</span> <span class='ocrx_word' id='word_1_173' title='bbox 1294 2268 1434 2309; x_wconf 86' lang='lat' dir='ltr'>Deum</span> 
     </span>
     <span class='ocr_line' id='line_1_24' title="bbox 45 2332 1436 2394; baseline 0.003 -18"><span class='ocrx_word' id='word_1_174' title='bbox 45 2332 259 2387; x_wconf 88' lang='lat' dir='ltr'>ascendis,</span> <span class='ocrx_word' id='word_1_175' title='bbox 286 2333 472 2378; x_wconf 84' lang='lat' dir='ltr'>amando</span> <span class='ocrx_word' id='word_1_176' title='bbox 496 2334 705 2379; x_wconf 82' lang='lat' dir='ltr'>saeculum</span> <span class='ocrx_word' id='word_1_177' title='bbox 738 2336 869 2380; x_wconf 86' lang='lat' dir='ltr'>cadis.</span> <span class='ocrx_word' id='word_1_178' title='bbox 899 2338 1010 2379; x_wconf 88' lang='lat' dir='ltr'>Sunt</span> <span class='ocrx_word' id='word_1_179' title='bbox 1032 2351 1135 2394; x_wconf 81' lang='lat' dir='ltr'>ergo</span> <span class='ocrx_word' id='word_1_180' title='bbox 1157 2336 1236 2380; x_wconf 85' lang='lat' dir='ltr'>ista</span> <span class='ocrx_word' id='word_1_181' title='bbox 1269 2337 1436 2381; x_wconf 84' lang='lat' dir='ltr'>cantica</span> 
     </span>
     <span class='ocr_line' id='line_1_25' title="bbox 45 2403 1436 2464; baseline 0.004 -18"><span class='ocrx_word' id='word_1_182' title='bbox 45 2403 304 2454; x_wconf 85' lang='lat' dir='ltr'>amantium,</span> <span class='ocrx_word' id='word_1_183' title='bbox 329 2404 520 2463; x_wconf 79' lang='lat' dir='ltr'>quodam</span> <span class='ocrx_word' id='word_1_184' title='bbox 538 2415 686 2450; x_wconf 89' lang='lat' dir='ltr'>sancto</span> <span class='ocrx_word' id='word_1_185' title='bbox 708 2405 923 2450; x_wconf 83' lang='lat' dir='ltr'>desiderio</span> <span class='ocrx_word' id='word_1_186' title='bbox 945 2406 1240 2464; x_wconf 83' lang='lat' dir='ltr'>flagrantium.</span> <span class='ocrx_word' id='word_1_187' title='bbox 1268 2406 1436 2451; x_wconf 85' lang='lat' dir='ltr'>Ardent</span> 
     </span>
     <span class='ocr_line' id='line_1_26' title="bbox 44 2473 1434 2536; baseline 0.004 -20"><span class='ocrx_word' id='word_1_188' title='bbox 44 2473 119 2532; x_wconf 90' lang='lat' dir='ltr'>qui</span> <span class='ocrx_word' id='word_1_189' title='bbox 139 2474 217 2517; x_wconf 85' lang='lat' dir='ltr'>ista</span> <span class='ocrx_word' id='word_1_190' title='bbox 239 2483 415 2518; x_wconf 84' lang='lat' dir='ltr'>cantant</span> <span class='ocrx_word' id='word_1_191' title='bbox 439 2490 488 2517; x_wconf 88' lang='lat' dir='ltr'>ex</span> <span class='ocrx_word' id='word_1_192' title='bbox 511 2475 663 2531; x_wconf 75' lang='lat' dir='ltr'>corde,</span> <span class='ocrx_word' id='word_1_193' title='bbox 684 2492 873 2536; x_wconf 82' lang='lat' dir='ltr'>quorum</span> <span class='ocrx_word' id='word_1_194' title='bbox 894 2477 1024 2520; x_wconf 85' lang='lat' dir='ltr'>etiam</span> <span class='ocrx_word' id='word_1_195' title='bbox 1042 2493 1116 2521; x_wconf 91' lang='lat' dir='ltr'>cor</span> <span class='ocrx_word' id='word_1_196' title='bbox 1135 2477 1289 2522; x_wconf 86' lang='lat' dir='ltr'>ardens</span> <span class='ocrx_word' id='word_1_197' title='bbox 1312 2478 1434 2522; x_wconf 90' lang='lat' dir='ltr'>inve-</span> 
     </span>
     <span class='ocr_line' id='line_1_27' title="bbox 45 2543 1433 2606; baseline 0.003 -20"><span class='ocrx_word' id='word_1_198' title='bbox 45 2543 161 2587; x_wconf 89' lang='lat' dir='ltr'>nitur</span> <span class='ocrx_word' id='word_1_199' title='bbox 181 2543 226 2587; x_wconf 91' lang='lat' dir='ltr'>in</span> <span class='ocrx_word' id='word_1_200' title='bbox 246 2543 461 2599; x_wconf 90' lang='lat' dir='ltr'>moribus,</span> <span class='ocrx_word' id='word_1_201' title='bbox 483 2544 527 2587; x_wconf 91' lang='lat' dir='ltr'>in</span> <span class='ocrx_word' id='word_1_202' title='bbox 550 2545 666 2588; x_wconf 82' lang='lat' dir='ltr'>bona</span> <span class='ocrx_word' id='word_1_203' title='bbox 687 2547 1016 2591; x_wconf 88' lang='lat' dir='ltr'>conversatione</span> <span class='ocrx_word' id='word_1_204' title='bbox 1035 2582 1046 2602; x_wconf 92' lang='lat'>,</span> <span class='ocrx_word' id='word_1_205' title='bbox 1071 2547 1118 2590; x_wconf 90' lang='lat' dir='ltr'>in</span> <span class='ocrx_word' id='word_1_206' title='bbox 1143 2547 1348 2606; x_wconf 86' lang='lat' dir='ltr'>operibus</span> <span class='ocrx_word' id='word_1_207' title='bbox 1366 2562 1433 2591; x_wconf 92' lang='lat' dir='ltr'>se-</span> 
     </span>
    </p>
   </div>
   <div class='ocr_carea' id='block_1_7' title="bbox 95 2641 1103 2685">
    <p class='ocr_par' dir='ltr' id='par_1_7' title="bbox 95 2641 1103 2685">
     <span class='ocr_line' id='line_1_28' title="bbox 95 2641 1103 2685; baseline 0.004 -14"><span class='ocrx_word' id='word_1_208' title='bbox 95 2643 104 2661; x_wconf 85' lang='lat'>¹</span> <span class='ocrx_word' id='word_1_209' title='bbox 128 2649 140 2671; x_wconf 89' lang='lat'>1</span> <span class='ocrx_word' id='word_1_210' title='bbox 158 2641 230 2673; x_wconf 90' lang='lat' dir='ltr'>Cor.</span> <span class='ocrx_word' id='word_1_211' title='bbox 255 2649 300 2681; x_wconf 79' lang='lat' dir='ltr'>lv,</span> <span class='ocrx_word' id='word_1_212' title='bbox 322 2648 374 2683; x_wconf 83' lang='lat'>12,</span> <span class='ocrx_word' id='word_1_213' title='bbox 399 2651 410 2672; x_wconf 90' lang='lat'>1</span> <span class='ocrx_word' id='word_1_214' title='bbox 432 2642 517 2675; x_wconf 83' lang='lat' dir='ltr'>Tess.</span> <span class='ocrx_word' id='word_1_215' title='bbox 533 2650 570 2682; x_wconf 83' lang='lat' dir='ltr'>n,</span> <span class='ocrx_word' id='word_1_216' title='bbox 591 2651 608 2682; x_wconf 88' lang='lat'><strong>7</strong></span> <span class='ocrx_word' id='word_1_217' title='bbox 635 2645 667 2672; x_wconf 86' lang='lat' dir='ltr'>et</span> <span class='ocrx_word' id='word_1_218' title='bbox 680 2651 714 2683; x_wconf 86' lang='lat'>9,</span> <span class='ocrx_word' id='word_1_219' title='bbox 732 2646 764 2674; x_wconf 87' lang='lat' dir='ltr'>et</span> <span class='ocrx_word' id='word_1_220' title='bbox 779 2651 798 2674; x_wconf 84' lang='lat'><strong>2</strong></span> <span class='ocrx_word' id='word_1_221' title='bbox 817 2641 926 2675; x_wconf 78' lang='lat' dir='ltr'>Thess.</span> <span class='ocrx_word' id='word_1_222' title='bbox 947 2654 993 2684; x_wconf 83' lang='lat'>111,</span> <span class='ocrx_word' id='word_1_223' title='bbox 1015 2645 1049 2684; x_wconf 84' lang='lat'>8,</span> <span class='ocrx_word' id='word_1_224' title='bbox 1071 2654 1103 2685; x_wconf 87' lang='lat'>9.</span> 
     </span>
    </p>
   </div>
  </div>
 </body>
</html>
