1815 3253
388 256 631 286 ENARRATIO
664 261 708 287 m
743 259 945 288 PsALMUM
977 261 1107 288 exui.
1367 247 1452 289 409

0 329 2 335 '
65 325 246 369 Venitur
264 325 317 368 ad
335 333 574 379 carnemsst
597 325 657 368 ibi
679 326 876 370 Christus
897 335 940 369 ct
964 325 1038 369 ille
1060 334 1103 370 et
1121 327 1324 371 n08.N0n
1349 342 1452 386 ergo

0 412 1 416 ¹
63 397 271 441 miremur
293 396 338 439 in
362 395 561 441 Psalmis:
581 395 718 441 multa
736 397 851 441 enim
874 396 980 441 dicit
1002 412 1054 440 ex
1077 412 1259 456 persona
1282 398 1450 457 capitis,

0 483 1 486 ¹
62 458 201 512 multa
234 483 284 511 ex
317 483 499 528 persona
532 469 863 513 membrorum:
889 477 932 512 et
962 469 1046 512 hoc
1075 477 1218 512 totum
1242 477 1453 529 tanquam

0 542 2 548 ’
63 553 151 582 una
180 553 363 598 persona
388 538 472 593 sit,
504 538 564 582 ita
595 538 806 599 loquitur.
831 540 920 584 Nec
942 537 1134 594 mireris,
1161 539 1264 598 quia
1296 538 1385 583 duo
1408 541 1454 583 in

63 624 170 655 voce
192 625 279 653 una
300 644 310 663 ,
329 609 363 653 si
383 610 473 654 duo
494 610 539 653 in
561 625 690 654 carne
709 625 810 654 una.

125 682 200 724 IV.
226 682 250 723 J
256 679 360 724 udas
380 678 495 724 filius
517 680 663 740 sponsi
684 688 947 741 persequens
979 695 1201 740 sponsum.
1230 682 1324 725 Hoc
1346 689 1455 724 tunc

64 750 245 810 contigit
266 772 277 808 3
316 767 371 795 an
408 760 451 795 et
489 750 739 796 futurorum
775 751 1023 810 exemplum
1051 751 1322 810 praemissum
1360 753 1456 796 est?

63 821 226 867 Multos
259 823 373 866 enim
413 822 541 867 falsos
575 823 728 867 fratres
761 839 937 883 passura
972 832 1064 867 erat
1082 822 1305 878 Ecclesia,
1332 831 1382 867 ut
1414 831 1457 866 et

64 892 207 938 adhuc
229 902 272 937 6ῖ
296 909 434 954 usque
468 895 513 938 in
538 895 667 939 finem
698 904 906 955 sponsum
936 893 1059 939 illum
1085 894 1198 938 filius
1218 910 1455 955 persequa-

18 961 20 970 ’
64 973 150 1008 tur.
181 982 200 1005 «
229 964 270 1008 Si
290 964 406 1008 enim
438 964 638 1010 inimicus
671 965 973 1025 exprobrasset
994 964 1102 1009 milii
1122 1000 1132 1020 ,
1158 965 1457 1010 sustinuissem

68 1053 88 1076 »
125 1035 298 1095 utique,
328 1035 412 1092 ait3
450 1043 493 1079 et
522 1036 556 1079 si
585 1037 639 1091 is,
666 1037 743 1096 qui
765 1036 916 1080 oderat
938 1052 1031 1092 me,
1057 1053 1186 1097 super
1208 1053 1278 1081 me
1300 1053 1458 1095 magna

67 1123 87 1147 »
121 1105 293 1150 locutus
314 1103 479 1157 fuisset,
501 1106 824 1150 abscondissem
842 1122 912 1151 me
930 1108 1084 1167 utique
1107 1107 1162 1151 ab
1184 1123 1236 1152 eo
1252 1110 1282 1150 1.
1313 1125 1333 1148 »
1351 1107 1458 1159 Quis

18 1185 19 1228 ζ
64 1185 127 1220 6εῖ
153 1176 386 1220 inimicus?
409 1176 505 1236 quis
531 1185 595 1220 cst
611 1176 686 1236 qui
708 1175 859 1220 oderat
882 1179 982 1220 me‘?
1005 1177 1089 1230 Qui
1112 1176 1244 1231 dicit,
1266 1177 1371 1230 Quis
1395 1186 1459 1221 est

64 1246 290 1291 Christus?
324 1248 466 1290 Homo
492 1244 576 1290 fuit
607 1245 804 1291 Christus
822 1282 833 1301 ,
869 1262 950 1291 nec
987 1248 1132 1292 vivere
1161 1247 1330 1307 potuit,
1357 1262 1457 1291 cum

64 1317 196 1361 vellet
215 1317 357 1361 vivere
380 1337 388 1361 :
415 1327 458 1362 et
477 1327 676 1361 mortuus
694 1329 775 1372 cst,
802 1318 1035 1378 inquiunt,
1062 1317 1237 1374 nolens,
1263 1319 1429 1363 evictus
1444 1353 1455 1373 ‚

64 1387 310 1443 crucifixus,
323 1388 504 1441 occisus.
517 1389 685 1432 Inimici
700 1389 776 1432 ista
787 1388 955 1433 dicunt.
965 1392 1150 1448 Apertus
1165 1390 1244 1433 iste
1257 1389 1459 1433 inimicus

64 1467 143 1513 est,
167 1459 226 1502 ait
243 1459 456 1514 Christus,
476 1459 569 1503 odit
589 1475 674 1514 mc,
692 1469 859 1519 apertas
882 1459 986 1503 mihi
1010 1459 1163 1504 indicit
1184 1459 1429 1504 inimicitias
1447 1478 1457 1503 :

16 1523 19 1569 Ῐ
64 1528 192 1574 facile
214 1539 278 1573 est
291 1530 421 1573 istum
441 1530 509 1574 vel
530 1530 713 1575 tolerare
734 1530 804 1575 vel
821 1530 956 1573 vitare
976 1551 983 1574 :
1000 1530 1108 1590 quid
1123 1529 1235 1574 facio
1250 1529 1305 1573 de
1322 1531 1460 1574 Abes-

65 1600 185 1645 salon
195 1601 334 1660 ‚Qquid
350 1600 464 1644 facio
482 1600 537 1644 de
555 1600 695 1644 Juda?
710 1600 817 1661 quid
833 1600 888 1644 de
902 1600 1015 1644 falsis
1027 1600 1236 1644 fratribus
1251 1602 1268 1644 Ρ
1284 1600 1391 1660 quid
1406 1600 1461 1644 de

65 1671 187 1716 malis
208 1670 306 1714 filiis
323 1680 365 1715 et
388 1681 534 1716 tamen
551 1672 664 1726 filiis,
682 1671 756 1732 qui
776 1687 865 1716 non
888 1680 1039 1716 contra
1059 1687 1137 1715 nos
1156 1670 1462 1731 blasphemant

65 1743 286 1788 Christum
307 1779 318 1799 ‚
345 1743 419 1787 sed
445 1743 673 1788 nobiscum
699 1743 883 1787 adorant
905 1743 1129 1788 Christum
1147 1778 1158 1798 ‚
1181 1752 1224 1786 et
1252 1742 1298 1786 in
1336 1742 1460 1786 nobis

14 1837 15 1842 =
65 1823 390 1874 persequuntur
402 1814 650 1858 Christum?
664 1817 726 1858 De
737 1814 895 1874 quibus
912 1822 1230 1873 consequenter
1244 1813 1289 1856 in
1307 1811 1461 1857 eodem

13 1915 15 1938 ξ
69 1883 239 1928 Psalmo
261 1883 421 1928 dicitur
435 1904 442 1929 :
456 1884 601 1928 Alium
624 1883 750 1928 facile
767 1894 859 1928 erat
879 1882 1084 1943 perferre,
1102 1899 1202 1927 eum
1218 1884 1294 1943 qui
1312 1883 1464 1928 oderat

10 1959 15 2008 j
67 1971 136 1999 me
151 1976 162 2013 3
178 1954 247 1999 vel
262 1955 527 2000 abscondere
545 1971 614 1999 me
632 1956 686 1999 ab
712 1955 1039 1999 eo.Abscondis
1057 1956 1172 1998 enim
1190 1964 1231 1999 te
1254 1971 1275 1998 a
1291 1970 1463 2014 pagano

14 2035 18 2040 '
67 2026 232 2070 intrans
244 2017 498 2070 Ecclesiam.
511 2025 698 2079 Quando
711 2042 764 2070 au
773 2035 857 2069 tem
873 2035 915 2069 et
929 2025 989 2068 ibi
1004 2025 1169 2069 invenis
1184 2025 1304 2086 quod
1318 2025 1460 2080 times,

8 2099 14 2148 ἕ
68 2097 174 2157 quid
187 2097 344 2156 quaeris
361 2097 435 2140 ubi
458 2105 500 2139 te
516 2096 783 2140 abscondas?
799 2096 994 2156 Denique
1016 2095 1089 2139 ille
1103 2096 1194 2155 ipse
1209 2095 1459 2155 Apostolus,

12 2187 13 2192 ¹
67 2168 143 2228 qui
174 2167 308 2226 gemit
330 2167 375 2210 in
397 2165 600 2225 periculis
621 2182 644 2210 a
673 2165 789 2210 falsis
812 2166 1042 2221 fratribus,
1071 2186 1087 2207 (ι
1120 2165 1266 2220 Foris,
1287 2166 1430 2226 inquit
1449 2202 1461 2222 ,

8 2253 13 2286 f
71 2258 90 2281 »
124 2255 307 2299 pugnae,
336 2240 452 2287 intus
474 2238 663 2283 timores.
693 2238 735 2282 Si
758 2252 860 2296 crgo
881 2237 915 2281 is
938 2238 1013 2298 qui
1031 2237 1183 2283 oderat
1206 2253 1275 2281 me
1293 2253 1463 2298 ,super

9 2323 13 2362 ς
71 2329 91 2351 »
126 2325 196 2354 me
219 2325 375 2368 magna
396 2308 569 2352 locutus
591 2309 762 2363 fuisset,
789 2308 1112 2353 abscondissem
1132 2324 1202 2352 1116
1226 2309 1382 2368 utique
1407 2309 1462 2352 ab

72 2400 92 2423 »
127 2396 178 2425 6ο
206 2400 214 2424 z
240 2390 290 2424 tu
310 2396 414 2425 vcro
430 2378 664 2423 unianimis
686 2394 808 2423 meus
823 2383 854 2423 ².
887 2398 905 2419 »
935 2379 1213 2423 Unianimem
1230 2378 1352 2434 dicit,
1373 2388 1466 2423 tan-

10 2485 13 2488 1
70 2466 202 2511 quam
227 2466 364 2494 unum
386 2450 432 2493 in
455 2450 642 2494 Christo.
674 2451 750 2493 Est
767 2465 869 2508 ergo
892 2448 1096 2494 Ecclesiae
1117 2450 1238 2510 quod
1262 2448 1371 2493 ferat
1395 2448 1466 2493 fo-

73 2522 128 2567 ris
149 2557 159 2577 ,
196 2531 339 2580 gemat
367 2522 511 2565 intus:
547 2521 742 2565 inimicos
778 2530 924 2565 tamen
963 2536 1061 2564 suos
1084 2520 1266 2580 deputet
1295 2519 1399 2564 foris
1422 2529 1466 2564 et

123 2607 312 2646 ¹1¹sal.mv‚
336 2607 386 2638 13.
409 2623 450 2628 —
470 2613 482 2628 ²
503 2615 523 2638 2
541 2608 612 2638 Cor.
636 2617 694 2646 vn,
712 2605 887 2646 5,6ῖΡε31.
910 2606 1043 2647 1.1v‚13,
1068 2604 1117 2646 14.
