1815 3253
351 185 436 225 206
788 192 822 222 s.
857 192 1088 223 Aucus‘nm
1108 194 1291 223 muscum

350 262 458 305 dum
479 258 646 314 dicere,
666 258 832 303 invenis
850 274 1085 318 pauperem
1107 259 1345 320 superbum
1360 293 1371 315 ,
1393 269 1436 304 et
1456 259 1634 306 divitem
1650 263 1730 306 hu·
1782 291 1793 300 -

350 330 498 374 milem
524 348 534 375 z
565 328 761 389 quotidie
793 329 982 388 patimur
1014 329 1136 375 tales.
1172 331 1308 375 Audis
1338 332 1574 391 pauperem
1608 333 1732 392 quasi
1782 334 1815 389 ᾖε*

353 409 596 460 gementem
614 400 694 444 sub
718 399 878 455 divite,
901 409 943 444 et
960 400 1138 460 quando
1158 401 1377 461 potentior
1398 402 1555 461 premit
1583 403 1701 448 dives
1717 439 1728 461 ,
1784 403 1804 475 4

351 480 457 516 tunc
470 470 814 515 illumhumilem
828 470 961 515 vides·
953 471 1305 532 ,aliquandonec
1326 482 1449 528 tunc,
1469 472 1544 517 sed
1562 482 1605 518 et
1626 483 1732 520 tunc
1781 482 1804 543 14

349 542 587 601 superbum
622 557 631 582 :
671 541 790 585 unde
811 540 959 595 vides,
985 541 1082 601 quis
1112 552 1248 598 esset,
1284 543 1318 587 si
1345 542 1511 604 aliquid
1532 543 1727 588 haberet.
1783 543 1815 607 33⁶

351 615 468 671 Eigo
489 627 654 671 pauper
686 611 826 656 Deiin
848 612 992 656 animo
1015 621 1099 667 est,
1134 628 1223 658 non
1255 615 1300 657 in
1322 614 1507 659 sacculo.
1533 614 1735 660 Procedit
1778 627 1787 650 τ
1814 619 1815 639 ³

352 681 586 742 aliquando
614 683 746 727 homo
768 683 933 726 habens
954 683 1129 742 plenam
1152 684 1333 729 domum
1348 720 1359 739 ,
1391 686 1547 729 uberes
1568 697 1702 729 terras
1718 702 1738 742 ‚2

353 752 492 796 multa
512 752 675 812 praedia
690 787 701 808 ,
726 752 914 797 multum
935 754 1028 797 auri
1045 762 1088 797 et
1111 755 1297 812 argenti,
1319 755 1440 798 novit
1456 755 1557 814 quia
1572 755 1617 798 in
1633 755 1734 814 ipsis
1776 783 1778 787 ν
1812 760 1815 781 '⁴

354 839 442 866 non
460 832 524 867 est
547 822 900 882 praesumendum
919 858 930 878 ‚
951 823 1152 867 humiliat
1168 839 1212 867 se
1230 827 1335 879 Deo,
1360 824 1464 868 facit
1476 824 1578 868 inde
1595 825 1734 883 bene3

354 893 412 937 ita
433 908 508 937 cor
533 893 666 952 ipsius
684 890 864 950 'erigitur
891 892 946 936 ad
968 896 1104 937 Deum
1120 927 1131 948 ,
1157 902 1207 937 ut
1240 894 1407 938 noverit
1432 895 1533 953 quia
1554 909 1644 938 non
1664 910 1737 939 so-
1780 925 1782 930 »

354 963 446 1006 lum
469 963 575 1007 nihil
597 962 658 1006 illi
679 972 862 1022 prosunt
873 962 1035 1006 divitiae
1051 963 1177 1022 ipsae,
1204 963 1279 1007 sed
1293 963 1595 1022 etimpediunt
1608 964 1737 1023 pedes
1772 978 1775 984 ⁴

354 1033 510 1092 ipsius,
535 1033 616 1077 nisi
638 1032 710 1076 ille
731 1042 851 1092 regat
868 1042 909 1076 et
923 1032 995 1076 ille
1017 1033 1244 1076 subveniat
1262 1052 1269 1077 :
1291 1042 1335 1077 et
1355 1041 1609 1076 numeratur
1624 1033 1738 1077 inter

355 1119 563 1163 pauperes
574 1103 650 1163 qui
666 1112 913 1147 saturantur
929 1103 1128 1162 panibus.
1149 1103 1321 1148 Invenis
1339 1103 1471 1146 alium
1489 1103 1738 1148 mendicum

354 1174 555 1217 inflatum
572 1208 583 1228 ‚
609 1183 683 1217 aut
704 1173 802 1217 ideo
825 1189 914 1217 non
936 1172 1159 1228 inflatum,
1185 1174 1286 1233 quia
1304 1173 1413 1217 nihil
1433 1174 1588 1229 habet,
1613 1189 1739 1234 quae-⁴

354 1253 521 1288 rentem
544 1253 689 1287 tamen
711 1244 829 1287 unde
850 1243 1042 1286 infletur.
1069 1246 1166 1288 Non
1187 1243 1374 1288 attendit
1396 1247 1509 1287 Deus
1546 1243 1738 1288 faculta-

355 1323 464 1368 tem,
496 1313 573 1357 sed
593 1313 877 1373 cupiditatem
899 1332 906 1356 :
929 1322 971 1356 et
988 1313 1156 1373 judicat
1179 1329 1279 1357 eum
1297 1313 1540 1358 secundum
1562 1313 1741 1373 cupidi-2

357 1394 512 1440 tatem,
553 1401 639 1444 qua
669 1385 808 1428 inhiat·
840 1384 970 1427 rebus
1003 1384 1341 1443 temporalibus,
1386 1400 1475 1429 non
1497 1382 1767 1451 secundum}

355 1455 635 1510 facultatem,
661 1470 794 1514 quam
814 1470 903 1498 non
920 1454 959 1497 ei
976 1454 1190 1513 contingit
1217 1453 1409 1514 adipisci.
1437 1454 1562 1498 Unde
1588 1454 1643 1498 de
1672 1455 1741 1498 di-

357 1525 515 1569 vitibus
533 1524 638 1568 dicit
658 1523 917 1583 Apostolus,
947 1543 967 1565 «
994 1523 1209 1568 Divitibus
1231 1524 1362 1584 hujus
1384 1524 1530 1567 saeculi
1551 1525 1742 1583 praecipe
1785 1513 1790 1525 ’
1810 1534 1815 1555 ‘¹

359 1613 379 1637 »
414 1612 504 1639 non
517 1595 702 1654 superbe
716 1610 879 1671 sapere,
897 1608 1220 1654 nequesperare
1237 1594 1736 1650 mmcertodlvltiarum‚
1780 1573 1815 1656 44

361 1684 381 1707 u
415 1664 520 1709 sed
511 1680 556 1708 m
579 1668 668 1709 Deo
689 1665 813 1719 Vivo,
834 1664 910 1724 qui
943 1663 1068 1708 nohis
1092 1673 1268 1723 praestat
1286 1665 1432 1708 omnia
1465 1665 1742 1709 abundanter
1785 1650 1815 1724 44

360 1755 380 1778 »
415 1734 781 1779 adfruendum.»
807 1733 920 1787 Quid
944 1750 1046 1793 ergo
1070 1735 1233 1778 faciant
1263 1735 1317 1778 de
1340 1734 1498 1778 divitiis
1521 1735 1635 1780 suis?
1662 1738 1762 1812 Sea,
1786 1734 1814 1768 ³¹1

356 1806 507 1866 quitur
528 1814 570 1848 et
590 1804 722 1860 dicit,
758 1822 779 1845 «
813 1804 973 1847 Divites
1003 1805 1089 1847 sint
1117 1804 1163 1847 in
1189 1805 1392 1863 operibus
1432 1805 1583 1849 bonis·
1573 1804 1815 1871 ,16611644

360 1894 379 1917 »
413 1875 640 1928 tribuant,
666 1873 1007 1918 communicent.
1033 1891 1052 1914 »
1080 1876 1135 1917 Et
1163 1873 1262 1918 vide
1301 1875 1404 1934 quia
1426 1874 1497 1918 hic
1528 1883 1743 1933 paupere&

357 1955 488 1991 sunt:
518 1964 538 1988 «
565 1945 892 1998 Thesaurizent‚
919 1944 1088 2004 inquit,
1115 1945 1195 1987 sibi
1215 1943 1551 1988 fundamentum
1573 1945 1753 1988 bonum

359 2017 450 2060 »in
476 2014 698 2069 futurum,
731 2025 781 2058 ut
814 2015 1144 2074 apprehendant
1176 2030 1324 2060 veram
1357 2015 1535 2059 vitam1.
1573 2033 1594 2056 »
1626 2018 1739 2061 Cum

357 2086 745 2147 apprehenderint,
781 2095 885 2129 tunc
907 2085 1038 2129 erunt
1067 2085 1219 2129 divites
1241 2104 1249 2130 ;
1275 2084 1454 2145 quando
1483 2095 1627 2129 autem
1651 2098 1741 2131 non

356 2173 447 2201 non
464 2172 558 2200 eam
582 2156 724 2199 adhuc
747 2156 933 2209 habent,
965 2156 1164 2199 noverint
1197 2170 1243 2199 se
1263 2170 1490 2214 pauperes.
1518 2158 1582 2199 Ita
1614 2157 1664 2200 fit
1691 2164 1740 2200 ut

357 2242 506 2272 omnes
528 2225 713 2269 humiles
734 2225 885 2280 corde,
907 2234 950 2268 et
971 2225 1017 2268 in
1032 2225 1241 2269 charitate
1264 2226 1435 2284 gemina
1455 2227 1711 2270 constitutos
1725 2260 1736 2282 ‚

357 2296 572 2356 quidquid
600 2296 834 2339 habuerint
863 2295 908 2338 in
930 2295 1014 2338 hoc
1044 2294 1230 2350 saeculo⁷
1267 2296 1382 2339 inter
1401 2311 1611 2355 pauperes
1640 2304 1740 2340 suos*

355 2376 556 2411 muneret
579 2370 713 2420 Deus,
740 2382 848 2425 quos
870 2374 1034 2409 saturat
1051 2365 1253 2424 panibus.

413 2439 600 2481 XXVII.
630 2454 651 2478 «
687 2434 937 2481 Sacerdotes
967 2436 1057 2494 ejus
1085 2433 1266 2480 induam
1294 2435 1500 2492 salutari,
1530 2445 1574 2480 et
1599 2435 1737 2481 sancti
1798 2426 1799 2435 ¹

404 2528 414 2544 ¹
442 2533 455 2554 1
472 2521 552 2554 Tim.
570 2532 616 2563 vi,
637 2531 756 2562 17—19.
1746 2480 1751 2575 4
1807 2523 1815 2530 -

1809 1377 1814 1418 l

1795 1854 1815 1925 44

1792 1926 1815 1995 li

1809 2022 1815 2049 fl

1796 2149 1810 2224 44

1795 2230 1809 2301 4,

1794 2306 1810 2350 4·
