1815 3253
297 202 384 244 494
735 212 769 240 s.
804 210 1035 241 AUGUSTINI
1065 214 1246 242 EPISCOPI

299 297 322 321 »
356 293 434 338 per
457 276 604 322 illam1
622 279 642 320 ?
663 295 685 319 »
710 280 833 322 Hanc
853 278 969 323 viam
989 277 1292 324 exterminabit
1317 277 1527 323 Dominus
1545 297 1556 335 3
1574 278 1678 337 quia
1725 270 1727 273 ⁸

298 351 386 410 ipsa
405 358 467 393 est
488 349 555 393 via
572 357 865 408 peccatorum.

357 421 457 463 XX.
485 422 541 463 Et
561 419 669 463 dum
690 420 973 464 exterminata
1002 418 1133 463 fuerit
1153 419 1222 462 via
1243 427 1520 478 peccatorum
1536 452 1546 472 ‚
1571 416 1681 477 quid

298 489 424 534 nobis
456 491 616 533 restat?
641 508 660 532 «
692 490 868 545 Venite,
896 488 1112 533 benedicti
1152 490 1286 533 Patris
1324 488 1441 543 mei,
1473 487 1681 547 percipite

303 576 325 601 ³)
360 574 543 618 regnum
558 593 569 614 ‚
594 558 715 619 quod
734 560 856 604 vobis
878 569 1076 619 paratum
1097 568 1160 603 est
1182 559 1236 603 ab
1258 559 1424 618 origine
1444 557 1643 601 mundi².
1658 573 1679 598 »

302 628 372 674 Ad
394 630 477 674 hoc
492 629 716 674 concludit
739 630 932 675 Psalmus
956 650 965 676 ς
995 650 1015 672 «
1040 634 1095 675 Et
1114 630 1226 674 viam
1245 639 1521 689 peccatorum
1543 637 1685 672 exter-

306 716 328 740 »
362 699 561 743 minabit.
589 718 609 741 »
639 703 695 744 Et
724 701 800 760 qui
832 703 916 745 tu?
945 720 966 743 «
990 701 1209 760 Regnabit
1238 701 1445 745 Dominus
1478 699 1524 742 in
1556 707 1685 741 aeter-

306 786 327 810 »
362 771 510 812 num3.
525 787 544 810 n
564 770 731 822 Gaude,
752 771 852 830 quia
871 771 951 816 tibi
973 772 1168 829 regnabit
1189 790 1198 816 z
1228 771 1368 830 gaude
1383 805 1393 825 ‚
1420 770 1521 830 quia
1539 778 1589 812 tu
1606 767 1688 811 eris

304 853 487 896 regnum
503 839 609 898 ejus.
627 840 736 883 Vide
757 841 871 884 enim
887 851 930 885 et
947 841 1054 901 quid
1074 841 1283 902 sequitur.
1303 844 1359 885 Es
1375 850 1489 885 certe
1506 838 1611 883 civis
1634 836 1689 880 de

309 909 411 954 Sion
426 943 438 963 ‚
462 924 551 953 non
572 909 627 953 de
648 910 886 967 Babylonia
902 947 912 967 ,
937 912 983 955 id
1005 921 1092 966 est,
1117 927 1207 956 non
1227 910 1282 955 de
1303 911 1477 956 civitate
1499 909 1690 969 peritura

307 979 436 1038 hujus
467 979 640 1034 saeculi,
676 980 753 1024 sed
773 980 828 1025 de
852 983 953 1026 Sion
975 981 1029 1026 ad
1052 991 1222 1042 tempus
1243 982 1470 1025 laborante
1492 989 1535 1023 et
1563 993 1693 1038 pere-

309 1050 523 1106 grinante,
534 1050 578 1093 in
594 1060 806 1095 aeternum
823 1062 967 1096 autern
981 1062 1227 1111 regnatura.
1246 1051 1414 1096 Audisti
1430 1065 1530 1108 ergo
1540 1050 1692 1111 finem,

310 1119 414 1163 inde
445 1135 504 1163 es.
534 1139 554 1162 «
579 1122 795 1177 Regnabit
828 1123 1035 1166 Dominus
1068 1123 1112 1166 in
1145 1132 1382 1176 aeternum,
1417 1124 1530 1165 Deus
1563 1129 1691 1173 tuus,

315 1207 335 1231 »
373 1189 491 1234 Sion.
509 1194 539 1230 ⁷»
563 1192 601 1234 Ο
621 1191 739 1246 Sion,
766 1195 877 1235 Deus
892 1200 992 1236 tuus
1015 1192 1212 1250 regnabit
1233 1193 1279 1234 in
1295 1201 1506 1234 aeternum
1527 1209 1536 1234 t
1564 1204 1696 1232 num-

310 1259 420 1319 quid
455 1260 546 1303 sine
578 1269 619 1304 te
651 1263 848 1319 regnabit
881 1266 992 1306 Deus
1022 1265 1154 1307 tuus?
1186 1282 1206 1304 «
1231 1265 1282 1305 In
1307 1261 1630 1320 generationem
1652 1268 1696 1303 et

315 1347 336 1370 n
365 1330 730 1387 generationem.»
744 1332 813 1375 Bis
828 1331 948 1387 dixit,
968 1334 1069 1392 quia
1085 1348 1174 1376 non
1191 1332 1335 1392 potuit
1356 1347 1522 1391 semper
1536 1331 1694 1374 dicere.

312 1401 401 1445 Nec
422 1409 547 1459 putes
577 1402 680 1461 quia
714 1403 857 1446 verbis
878 1404 1009 1447 finitis
1033 1404 1185 1447 finitur
1206 1404 1438 1447 aeternitas.
1463 1401 1699 1447 AEternitas

314 1470 360 1514 in
375 1471 511 1515 verbo
533 1481 721 1531 quatuor
742 1473 919 1530 syllabis
941 1483 1131 1529 constat,
1156 1475 1201 1518 in
1222 1490 1267 1518 se
1289 1474 1378 1517 sine
1399 1474 1484 1517 fine
1502 1482 1579 1517 est.
1605 1474 1704 1517 Non

318 1542 459 1597 potuit
482 1541 562 1584 tibi
590 1542 670 1585 nisi
692 1542 751 1586 sic
779 1543 1106 1599 commendari,
1136 1563 1157 1587 «
1186 1548 1299 1588 Deus
1316 1553 1417 1588 tuus
1438 1542 1636 1601 regnabit
1658 1542 1704 1585 in

320 1628 340 1652 η
376 1613 696 1669 generationem
730 1623 772 1657 et
795 1615 1135 1673 generationem.
1164 1633 1184 1657 »
1214 1619 1370 1659 Parum
1389 1613 1496 1659 dixit
1521 1634 1531 1658 :
1556 1614 1590 1658 si
1613 1621 1704 1657 tota

320 1680 390 1725 die
406 1682 582 1737 diceret,
602 1693 835 1742 angustum
858 1694 986 1730 esset:
1002 1686 1036 1729 si
1050 1696 1140 1730 tota
1161 1686 1246 1729 vita
1268 1702 1343 1730 sua
1364 1685 1542 1737 diceret,
1559 1696 1705 1728 nonne

321 1750 557 1811 aliquando
583 1754 919 1801 conticesceret?
953 1759 1061 1800 Ama
1092 1756 1380 1800 aeternitatem
1411 1774 1420 1799 :
1459 1753 1582 1798 nullo
1615 1754 1703 1797 fine

320 1823 520 1880 regnabis
535 1858 546 1877 ‚
571 1823 605 1866 si
626 1824 722 1867 finis
748 1825 825 1868 tibi
847 1826 1044 1871 Christus
1061 1836 1150 1882 est,
1185 1842 1286 1872 cum
1317 1841 1405 1887 quo
1428 1824 1626 1884 regnabis
1658 1823 1705 1868 in

322 1893 479 1937 saecula
500 1893 775 1939 saeculorum.
807 1898 964 1946 Amen.

373 1995 384 2012 ¹
404 1989 519 2023 Matth.
538 2001 599 2033 vn,
618 1991 670 2024 13.
691 2008 734 2014 —
753 1998 766 2015 ²
784 1992 832 2025 Id.
858 2003 935 2035 xxv,
953 1991 1006 2035 34.
1022 2009 1066 2017 -w
1084 1991 1097 2016 3
1120 1993 1201 2026 Psal.
1217 2004 1309 2035 cxiv,
1331 2004 1382 2026 ιο.
