1815 3253
440 268 682 299 ENAmxA‘rro
715 272 758 298 m
793 270 996 299 PsALMtJM
1027 272 1121 298 cxi..
1372 261 1458 299 373

67 337 196 383 doma
211 373 222 394 ,
245 338 368 399 quod
390 345 538 397 postea
561 336 764 396 recipias,
785 336 917 380 modo
933 335 1126 389 deficiat,
1144 344 1193 379 ut
1214 344 1319 381 tunc
1338 338 1460 381 sulli-

66 409 165 453 ciat.
186 411 294 454 Nam
314 412 359 452 in
378 408 458 452 hac
480 407 568 452 vita
595 407 785 466 reparari
809 421 898 450 non
920 413 1089 465 potest,
1122 406 1318 465 quandiu
1341 423 1459 451 mor-

66 478 152 522 tale
174 479 353 538 geritur.
383 481 482 523 Non
511 486 553 521 te
574 477 766 536 deponat
783 511 794 531 ,
820 491 908 520 non
940 484 984 519 te
1012 475 1245 535 abrumpat
1267 495 1276 520 ;
1302 487 1424 535 porta
1445 513 1456 532 ‚

66 547 217 604 erudi,
253 548 413 607 castiga
440 565 449 592 ε
474 547 747 606 reparabitur
768 546 814 589 in
835 546 938 589 fine.
972 563 992 586 «
1017 548 1075 590 Et
1096 547 1197 605 quia
1229 561 1359 591 nemo
1380 563 1460 590 un-

66 636 87 660 »
122 633 256 679 quam
277 633 452 663 carnem
467 632 589 661 suam
607 615 708 661 odio
724 615 879 660 habuit
894 650 906 670 ,
927 624 1161 674 »resurget
1173 625 1216 660 et
1233 631 1350 660 caro.
1374 616 1460 661 Sed

63 688 314 750 quomodo?
327 689 472 733 Etiam
488 697 594 732 tunc
606 687 851 732 luctaturus
866 688 986 730 sum1
998 688 1016 730 Ρ
1028 704 1048 728 «
1060 687 1245 745 Oportet
1259 721 1271 742 ,
1295 687 1456 747 inquit,

65 776 87 800 υ
121 759 406 819 corruptibile
437 759 522 803 hoc
557 757 740 802 induere
770 756 1143 816 incorruptionem
1161 791 1173 812 ,
1207 765 1251 801 et
1276 756 1461 802 mortale

63 846 85 872 »
118 829 204 874 hoc
227 828 410 874 induere
427 828 800 872 immortalitatem
817 830 852 871 2.
881 844 902 868 »

118 901 263 944 XVII.
289 903 407 958 Ergo
429 914 529 943 cum
552 898 735 954 dicitur,
765 917 786 940 «
810 895 1078 942 Emendabit
1100 912 1172 941 me
1191 932 1203 953 ,
1242 906 1285 942 et
1306 908 1458 958 arguet

61 988 83 1012 >›
115 984 188 1014 me
215 989 224 1015 ε
253 988 273 1011 »
299 970 387 1014 sive
408 970 463 1013 sit
484 968 639 1024 frater,
658 969 747 1013 sive
759 968 813 1012 sit
829 967 1066 1028 proximus,
1087 967 1178 1012 sive
1199 967 1254 1012 sit
1269 968 1454 1026 vicinus,

58 1041 147 1086 sive
170 1050 218 1085 tu
252 1041 365 1101 ipse,
404 1040 451 1084 in
487 1039 782 1084 misericordia
803 1039 937 1083 debes
972 1038 1116 1097 argui,
1146 1047 1190 1083 et
1210 1039 1451 1086 emendari.

63 1131 83 1155 «
117 1111 273 1156 Oleum
298 1120 443 1155 autem
461 1110 699 1170 peccatoris
716 1125 807 1154 non
826 1109 1069 1168 impinguet
1089 1117 1222 1168 caput
1240 1124 1405 1154 meum.
1429 1129 1451 1152 »

61 1182 146 1228 Sed
162 1182 270 1243 quid
286 1181 398 1226 facio
409 1215 420 1236 ,
446 1180 552 1225 dicis
572 1180 706 1224 mihi?
719 1179 866 1224 Patior
883 1178 1154 1235 adulatores,
1179 1195 1271 1224 non
1288 1190 1454 1225 cessant

13 1280 15 1284 ·
56 1263 341 1313 perstrepere,
362 1252 546 1296 laudant
566 1252 613 1295 in
625 1267 697 1295 me
709 1266 810 1312 quae
827 1250 953 1306 nolo,
972 1266 1072 1311 quae
1087 1265 1166 1309 ego
1179 1251 1453 1311 parvipendo

56 1323 238 1368 laudant
259 1324 304 1367 in
319 1337 412 1378 me,
438 1321 560 1382 quod
582 1337 664 1381 ego
686 1322 868 1366 charum
890 1321 1034 1366 habeo
1056 1320 1385 1380 reprehendunt
1406 1322 1452 1366 in

11 1443 15 1456 ¹
56 1411 126 1439 me
144 1430 156 1451 ,
181 1394 450 1448 adulatores,
490 1392 690 1448 fallaces,
732 1393 1001 1452 deceptores.
1035 1395 1222 1451 Magnus
1253 1392 1318 1437 vir
1343 1392 1418 1436 ille
1437 1428 1448 1449 ,

55 1465 178 1511 verbi
208 1465 366 1524 gratia,
385 1466 518 1508 Ga'l'us
543 1466 668 1509 Seius
687 1465 780 1522 (12)
798 1498 809 1519 ,
828 1479 1013 1523 magnus
1031 1498 1042 1518 ,
1060 1462 1231 1518 doctus,
1250 1463 1419 1523 sapiens
1436 1484 1448 1521 3

15 1583 17 1585 ,
54 1536 130 1582 sed
161 1552 296 1597 quare
326 1535 623 1581 Christianus?
647 1538 757 1581 Nam
777 1550 936 1594 magna
958 1533 1180 1590 doctrina,
1207 1543 1250 1578 et
1279 1549 1451 1592 magnas

53 1607 230 1663 litterae,
256 1616 300 1651 et
322 1622 479 1665 magna
496 1606 718 1666 sapientia.
748 1607 791 1651 Si
813 1621 969 1664 magna
991 1605 1202 1665 sapientia
1216 1640 1228 1661 ,
1253 1606 1448 1665 approba

15 1677 17 1682 ’
52 1678 174 1740 quod
193 1678 466 1724 Christianus
493 1687 571 1721 est.
605 1678 649 1722 Si
679 1692 836 1736 magna
865 1676 1092 1732 doctrina,
1136 1676 1264 1721 docte
1298 1676 1444 1736 elegit.

13 1742 17 1763 ²
54 1751 278 1793 Postremo
300 1746 421 1808 quod
442 1756 493 1791 tu
512 1747 756 1807 vituperas,
780 1747 866 1791 hoc
889 1748 927 1791 ei
951 1746 1096 1806 placet
1117 1762 1251 1807 quem
1274 1745 1443 1791 laudas.

55 1819 139 1864 Sed
160 1818 294 1879 quid?
315 1817 530 1862 Laudatio
551 1817 626 1861 illa
658 1833 748 1862 non
778 1816 1002 1871 indulcat,
1030 1816 1176 1861 oleum
1205 1817 1447 1876 peccatoris

15 1901 19 1935 1
51 1898 130 1934 est.
149 1890 233 1934 Sed
247 1904 335 1933 non
346 1897 483 1933 cessat
497 1887 653 1932 dicere.
667 1890 766 1933 Non
779 1888 881 1931 inde
892 1887 1137 1946 impinguet
1150 1896 1283 1947 caput
1297 1897 1442 1941 tuum,

15 1962 18 1973 ‘
51 1958 98 2004 id
119 1968 204 2014 est,
221 1959 311 2003 noli
328 1958 517 2018 gaudere
534 1957 589 2001 ad
602 1957 719 2013 talia,
734 1957 781 2002 id
799 1966 878 2012 est,
897 1957 987 2002 noli
1004 1973 1219 2013 annuere,
1240 1956 1330 2002 noli
1345 1973 1447 2002 con-

51 2030 232 2086 sentire,
247 2029 339 2074 noli
360 2029 463 2073 inde
481 2028 687 2086 gratulari
715 2048 724 2073 2
744 2028 824 2072 etsi
841 2028 915 2072 ille
937 2027 1083 2072 attulit
1111 2028 1256 2072 oleum
1289 2027 1446 2072 adula-

51 2100 202 2155 tionis,
241 2098 318 2148 sed
347 2107 480 2158 caput
501 2107 628 2143 tuum
659 2098 882 2157 integrum
903 2098 1089 2152 mansit,
1114 2114 1205 2142 non
1240 2099 1444 2142 inflatum

16 2187 19 2189 ·
51 2180 135 2226 est,
171 2186 261 2215 non
295 2170 473 2214 tumuit.
513 2170 555 2214 Si
584 2170 701 2214 enim
734 2170 938 2214 inflatum
971 2170 1105 2214 suerit
1138 2179 1182 2214 et
1207 2169 1442 2225 tumuerit,

15 2250 21 2279 Γ
51 2240 152 2287 iacit
169 2240 342 2301 pondus
367 2249 410 2284 et
430 2240 674 2300 praecipitat
694 2250 753 2285 te.
785 2259 805 2283 «
830 2239 990 2285 Oleum
1028 2250 1174 2285 autem
1206 2240 1447 2300 peccatoris

17 2367 19 2372 η
52 2327 140 2357 non
161 2312 408 2372 impinguet
424 2320 556 2371 caput
566 2326 730 2355 meum.
754 2329 775 2352 »

109 2385 277 2427 XVIII.
308 2402 327 2424 «
353 2382 571 2436 Quoniam
594 2380 737 2426 adhuc
761 2391 805 2426 et
821 2382 959 2426 oratio
975 2396 1071 2426 mea
1099 2382 1145 2425 in
1160 2379 1445 2440 beneplacitis

54 2471 76 2495 »
110 2469 277 2498 eorum.
306 2472 326 2495 n
353 2457 571 2513 Expecta,
595 2452 728 2497 modo
749 2468 819 2497 me
837 2453 1118 2513 vituperant,
1143 2453 1202 2497 ait
1224 2452 1438 2497 Christus.

12 2552 17 2561 .,
53 2526 104 2570 In
125 2526 274 2585 primis
306 2525 574 2585 temporibus
597 2525 948 2570 Christianorum
974 2525 1172 2585 undique
1204 2524 1445 2583 reprehen-

102 2617 109 2632 ¹
127 2611 241 2652 Eplues.
262 2622 295 2651 v,
315 2620 367 2652 29.
394 2628 435 2633 -—
455 2618 467 2632 ²
494 2623 503 2641 1
528 2613 599 2642 Cor.
625 2621 680 2650 xv,
699 2610 740 2641 53
