1815 3253
376 261 619 293 munaum
650 264 697 292 m
728 260 933 292 PsALMUM
963 261 1094 290 cxxx.
1342 249 1429 289 179

42 344 202 376 manna
221 328 502 374 descenderet
523 328 580 374 ad
599 328 813 375 veriorem
834 328 1048 388 populum
1069 325 1224 370 ΙειᾞιὸΙ1
1240 360 1252 382 ,
1280 344 1302 368 «
1321 328 1431 372 Ver-

6 432 7 439 1
45 419 67 446 »
102 401 211 445 bum
233 416 333 445 caro
351 399 518 445 factum
539 410 603 446 est
618 436 630 456 ,
651 411 694 445 et
712 399 924 445 habitavit
945 399 990 442 in
1013 397 1138 442 nobis
1155 400 1187 440 ².
1216 414 1238 438 »

102 473 159 516 X.
184 473 461 531 Quapropter
491 471 592 531 ipsis
616 471 796 516 infirmis
819 469 979 516 Paulus
1011 467 1231 528 apostolus
1251 467 1337 512 hoc
1359 466 1430 511 di-

43 542 122 598 cit,
147 557 258 602 quos
280 541 386 587 dicit
407 541 614 586 animales
636 552 680 587 ct
701 540 893 587 carnales
915 559 924 586 :
954 558 975 582 «
997 537 1225 598 Numquid
1245 537 1334 582 dixi
1360 553 1432 582 me

46 631 68 656 »
102 613 210 658 scire
235 612 403 673 aliquid
434 613 480 658 in
507 614 629 658 vobis
645 649 656 669 ,
691 613 773 658 nisi
794 615 943 657 Jesum
974 611 1222 665 Christum,
1247 618 1291 653 et
1311 609 1431 653 hunc

2 717 6 724 .
46 702 68 726 ³»
102 684 417 729 crucifixumssi‘
442 702 461 726 »
493 687 599 730 Nam
632 684 828 730 Christus
861 692 954 728 erat
983 691 1028 726 et
1058 696 1149 726 non
1169 681 1452 736 crucifixus„

47 774 68 798 «
105 758 156 799 In
177 755 392 814 principio
410 764 501 799 erat
522 755 733 810 Verbum,
751 764 795 799 et
807 753 1003 798 Verbum
1022 761 1114 796 erat
1130 751 1249 811 apud
1271 755 1427 806 Deum,

46 843 68 867 >1
103 834 146 869 et
162 828 276 869 Deus
294 834 384 869 erat
408 826 617 869 Verbum.
632 843 651 866 n
665 828 721 870 Et
738 825 839 885 quia
862 824 1003 883 ipsum
1024 822 1208 867 verbum
1227 837 1326 866 caro
1344 820 1434 866 fac-

43 904 137 940 tum
163 905 247 950 est,
280 904 324 939 et
346 895 489 953 ipsum
513 896 707 940 Verbum
736 895 990 939 crucifixum
1025 903 1119 948 est,
1152 892 1228 938 sed
1250 908 1339 937 non
1366 901 1431 936 est

45 975 263 1010 mutatum
283 966 328 1009 in
349 966 594 1020 hominem,
611 967 744 1010 homo
767 966 813 1009 in
834 965 909 1009 illo
932 973 1125 1009 mutatus
1144 973 1222 1008 est.
1237 967 1433 1009 Mutatus

0 1058 4 1079 ;
46 1046 110 1080 est
132 1038 265 1081 homo
294 1037 340 1080 in
361 1036 435 1080 illo
451 1071 461 1090 ,
487 1045 537 1080 ut
559 1035 711 1081 melior
733 1036 856 1080 fieret
877 1050 1012 1095 quam
1033 1044 1126 1079 erat
1141 1069 1153 1090 ,
1193 1050 1283 1078 non
1317 1043 1366 1078 ut
1387 1034 1434 1077 in

0 1130 4 1145 ι
46 1108 182 1167 ipsam
204 1106 489 1151 substantiam
512 1106 646 1150 Verbi
664 1115 1004 1150 converteretur.
1026 1108 1109 1149 Per
1123 1104 1170 1148 id
1191 1120 1294 1163 ergo
1316 1103 1438 1164 quod

0 1218 3 1222 ,
46 1178 179 1222 homo
201 1187 316 1232 erat,
341 1187 538 1222 mortuus
556 1186 621 1221 est
641 1180 756 1221 Deus
782 1195 791 1220 :
816 1186 861 1220 et
877 1175 1017 1235 perid
1034 1174 1155 1235 quod
1177 1178 1290 1219 Deus
1313 1184 1405 1219 erat
1421 1209 1433 1230 ,

48 1248 256 1292 excitatus
279 1257 343 1292 est
370 1249 529 1302 homo,
565 1255 610 1290 et
644 1246 854 1301 surrexit,
887 1255 931 1290 et
960 1244 1155 1289 ascendit
1176 1245 1222 1288 in
1253 1244 1431 1289 coelum.

49 1318 271 1377 Quidquid
310 1333 458 1377 passus
493 1326 557 1361 cst
584 1318 743 1371 homo,
774 1332 862 1360 non
894 1325 1038 1376 potest
1059 1315 1146 1360 dici
1178 1331 1268 1360 non
1289 1331 1438 1375 passus

48 1391 162 1432 Deus
179 1423 189 1442 ,
214 1388 318 1447 quia
339 1391 453 1431 Deus
476 1396 568 1430 crat
585 1388 809 1430 hominem
831 1385 1091 1430 assumendo
1109 1407 1120 1443 3
1150 1385 1225 1430 sed
1261 1402 1352 1430 non
1374 1395 1440 1430 est

49 1467 243 1502 mutatus
264 1459 309 1501 in
330 1457 552 1500 hominem
573 1475 582 1500 :
613 1456 838 1516 quomodo
860 1472 949 1500 non
971 1466 1093 1516 potes
1116 1456 1261 1501 dicere
1282 1472 1373 1501 non
1395 1467 1437 1503 te

3 1563 5 1569 .
49 1543 222 1587 passum
245 1526 447 1587 injuriam
465 1561 475 1581 ,
500 1527 535 1570 si
556 1526 683 1571 vestis
721 1535 796 1570 tua
830 1526 1154 1571 conscindatur.
1182 1530 1238 1571 Et
1260 1526 1438 1588 quando

50 1598 242 1658 quereris
258 1596 329 1641 vel
350 1597 496 1640 amicis
518 1596 588 1640 vel
608 1597 654 1639 in
670 1595 837 1656 judicio
855 1630 864 1650 ‚
890 1596 973 1640 hoc
991 1596 1097 1640 dicis
1122 1597 1262 1656 judici
1288 1617 1297 1642 :
1324 1600 1438 1643 Con-

0 1716 2 1720 ,
51 1667 175 1713 scidit
195 1683 279 1711 me.
300 1669 398 1712 Non
417 1665 523 1709 dicis
541 1700 551 1720 ‚
577 1665 800 1711 Conscidit
818 1666 984 1710 birrum
1001 1681 1149 1710 meum
1167 1686 1175 1712 :
1200 1667 1276 1712 sed
1291 1703 1302 1722 ‚
1328 1672 1440 1714 Con-

52 1738 177 1784 scidit
196 1753 280 1781 me.
305 1737 347 1782 Si
369 1736 513 1796 potuit
533 1745 576 1779 et
593 1736 751 1779 meruit
771 1736 899 1780 vestis
922 1746 995 1780 tua
1015 1736 1100 1781 dici
1122 1746 1170 1781 tu
1190 1773 1201 1793 ,
1227 1755 1327 1799 quae
1349 1756 1440 1784 non

54 1824 97 1853 es
128 1817 199 1862 tu,
230 1808 306 1852 sed
326 1807 454 1852 vestis
472 1816 547 1850 tua
573 1826 581 1850 :
618 1815 783 1866 quanto
806 1806 951 1866 potius
974 1808 1135 1851 meruit
1164 1808 1316 1853 audire
1341 1826 1442 1856 caro

55 1879 236 1934 Christi,
259 1878 473 1937 templum
496 1877 629 1920 Verbi
650 1877 822 1920 unitum
846 1893 947 1921 cum
968 1878 1130 1934 Verbo,
1151 1889 1202 1923 ut
1223 1881 1441 1941 quidquid

54 1950 101 1994 in
126 1965 256 1994 carne
293 1958 514 2009 pateretur
531 1983 541 2003 ,
570 1951 682 1992 Deus
705 1948 795 2008 ipse
831 1958 1055 2008 pateretur
1077 1969 1088 1994 :
1113 1952 1311 2010 quamvis
1332 1955 1442 1998 Ver-

56 2021 162 2065 bum
183 2036 263 2065 nec
286 2020 396 2064 mori
419 2019 635 2079 potuerit,
659 2035 740 2063 nec
762 2020 982 2079 corrumpi
998 2055 1014 2075 ,
1038 2036 1120 2065 nec
1142 2023 1302 2066 mutari
1322 2058 1333 2078 ,
1358 2040 1439 2069 nec

55 2091 194 2135 occidi
212 2111 223 2148 3
244 2089 319 2134 sed
341 2089 559 2150 quidquid
580 2090 739 2133 horum
757 2105 930 2148 passum
952 2099 1031 2145 est,
1052 2091 1098 2134 in
1120 2107 1248 2136 carne
1270 2108 1445 2152 passum

56 2170 135 2206 est.
161 2163 219 2205 Et
246 2160 335 2204 noli
355 2160 501 2204 mirari
521 2195 531 2215 ,
553 2160 655 2220 quia
682 2160 877 2204 Verbum
901 2160 1011 2204 nihil
1038 2177 1213 2220 passum
1237 2172 1302 2207 est
1326 2162 1339 2208 :⁴
1362 2180 1445 2210 nec

58 2232 202 2277 anima
236 2231 423 2275 hominis
451 2240 592 2291 potest
618 2231 709 2290 pati
740 2230 906 2291 aliquid
929 2232 1069 2276 occisa
1090 2248 1220 2278 carne
1239 2268 1250 2289 ‚
1271 2234 1445 2280 dicente

58 2302 151 2362 ipso
173 2301 360 2345 Domino
385 2319 395 2345 ;
420 2320 440 2342 «
473 2300 616 2346 Nolite
646 2302 797 2345 timere
830 2317 902 2346 eos
929 2302 1006 2362 qui
1027 2318 1183 2363 corpus
1204 2305 1413 2350 occidunt
1428 2341 1440 2361 ,

61 2391 84 2415 »
119 2373 308 2416 animam
329 2380 474 2415 autem
496 2388 584 2415 non
607 2381 789 2431 possunt
811 2373 1007 2417 occidere
1022 2374 1053 2417 4.
1081 2392 1102 2415 >›
1128 2375 1170 2419 Si
1194 2375 1337 2420 anima
1356 2392 1446 2421 non

62 2451 204 2502 potest
226 2440 383 2495 occidi,
399 2441 593 2484 Verbum
614 2442 692 2485 Dei
709 2451 879 2500 poterat
899 2443 1072 2487 occidi?
1094 2447 1151 2488 Et
1173 2453 1318 2489 tamen
1340 2447 1445 2506 quid

64 2512 195 2557 dicit?
214 2510 471 2570 Flagellavit
488 2526 557 2554 me
573 2545 584 2566 ,
606 2511 891 2570 colaphizavit
911 2529 1008 2570 me,
1028 2516 1240 2573 percussit
1261 2531 1332 2559 me
1346 2551 1356 2571 ,
1377 2517 1448 2561 di—

112 2605 121 2622 ¹
143 2598 244 2631 Exod.
264 2609 333 2639 xvi,
360 2596 410 2639 14.
434 2614 474 2620 -
491 2603 503 2619 2
522 2599 613 2628 Joan.
629 2607 652 2637 1,
671 2596 723 2638 14.
739 2614 779 2619 -—
801 2596 813 2620 ³
836 2610 846 2630 1
865 2601 938 2630 Cor.
958 2610 996 2640 11,
1015 2608 1048 2632 2.
1068 2616 1106 2621 —-
1124 2598 1265 2632 loltiatth.
1285 2611 1318 2642 x,
1339 2605 1394 2635 28.

1163 2655 1228 2693 12.
