1815 3253
458 272 699 302 ENARRA‘HO
733 276 776 302 [N
810 273 1010 303 PsALMUM
1043 275 1158 301 cxm.
1444 261 1492 300 41

118 360 137 384 »
173 350 276 396 tua,
306 359 325 382 »
362 341 436 387 fiat
470 356 552 400 pax
590 341 634 384 in
668 340 901 386 dilectione
928 351 1017 386 tua.
1056 342 1113 383 Et
1144 354 1217 398 per
1248 339 1372 383 istam
1407 339 1495 384 vir-

114 421 251 456 tutem
275 447 286 467 ,
324 427 401 471 per
432 411 555 455 istam
582 410 883 466 dilectionem,
924 427 1000 471 per
1031 411 1156 454 istam
1189 425 1339 469 pacem
1367 445 1377 464 ,
1423 411 1498 454 ssat

117 503 136 525 «
163 481 442 527 Abundantia
466 483 511 525 in
539 482 732 526 turribus
762 483 846 527 tuis
871 503 879 527 :
909 501 928 524 n
955 483 1000 525 id
1024 490 1109 536 cst,
1131 481 1176 524 in
1195 479 1369 525 excelsis
1394 481 1493 524 tuis.

114 553 245 597 Pauci
274 549 388 596 enim
424 551 640 597 sedebunt
669 552 715 596 in
743 553 910 613 judicio
937 572 945 598 :
976 551 1052 596 sed
1092 551 1217 595 multi
1252 550 1307 595 ad
1345 550 1497 595 dexte-

67 632 69 636 '
113 639 203 668 ram
240 623 367 683 positi
405 623 566 668 facient
592 623 804 682 populum
836 623 1021 668 civitatis
1055 622 1186 667 illius.
1223 621 1352 666 Multi
1381 622 1498 665 enim

112 694 396 753 pertinebunt
427 693 481 737 ad
514 693 706 753 singulos
739 710 936 754 quosque
964 693 1173 747 excelsos,
1195 708 1217 736 a
1241 693 1401 753 quibus
1429 708 1499 736 re-

112 764 329 823 cipiantur
360 764 405 807 in
427 764 707 808 tabernacula
737 774 930 810 aeterna:
957 773 1000 808 et
1033 763 1114 808 erit
1152 762 1417 807 abundantia
1452 763 1497 806 in

111 835 304 878 turribus
327 835 433 894 cjus.
462 834 694 879 Plenitudo
725 844 871 879 autem
899 834 1152 879 deliciarum
1177 842 1219 877 et
1241 833 1498 878 sullicientia

109 904 356 949 divitiarum
380 904 470 963 ipse
494 907 606 949 Deus
624 940 635 960 ,
660 906 750 965 ipse
772 905 959 964 idipsum
977 940 987 960 ‚
1012 905 1102 964 ipse
1123 905 1245 964 cujus
1265 903 1498 963 participa-

110 975 170 1019 tio
195 984 258 1019 est
279 975 463 1019 civitatis
485 975 530 1019 in
553 975 743 1035 idipsum
771 995 780 1021 :
815 976 908 1035 ipsa
929 975 1011 1019 erit
1039 984 1081 1019 et
1103 974 1375 1019 abundantia
1397 989 1497 1018 nos-

110 1055 188 1090 tra.
213 1044 297 1090 Sed
319 1045 466 1090 unde?
490 1049 571 1090 Per
588 1046 844 1090 charitatem
862 1081 872 1100 ,
898 1047 982 1089 hoc
1003 1055 1081 1099 est,
1105 1061 1180 1104 per
1202 1046 1424 1089 virtutem.
1446 1047 1497 1087 In

109 1132 196 1176 quo
224 1125 370 1160 autem
392 1126 455 1160 est
474 1117 658 1160 charitas
676 1151 686 1171 ,
712 1114 900 1160 fratres?
934 1116 1018 1169 Qui
1042 1131 1130 1159 uon
1158 1131 1234 1158 sua
1265 1114 1424 1175 quaerit
1452 1114 1497 1157 in

108 1188 189 1231 hac
214 1187 299 1231 vita
320 1190 349 1231 ¹.
386 1187 502 1231 Audi
525 1187 784 1247 Apostolum
814 1188 1052 1231 habentem
1084 1187 1354 1231 charitatem.
1392 1185 1493 1231 Ait:

112 1277 132 1300 «
168 1257 341 1302 Placere
370 1259 573 1302 omnibus
596 1274 674 1317 per
695 1258 840 1303 omnia
873 1259 984 1302 sicut
1014 1267 1056 1302 et
1079 1273 1159 1316 ego
1189 1257 1392 1302 omnibus
1422 1272 1499 1316 per

111 1347 130 1370 »
167 1329 311 1373 omnia
329 1328 518 1389 plaeeo‘2.
546 1350 563 1370 »
592 1329 676 1373 Ubi
698 1338 761 1372 est
781 1344 882 1387 ergo
907 1327 1026 1389 quod
1050 1329 1191 1373 dixisti
1208 1364 1218 1384 ,
1239 1349 1259 1371 «
1288 1329 1330 1373 Si
1353 1328 1498 1372 adhuc

113 1418 133 1440 ἠ
168 1401 416 1444 hominibus
437 1400 651 1460 placerem
673 1436 683 1454 ‚
710 1401 869 1446 Christi
892 1416 1038 1445 servus
1064 1418 1152 1445 non
1176 1416 1311 1444 essem
1328 1402 1375 1444 gp
1402 1419 1420 1441 »
1443 1402 1499 1443 Et

110 1471 242 1515 modo
264 1471 368 1516 dicis
402 1482 442 1516 te
470 1471 641 1532 placere
659 1508 669 1527 ,
692 1472 824 1517 modo
846 1473 1030 1517 hortaris
1051 1482 1101 1516 ut
1118 1482 1161 1516 et
1183 1472 1244 1516 illi
1267 1472 1498 1532 placeant?

112 1541 197 1586 Sed
219 1557 307 1586 non
332 1542 392 1586 ibi
411 1543 556 1601 posuit
571 1544 704 1587 finem
720 1579 730 1597 ‚
756 1553 803 1587 ut
819 1544 914 1603 quis
927 1552 1105 1602 propter
1126 1558 1186 1595 se,
1206 1558 1294 1587 non
1319 1551 1498 1602 propter

108 1612 363 1656 charitatem
383 1612 561 1672 placeat.
589 1614 674 1667 Qui
701 1613 881 1672 gloriam
904 1629 1026 1657 suam
1049 1614 1230 1674 quaerit3
1255 1629 1344 1657 non
1375 1629 1498 1672 quac-

109 1682 164 1726 rit
194 1683 377 1727 salutem
411 1684 611 1729 aliorum.
645 1685 718 1729 Ait
740 1685 855 1728 enim
882 1704 890 1730 :
921 1704 941 1727 «
979 1685 1101 1730 Sicut
1129 1695 1171 1729 et
1194 1694 1275 1743 ego
1293 1684 1497 1729 omnibus

111 1771 131 1794 »
168 1769 243 1813 per
280 1755 424 1798 omnia
455 1754 627 1814 placeo,
660 1771 750 1800 non
778 1771 977 1816 quaerens
1012 1755 1133 1817 quod
1164 1756 1272 1800 mihi
1294 1754 1493 1816 prodest,

111 1842 131 1865 »
167 1825 241 1868 sed
259 1826 380 1884 quod
399 1825 568 1880 multis,
594 1835 644 1870 ut
664 1825 769 1870 salvi
787 1827 941 1870 fiant⁴.
972 1845 991 1867 ))

166 1897 289 1939 XIII.
319 1894 423 1939 Ideo
455 1905 498 1939 et
519 1896 588 1939 hic
611 1912 710 1940 cum
734 1895 788 1940 de
807 1897 1016 1941 charitate
1039 1895 1202 1941 diceret
1230 1916 1238 1941 :
1269 1917 1289 1940 «
1316 1901 1498 1957 Propter

111 1982 130 2003 n
166 1964 318 2009 fratres
340 1981 480 2019 meos,
507 1967 665 2026 inquit,
690 1977 733 2010 ct
754 1968 1020 2027 propinquos
1040 1983 1173 2022 meOS‚
1193 1967 1407 2028 loquebar
1424 1984 1498 2012 au—

112 2053 131 2075 »
167 2044 254 2079 tem
283 2052 431 2095 pacem
455 2037 510 2080 de
532 2047 574 2080 te
593 2039 622 2080 ⁵.
653 2057 671 2078 »
699 2039 736 2082 Ο
759 2039 997 2082 Jerusalem
1021 2039 1191 2093 civitas,
1217 2040 1339 2099 cujus
1357 2041 1496 2104 parti-

106 2105 264 2164 cipatio
297 2107 341 2150 in
364 2106 574 2166 idipsum,
602 2124 681 2167 ego
705 2109 750 2152 in
781 2109 860 2153 hac
884 2109 970 2153 vita
994 2120 1037 2153 et
1058 2110 1103 2153 in
1141 2110 1222 2154 hac
1253 2119 1387 2166 terra,
1416 2126 1497 2170 ego

108 2192 272 2236 pauper
287 2212 297 2231 ‚
338 2178 589 2236 peregrinus
621 2189 663 2223 et
687 2195 862 2238 gemens
877 2215 887 2234 ,
918 2180 1115 2224 nondum
1140 2180 1366 2241 perfruens
1390 2198 1497 2241 pace

111 2256 204 2300 tua,
234 2257 277 2290 et
305 2249 541 2307 praedicans
570 2265 721 2308 pacem
753 2260 907 2308 tuam3
943 2267 1033 2295 non
1070 2252 1268 2311 propter'
1286 2268 1354 2296 me
1377 2252 1494 2296 illam

106 2317 319 2376 prsedico‚
360 2319 496 2373 sicut,
535 2321 755 2375 haeretici,
782 2322 859 2382 qui
881 2333 1126 2381 quaerentes
1159 2322 1341 2381 gloriam
1371 2339 1495 2368 suam

105 2387 258 2431 dicunt
281 2408 288 2432 :
316 2392 403 2432 Pax
423 2390 645 2434 vobiscum
676 2411 683 2434 :
712 2402 751 2436 et
777 2407 928 2451 pacem
950 2409 1039 2436 non
1062 2394 1228 2438 habent
1260 2410 1391 2454 quam
1416 2411 1495 2454 po-

104 2457 217 2516 pulis
240 2458 490 2517 praedicant.
520 2461 562 2505 Si
590 2462 705 2505 enim
733 2462 946 2506 haberent
972 2479 1145 2522 pacem,
1172 2480 1259 2509 non
1292 2465 1494 2509 conscin-

153 2561 161 2577 ¹
186 2555 295 2597 Philip.
317 2555 393 2597 11,l{
422 2562 527 2588 0121.
548 2575 588 2580 —-
610 2565 621 2579 ²
643 2570 653 2589 1
669 2561 741 2591 Cor.
763 2571 804 2600 x,
825 2560 878 2591 33.
901 2577 939 2581 -—
963 2559 1133 2595 3Galat.1,
1154 2572 1201 2593 ιο.
1231 2561 1302 2590 -4
1326 2574 1335 2592 1
1358 2564 1430 2594 Cor.
1452 2573 1492 2603 x,

108 2610 161 2652 32,
184 2611 233 2643 35.
257 2629 297 2633 -
322 2610 336 2634 5
355 2612 434 2644 psal.
461 2613 590 2654 cxx1,8.
