1856 3268
440 250 682 282 mmmmm
714 253 759 281 nv
791 252 995 283 PsALMUM
1026 253 1118 280 cxx.
1413 244 1464 283 13

80 323 167 367 lam
194 320 411 381 putabant
432 335 522 364 esse
544 320 717 364 beatam
739 320 868 365 vitam
886 356 897 376 ,
922 328 965 364 et
984 319 1094 364 nihil
1121 319 1241 364 aliud
1272 321 1467 382 require-

79 393 202 438 bant.
225 391 387 436 Audite
407 391 523 435 enim
538 390 645 452 quid
661 391 716 436 de
737 391 821 437 illis
839 400 1156 451 consequenter
1174 390 1299 436 dicit:
1322 412 1341 434 «
1353 395 1470 446 Quo-

83 482 104 506 »
139 478 236 508 rum
253 478 299 507 os
316 462 515 507 locutum
532 471 595 507 est
612 462 864 518 vanitatem,
878 471 921 506 et
934 462 1109 506 dextera
1127 476 1278 506 eorum
1295 461 1471 507 dextera

83 552 104 576 »
138 534 392 594 iniquitatis.
420 554 436 575 »
464 535 521 577 Et
544 533 740 593 sequitur
765 553 773 577 z
805 552 822 573 «
849 535 1047 586 Quorum
1070 531 1148 576 filii
1172 548 1323 577 eorum
1348 533 1472 578 velut

84 625 103 647 »
139 603 322 650 novellae
354 603 667 661 constabilitae,
702 603 801 648 filiae
824 619 975 648 eorum
997 612 1162 648 ornatae
1186 604 1298 648 sieut
1319 603 1471 648 simili-

86 695 104 717 »
139 674 248 720 tudo
269 674 449 735 templi,
473 672 644 718 cellaria
668 690 819 718 eorum
842 674 994 734 plena,
1020 674 1290 730 eructantia,
1315 690 1364 718 ex
1388 676 1472 720 hoc

87 765 105 787 »
141 746 186 789 in
204 746 311 802 hoc,
331 760 428 789 oves
446 759 597 789 eorum
609 744 846 800 foecundae,
868 744 1267 804 multiplicantesin
1289 745 1475 790 exitibus

87 837 105 858 »
141 815 226 860 suis
245 837 257 874 3
290 816 423 860 boves
446 831 597 860 eorum
629 816 757 861 crassi
783 835 792 861 ε
813 831 900 860 non
919 825 982 860 est
1005 816 1128 860 ruina
1151 816 1261 876 sepis
1280 832 1359 861 nec
1382 818 1473 860 exi-

87 907 105 930 »
141 897 210 932 tus
225 922 236 942 ,
262 902 405 948 neque
423 887 588 932 clamor
608 887 654 931 in
677 887 828 947 plateis
851 889 1044 932 eorum1.
1076 907 1092 928 »
1111 891 1317 946 Magnam
1337 887 1474 932 felici—

82 966 216 1002 tatem
238 957 531 1016 quorumdam
551 957 788 1016 descripsit.
817 961 963 1002 Posset
982 967 1126 1001 tamen
1151 957 1275 1001 istam
1292 956 1477 1002 felicita-

83 1037 171 1072 tem
193 1038 236 1072 et
259 1028 412 1088 aliquis
429 1029 572 1088 justus
599 1027 789 1085 habere,
817 1029 929 1072 sicut
958 1028 1114 1071 habuit
1136 1028 1221 1072 Job
1249 1047 1257 1072 :
1294 1029 1369 1072 sed
1391 1029 1477 1073 Job

84 1113 164 1158 pro
187 1098 355 1142 sinistra
378 1096 497 1142 illam
520 1096 712 1141 habebat
732 1133 742 1152 ,
764 1112 853 1141 non
876 1113 954 1157 pro
976 1096 1180 1155 dextera,
1204 1113 1305 1142 nam
1326 1097 1477 1143 dexte-

85 1184 178 1213 ram
201 1185 291 1214 non
312 1169 505 1213 habebat
525 1168 607 1212 nisi
630 1168 747 1228 apud
763 1171 902 1212 Deum
920 1177 1177 1229 perpetuam
1196 1178 1239 1213 et
1258 1170 1478 1229 sempiter-

85 1255 187 1284 nam
211 1239 478 1284 felicitatem.
508 1238 614 1283 Ideo
641 1254 843 1283 concessa
878 1249 941 1284 est
974 1239 1257 1299 percutienda
1278 1240 1446 1285 sinistra
1464 1277 1475 1297 ,

87 1318 130 1353 et
150 1310 321 1354 suffecit
341 1309 379 1353 ei
401 1309 593 1353 dextera.
607 1308 840 1362 Quomodo
857 1325 1058 1369 percussa
1074 1318 1138 1354 est
1159 1310 1329 1355 sinistra
1344 1313 1481 1355 ⁶?Ten-

87 1381 326 1425 tationibus
360 1379 539 1425 diaboli.
577 1379 774 1425 Abstulit
802 1381 947 1425 subito
980 1380 1212 1438 diabolus3
1249 1382 1481 1440 permissus

88 1451 265 1512 quidem
289 1467 312 1495 a
334 1454 446 1505 Deo,
471 1459 522 1494 ut
545 1451 688 1510 justus
722 1451 983 1510 probaretur
1001 1486 1011 1505 ,
1037 1452 1196 1510 impius
1218 1452 1448 1511 puniretur
1468 1488 1479 1509 ,

91 1520 269 1566 abstulit
291 1521 434 1565 omnia
458 1540 466 1565 :
499 1520 575 1564 sed
598 1521 683 1565 Job
707 1521 784 1580 qui
815 1530 996 1565 noverat
1026 1521 1242 1566 sinistram
1265 1523 1482 1568 sinistram

90 1607 179 1637 esse
195 1627 206 1647 ,
231 1601 275 1636 et
296 1592 516 1636 dexteram
539 1592 711 1636 nonnisi
733 1591 957 1636 dexteram
978 1628 988 1648 ,
1022 1592 1246 1653 quomodo
1275 1609 1319 1638 se
1341 1595 1484 1639 tenuit

91 1663 144 1707 ad
163 1662 382 1706 dexteram
395 1664 412 1704 ?
424 1661 647 1707 Exultavit
668 1662 714 1706 in
738 1663 939 1718 Domino,
957 1663 1205 1709 consolatus
1223 1673 1286 1709 est
1304 1664 1480 1721 damna,

91 1734 191 1794 quia
213 1749 303 1778 non
323 1742 386 1778 est
408 1749 555 1793 passus
572 1732 784 1778 damnum
807 1734 861 1778 de
883 1734 1163 1779 interioribus
1181 1734 1342 1780 divitiis
1362 1758 1372 1794 3
1393 1740 1484 1782 Deo

90 1805 270 1866 plenum
284 1821 358 1849 cor
379 1805 585 1849 habebat.
606 1805 849 1850 «Dominus
867 1841 877 1860 ,
903 1806 1049 1866 inquit
1069 1842 1079 1861 ,
1106 1805 1249 1862 dedit,
1275 1808 1485 1853 Dominus

97 1895 115 1918 »
152 1875 360 1933 abstulit,
386 1875 496 1920 sicut
518 1875 705 1919 Domino
732 1875 897 1934 placuit
918 1876 978 1920 ita
1000 1876 1167 1920 factum
1191 1887 1255 1922 est
1288 1897 1296 1922 :
1327 1879 1382 1922 sit
1405 1895 1486 1924 no-

96 1966 115 1990 »
150 1962 250 1990 men
272 1946 448 1990 Domini
474 1945 800 1990 benedictum2.
832 1966 849 1987 »
876 1949 980 1990 Haec
1001 1956 1093 1991 erat
1115 1946 1291 1992 dextera
1323 1948 1481 2007 ipsius,

93 2018 184 2077 ipse
206 2017 416 2062 Dominus
431 2051 442 2072 ,
468 2016 560 2076 ipsa
581 2016 668 2060 vita
695 2024 856 2060 aeterna
874 2051 884 2071 ,
913 2015 986 2060 illa
1008 2015 1117 2061 lucis
1133 2018 1343 2076 possessio
1359 2053 1370 2074 ‚
1391 2018 1488 2064 fons

95 2087 194 2133 vitae
213 2122 224 2143 ,
249 2087 401 2132 lumen
421 2087 466 2131 in
493 2085 673 2131 lumine.
707 2104 724 2126 «
748 2085 1092 2131 Inebriabuntur
1114 2087 1168 2131 ab
1191 2088 1392 2133 ubertate
1409 2089 1490 2134 do-

101 2179 120 2201 »
155 2175 251 2203 mus
273 2169 361 2205 tuae
375 2160 390 2184 3
412 2178 421 2203 ι
451 2179 469 2201 »
490 2158 582 2218 ipsa
604 2166 694 2203 erat
715 2157 908 2203 dextera.
944 2159 1123 2203 Sinistra
1160 2175 1263 2205 vero
1286 2171 1378 2206 erat
1408 2177 1488 2222 pro

98 2228 314 2290 adjutorIO
351 2227 677 2284 consolationis,
713 2244 803 2273 non
825 2227 881 2272 acl
904 2230 1228 2274 firmamentum
1249 2230 1483 2277 felicitatis.

98 2302 206 2345 Nam
229 2299 410 2344 felicitas
427 2301 517 2360 ejus
533 2315 634 2344 vera
659 2308 791 2360 atque
809 2315 1029 2358 germana,
1055 2303 1169 2345 Deus
1192 2310 1298 2345 erat.
1317 2303 1391 2347 Isti
1415 2319 1490 2348 au-

100 2379 189 2414 tem
212 2370 266 2414 de
289 2371 449 2430 quibus
472 2369 576 2415 dicit
594 2369 733 2414 David
760 2389 768 2414 :
798 2389 815 2410 «
838 2370 949 2423 Quia
969 2386 1015 2415 os
1037 2386 1187 2415 eorum
1207 2371 1406 2417 locutum
1426 2383 1491 2419 est

107 2460 125 2482 »
159 2441 410 2496 vanitatem,
429 2450 473 2485 et
490 2441 664 2485 dextera
687 2455 839 2485 eorum
859 2441 1034 2486 dextera
1055 2441 1348 2502 iniquitatis4:
1370 2460 1491 2489 »non

103 2512 204 2557 hinc
227 2528 298 2558 eos
320 2512 620 2572 reprehendit,
646 2512 748 2572 quia
765 2513 831 2557 his
854 2513 1055 2558 omnibus
1073 2513 1361 2558 abundabant
1381 2535 1392 2572 3
1416 2515 1491 2560 sed

153 2603 161 2620 ¹
190 2596 268 2629 Psal.
287 2608 398 2638 cum,
417 2595 580 2629 11-15.—
600 2602 612 2619 ²
627 2595 700 2628 Job.
720 2606 743 2638 1,
758 2605 858 2629 21.—
881 2594 894 2620 3
916 2596 996 2629 Psal.
1017 2608 1127 2639 xxun,
1146 2608 1178 2640 9.
1195 2596 1323 2631 -41d.
1343 2609 1444 2642 estur,
1458 2600 1489 2632 8.
