1815 3253
356 243 598 273 ENAnnA’rto
632 245 676 271 ῐΝ
709 246 912 272 psaranum
943 245 1157 272 cxxxviii.
1365 231 1447 269 395

117 313 239 356 XXI.
256 311 371 364 Quid
385 310 440 355 de
457 310 538 355 illis
556 311 630 371 qui
650 313 794 356 minus
814 313 922 356 firmi
940 320 1039 355 sunt
1054 313 1071 354 ἶ)
1086 310 1445 369 1’,ο(μιὶῒῑίι·6ηἱιῃ,

58 392 107 429 ut
129 384 217 443 jam
239 382 564 437 commendavi,
602 383 813 427 Christus.
851 384 934 428 Sed
959 381 1096 426 multa
1125 381 1239 424 'dicta
1267 390 1368 424 sunt
1397 395 1448 424 cx

54 469 238 516 persona
259 453 479 512 corporis,
501 452 602 496 audi
625 463 732 497 etex
755 469 937 513 persona
961 453 1113 511 capitis
1132 459 1198 495 :et
1216 465 1304 494 non
1328 451 1449 510 quasi

56 522 307 582 distinguit,
333 533 382 568 ut
399 522 578 567 inducat
599 523 710 582 ipsas
729 538 932 583 personas
949 558 960 576 ,
985 520 1116 565 modo
1139 529 1297 579 caput,
1314 519 1447 564 modo

50 597 227 654 'coi-pus.
257 594 299 639 Si
319 594 433 637 enim
454 593 710 652 distinguit,
738 594 861 654 quasi
885 592 1042 637 dividit
1058 628 1069 647 ,
1095 607 1184 636 non
1207 600 1337 636 erunt
1358 590 1448 634 duo

53 664 97 710 in
119 679 248 709 carne
269 680 355 708 una
374 666 404 707 ¹.
433 664 475 709 Si
497 673 642 708 autem
664 663 753 709 duo
774 673 876 708 sunt
897 664 941 707 in
965 679 1094 708 carne
1116 678 1203 707 una
1222 684 1233 720 3
1258 661 1348 706 noli
1369 661 1448 705 mi·

53 735 138 779 rari
160 736 193 778 si
216 734 306 778 duo
329 734 488 778 suntin
502 750 733 782 voce„una.
753 733 940 788 Quando
963 733 1176 778 Dominus
1204 741 1352 777 noster
1372 734 1449 776 Je-

53 821 122 851 sus
147 806 343 850 Christus
358 820 505 865 passus
524 814 612 859 est,
638 805 844 865 Discipuli
869 803 1067 848 nondum
1090 803 1315 847 habebant
1336 801 1447 846 il'lud

52 890 195 922 ossum
218 877 417 931 interius⁷
447 875 647 920 nondum
668 875 752 919 illis
774 885 866 919 erat
882 875 1106 918 firmatum
1125 874 1262 918 robur
1282 873 1449 932 patien-

51 947 122 993 tiae
148 966 157 991 :
189 955 232 990 et
261 946 457 990 latebant
484 962 527 989 se
545 981 556 1000 ,
588 946 840 990 nesciebant
860 946 975 990 vires
997 961 1126 996 suas;
1162 953 1206 988 et
1225 959 1355 988 ausus
1385 953 1449 988 est

53 1020 202 1062 Petrus
217 1017 473 1076 promittere
489 1017 738 1061 societatem
753 1017 904 1061 mortis
921 1030 1023 1060 cum
1036 1015 1212 1060 Domini
1230 1015 1445 1074 passione,

50 1097 91 1132 et
113 1103 201 1132 non
223 1103 266 1131 sc
288 1096 469 1131 noverat
491 1096 697 1145 aegrotus,
723 1087 918 1130 medicus
934 1095 1080 1130 autem
1104 1094 1289 1130 noverat
1306 1100 1447 1143 aegro-

49 1167 158 1203 tum.
180 1157 296 1212 Quid
327 1167 472 1201 autem
496 1156 662 1201 factum
685 1157 785 1201 est?
809 1160 971 1201 Tecum
986 1192 1002 1212 ,
1027 1155 1171 1216 inquit
1189 1191 1200 1211 ,
1226 1170 1366 1216 usque
1389 1154 1446 1200 ad

48 1237 248 1273 mortem.
279 1248 299 1270 «
326 1231 466 1272 Amen
489 1228 588 1272 dico
610 1227 690 1272 tibi
711 1263 722 1283 ,
747 1228 1018 1288 priusquam
1037 1226 1177 1286 gallus
1200 1235 1363 1280 cantet,
1378 1235 1445 1270 ter

53 1319 70 1341 »
104 1315 174 1343 me
203 1299 381 1358 negabis
395 1302 427 1342 2.
457 1316 477 1339 »
506 1299 747 1357 Responsio
783 1298 941 1342 medici
973 1298 1119 1342 verior
1150 1298 1327 1342 inventa
1354 1305 1441 1351 est,

47 1386 177 1431 quam
211 1371 362 1429 aegroti
391 1370 675 1429 praesumptio
705 1389 713 1414 :
751 1372 813 1414 De
835 1369 902 1413 his
925 1384 1028 1428 ergo
1057 1369 1191 1413 dicit:
1219 1387 1240 1410 «
1261 1371 1357 1414 Non
1381 1377 1445 1411 est

48 1459 69 1482 »
105 1441 411 1485 absconditum
440 1455 486 1485 os
507 1456 654 1484 meum
679 1456 702 1484 a
725 1449 794 1494 te,
819 1439 940 1499 quod
968 1439 1107 1483 fecisti
1136 1439 1182 1482 in
1205 1438 1442 1483 abscondi-

49 1530 69 1554 »
103 1522 149 1556 to
172 1533 180 1557 :
206 1531 224 1552 »
257 1514 301 1556 in
331 1512 492 1572 quibus
515 1521 579 1556 est
602 1512 746 1571 ipsum
774 1527 820 1556 os
840 1512 1061 1555 firmatum
1084 1511 1345 1556 intrinsecus
1362 1545 1373 1565 ,
1400 1519 1444 1554 et

42 1583 228 1627 maxime
257 1583 394 1627 robur
415 1583 624 1642 passionis
646 1582 691 1625 in
713 1582 808 1641 ipso
836 1582 1023 1625 Domino
1052 1590 1202 1625 nostro
1225 1590 1268 1624 et
1295 1580 1443 1625 Salva-

45 1661 137 1698 tore
160 1656 261 1697 Jesu
283 1654 456 1698 Christo
477 1688 487 1708 ‚
515 1653 710 1713 quicum
732 1651 872 1697 voluit
895 1651 1007 1695 sedit
1025 1687 1036 1706 ,
1063 1667 1162 1695 cum
1183 1651 1324 1695 voluit
1342 1667 1441 1695 sur-

45 1725 151 1770 rexit
168 1760 178 1779 ,
200 1740 300 1769 cum
322 1724 462 1768 voluit
489 1724 715 1778 dormivit,
742 1739 843 1767 cum
862 1722 1004 1767 voluit
1026 1722 1248 1781 evigilavit
1270 1741 1278 1766 ε
1305 1723 1408 1783 quia
1425 1757 1437 1778 ,

47 1815 67 1840 «
101 1800 363 1841 Potestatem
381 1831 391 1849 ,
412 1795 555 1855 inquit
572 1831 582 1849 ,
605 1795 748 1839 habeo
770 1794 965 1854 ponendi
988 1794 1175 1838 animam
1199 1809 1341 1838 meam
1360 1829 1371 1849 ‚
1397 1803 1442 1839 et

45 1884 65 1908 n
101 1875 357 1926 potestatem
373 1865 514 1909 habeo
536 1866 694 1909 iterum
715 1866 916 1909 sumendi
935 1880 1029 1908 eam
1043 1866 1104 1908 3.»
1123 1864 1238 1917 Quid
1261 1865 1316 1908 de
1336 1864 1437 1920 illis,

43 1938 86 1983 in
111 1938 270 1998 quibus
299 1953 389 1981 non
412 1946 504 1981 erat
535 1936 751 1981 fortitudo
774 1936 847 1980 illa
871 1935 1056 1980 formata
1082 1944 1215 1996 atque
1236 1936 1442 1981 firmata?

12 2035 20 2041 =-
43 2008 147 2068 quid
165 2008 220 2052 de
242 2006 323 2051 illis
347 2006 482 2051 dicit?
505 2006 617 2050 Vide
638 2006 746 2067 quid
769 2006 885 2050 dicat
903 2007 1019 2050 Patri
1035 2009 1142 2050 Deo.
1164 2025 1181 2045 «
1205 2005 1441 2066 Imperfec-

1 2109 5 2120 .
47 2096 67 2120 n
103 2088 193 2123 tum
215 2094 361 2122 meum
379 2077 586 2122 viderunt
605 2078 723 2122 oculi
744 2078 850 2121 tui⁴.
873 2077 1185 2137 Imperfectum
1208 2093 1356 2121 meum
1379 2114 1390 2133 ,
1414 2097 1435 2121 »

44 2152 214 2195 Petrum
232 2166 380 2194 meum
398 2149 678 2209 pollicentem
701 2159 745 2193 et
766 2159 1016 2208 negantem,
1039 2159 1374 2209 praesumentem
1395 2159 1440 2194 et

45 2218 314 2265 deficientem
342 2239 349 2264 :
379 2220 591 2264 viderunt
611 2230 759 2264 tamen
795 2235 895 2263 eum
925 2220 1042 2264 oculi
1064 2221 1144 2264 tui.
1171 2222 1281 2265 Nam
1315 2219 1438 2279 quod

44 2305 142 2336 eum
161 2292 311 2351 etipse
334 2290 545 2334 Dominus
571 2291 770 2350 respexit,
792 2290 905 2335 sicut
926 2291 1136 2350 scriptum
1155 2290 1279 2336 estin
1296 2293 1437 2335 Evan-

45 2360 179 2422 gelio,
208 2363 297 2421 jam
322 2370 418 2420 post
446 2361 618 2404 tertiam
645 2361 922 2420 negationem
945 2360 1238 2406 commonitus
1260 2360 1368 2421 quid
1397 2362 1436 2405 ei

1 2446 4 2454 ’
44 2432 290 2494 praedixerit
319 2431 529 2476 Dominus
555 2451 564 2477 :
594 2450 611 2471 «
638 2432 755 2476 Exiit
786 2430 901 2478 foras
918 2468 930 2488 ,
956 2441 999 2477 et
1027 2433 1148 2477 flevit
1171 2434 1344 2476 amare⁵
1371 2450 1381 2476 ε
1409 2449 1430 2473 »

91 2539 100 2555 ¹
129 2544 141 2564 1
167 2534 242 2565 Cor.
269 2543 323 2572 Vl,
357 2531 408 2564 16.
429 2548 471 2554 —
499 2538 511 2554 ²
542 2531 777 2574 Matt11.xxv1,
805 2531 859 2564 25.
881 2549 923 2555 --
944 2530 958 2556 3
977 2535 1068 2565 Joan.
1099 2543 1141 2574 x,
1175 2532 1228 2564 18.
1248 2547 1290 2555 -
1311 2529 1327 2562 4
1350 2530 1434 2564 Psal.

46 2597 192 2628 cxxxvui,
215 2589 264 2619 16.
289 2605 329 2610 —
350 2586 445 2619 51.uc
479 2598 557 2627 xxii,
577 2587 634 2628 61,
656 2587 711 2618 62.
