1815 3253
351 212 593 243 ammaum
626 216 670 243 nv
704 214 907 245 PSALMUM
939 218 1152 245 cxxxvm.
1356 205 1436 244 321

60 299 80 324 »
114 281 255 325 mine:
275 282 496 341 suscepisti
513 297 583 326 mc
605 297 657 326 ex
680 291 805 327 utero
827 284 975 328 matris
999 299 1121 328 meae.
1137 286 1283 328 »Dum
1306 298 1444 328 essem

0 371 5 374 ·
55 351 101 396 in
122 360 246 396 utero
268 352 418 396 matris
435 367 557 406 meae,
576 368 665 396 non
687 353 987 398 indifferenter
1011 354 1225 398 habebam
1242 354 1444 398 tenebras

5 454 9 465 .
55 421 169 467 illius
191 423 329 466 noctis
352 432 396 466 ct
416 422 558 467 lucem
589 423 701 468 illius
731 426 885 469 noctis.
917 426 1088 469 Etenim
1120 434 1269 468 uterus
1295 424 1445 469 matris

7 473 21 548 ,1
54 508 162 537 meae
177 528 188 548 ,
210 494 483 538 consuetudo
505 494 689 539 civitatis
708 511 816 539 meae
837 495 935 540 fuit.
958 499 1066 549 Quae
1088 505 1151 540 est
1173 495 1247 540 illa
1267 496 1445 540 civitas?

54 565 162 618 Quae
192 579 270 608 nos
300 564 441 623 primo
473 565 625 623 genuit
646 567 690 610 in
719 567 984 625 captivitate.
1019 567 1229 612 Novimus
1251 567 1445 624 Babylo-

0 655 1 658 ¹
53 633 170 678 niam
187 633 323 689 illam,
349 634 404 678 de
420 651 506 694 qua
524 636 727 681 hesterno
750 636 820 680 die
838 636 975 681 locuti
997 653 1146 681 sumus
1167 673 1177 692 ‚
1198 637 1317 681 unde
1338 653 1444 696 pro-

53 703 307 748 ficiscuntur
329 720 480 748 omnes
494 739 505 760 ‚
525 706 601 765 qui
622 707 808 751 eredunt
828 716 870 751 et
892 708 1112 766 suspirant
1128 707 1192 751 illi
1208 707 1297 751 luci
1314 710 1444 751 Jeru-

52 773 184 819 salem
218 774 402 820 coelesti.
450 778 544 834 Ego
583 792 686 835 ergo
721 777 808 821 dixi
841 796 850 822 2
888 781 952 822 Ex
987 787 1112 822 utero
1151 778 1298 822 matris
1335 793 1445 822 meae

0 886 5 889 ,
52 854 276 904 susceptus
297 861 393 889 sum
411 861 434 889 a
450 846 636 891 Domino
656 866 664 891 :
684 846 787 891 inde
808 847 915 892 mihi
937 849 1130 892 tenebrae
1152 848 1292 893 noctis
1314 848 1445 908 hujus

0 930 7 961 3
52 925 95 960 et
114 916 190 960 lux
214 917 345 976 hujus
369 918 507 961 noctis
540 917 841 963 indifferentes
877 919 1005 964 factae
1040 928 1158 964 sunt.
1192 920 1275 973 Qui
1297 928 1445 964 autem

52 996 116 1032 est
137 987 182 1032 in
206 996 330 1032 utero
349 988 497 1032 matris
515 988 631 1032 illius
654 990 930 1047 Babyloniae,
947 991 1108 1048 gaudet
1130 991 1345 1050 prosperis
1363 1006 1446 1035 sae-

52 1057 140 1104 culi
156 1093 167 1112 ‚
192 1058 408 1116 frangitur
435 1059 767 1105 adversitatibus
795 1062 970 1115 saeculi,
996 1078 1086 1106 non
1108 1062 1232 1106 novit
1254 1062 1446 1120 gaudere

48 1128 130 1172 nisi
158 1128 325 1189 aliquid
352 1145 609 1189 prosperum
645 1131 817 1175 eveniat
849 1132 1093 1176 secundum
1132 1141 1332 1191 tempus,
1366 1147 1447 1176 nec

0 1214 5 1256 ;
50 1199 419 1244 novitcontristari
445 1201 526 1244 nisi
558 1199 727 1261 aliquid
752 1200 984 1246 adversum
1006 1202 1177 1246 eveniat
1199 1202 1445 1246 secundum

0 1550 8 1694 —v—-<
0 1495 10 1538 w
0 1422 10 1482 -vg
0 1359 8 1395 *u-
0 1291 7 1330 2vs

52 1278 236 1329 tempus.
250 1273 346 1314 Jam
366 1270 431 1313 exi
454 1270 508 1314 de
529 1280 652 1315 utero
668 1271 937 1328 Babyloniae,
956 1272 1099 1331 incipe
1121 1282 1297 1316 cantare
1319 1273 1446 1330 hym-

52 1356 157 1384 num
182 1340 368 1384 Domino
395 1360 403 1385 :
429 1342 650 1400 egredere,
677 1351 721 1385 et
742 1358 944 1400 nascere3
968 1343 1172 1402 suscipiet
1189 1352 1231 1386 te
1255 1346 1368 1387 Deus
1393 1359 1447 1387 ex

51 1419 176 1455 utero
202 1410 349 1454 matris
384 1420 486 1454 tuae.
514 1411 620 1464 Quis
650 1414 800 1455 Deus?
837 1415 951 1456 Deus
979 1412 1052 1456 ille
1074 1413 1258 1471 apostoli
1288 1412 1442 1468 Pauli,

51 1483 127 1542 qui
151 1481 260 1526 dixit
286 1500 294 1526 :
331 1501 351 1524 «
376 1484 488 1526 Cum
514 1492 660 1526 autem
682 1483 848 1542 placuit
870 1487 983 1538 Deo,
1012 1484 1089 1544 qui
1110 1499 1179 1527 me
1201 1484 1446 1543 segregavit

54 1570 74 1594 »
109 1551 164 1596 de
187 1562 312 1596 utero
333 1553 482 1596 matris
504 1568 613 1596 meae
630 1588 640 1608 ‚
663 1554 853 1598 revelare
875 1554 1035 1597 Filium
1059 1569 1187 1598 suum
1214 1555 1261 1598 in
1282 1570 1351 1598 me
1367 1557 1398 1597 1.
1419 1572 1440 1595 »

52 1625 159 1677 Quae
177 1623 294 1668 enim
317 1632 409 1667 erat
428 1633 565 1667 mater
588 1624 710 1683 ejus?
735 1626 978 1682 Synagoga.
1007 1627 1063 1668 Et
1092 1624 1151 1667 ibi
1181 1623 1290 1684 quid
1327 1623 1444 1668 didi-

52 1703 195 1750 cerat,
229 1694 310 1738 nisi
335 1693 455 1753 quod
492 1694 717 1738 habebant
750 1703 792 1738 et
830 1693 1074 1738 didicerant
1105 1694 1188 1753 ipsi
1219 1693 1365 1738 sudaei
1400 1703 1445 1739 et

50 1764 141 1824 ipse
156 1763 347 1824 populus
365 1766 382 1805 *ἶ
405 1767 572 1809 Nomen
594 1764 640 1807 in
658 1764 742 1808 illis
759 1774 1023 1809 remanserat
1044 1764 1186 1809 laudis
1208 1765 1309 1820 Dei,
1330 1764 1445 1809 facta

52 1844 196 1879 autem
218 1835 264 1878 in
297 1836 355 1878 eis
380 1851 470 1879 non
492 1835 828 1879 inveniebantur
853 1854 863 1880 :
893 1844 1016 1879 erant
1033 1835 1078 1879 in
1101 1835 1160 1880 eis
1184 1836 1318 1880 verba
1342 1835 1442 1890 Dei,

52 1905 173 1966 quasi
197 1903 297 1949 folia
319 1904 364 1947 in
382 1905 552 1959 arbore,
572 1914 614 1948 et
630 1904 797 1949 fructus
821 1921 1052 1965 nusquam.
1076 1905 1224 1949 Talem
1243 1905 1444 1950 arborem

1 1971 28 2034 11
52 1976 145 2031 fici,
172 1976 282 2019 sicut
303 1975 451 2029 nostis,
468 1991 568 2019 cum
592 1975 800 2019 Dominus
823 1975 1071 2031 invenisset,
1093 1975 1326 2021 maledicto
1346 1992 1443 2021 are-

3 2039 28 2097 11
52 2046 196 2090 fecit'2.
220 2045 393 2090 Invenit
422 2045 538 2088 enim
560 2045 605 2088 in
627 2061 676 2089 ea
700 2044 825 2100 folia,
851 2054 893 2089 et
907 2044 1101 2090 fructum
1124 2062 1215 2090 non
1237 2046 1403 2091 invenit
1430 2066 1439 2092 z

3 2126 18 2165 1,

54 2115 285 2177 quamdam
319 2115 444 2160 nobis
465 2115 666 2175 arborem
688 2115 922 2174 figurabat.
948 2118 1054 2160 Nam
1088 2114 1313 2160 fructuum
1342 2116 1443 2162 illo-

5 2210 13 2242 1
53 2203 148 2231 rum
169 2196 341 2245 tempus
369 2186 567 2230 nondum
593 2187 716 2229 erat3
741 2205 749 2230 :
775 2187 897 2246 quod
915 2201 1065 2230 omnes
1086 2187 1285 2231 homines
1304 2203 1442 2233 nove-

0 2275 16 2314 1.
55 2267 174 2312 13111,
215 2257 369 2313 artilex
402 2256 502 2300 coeli
532 2265 574 2299 et
599 2265 723 2300 terrae
756 2272 847 2300 non
884 2259 1096 2302 noverat?
1133 2261 1250 2316 Ergo
1272 2258 1344 2302 ille
1366 2259 1442 2319 qui

0 2340 16 2391 [1

55 2327 238 2373 Ρ311111111
268 2326 507 2385 segregavit
527 2327 582 2370 ab
623 2337 748 2371 utero
770 2328 919 2372 matris
940 2344 1029 2372 suae
1045 2362 1056 2382 ,
1083 2328 1173 2387 ipse
1195 2338 1238 2372 et
1264 2345 1343 2373 nos
1371 2345 1441 2374 se-

0 2411 12 2452 5
57 2399 247 2458 gregavit
278 2398 332 2441 ab
358 2406 482 2441 utero
507 2397 656 2440 matris
689 2407 863 2442 nostrae.
900 2400 1037 2457 Cujus
1076 2399 1224 2443 matris
1246 2403 1443 2444 nostrae?

0 2466 30 2557 ,1,
59 2468 174 2513 Illius
192 2468 460 2526 Babyloniae.
481 2468 676 2527 Suscepti
698 2480 800 2527 ergo
822 2483 874 2512 ex
896 2478 1021 2513 utero
1044 2468 1134 2524 1110,
1153 2470 1244 2529 jam
1261 2470 1442 2529 incipia-

8 2559 31 2625 k
104 2562 110 2577 ¹
134 2554 203 2588 Gal.
228 2566 251 2595 1,
279 2554 328 2585 15.
358 2571 396 2576 —
420 2553 558 2586 2MaUli.
582 2564 647 2593 xxi,
670 2563 720 2594 ¹9.
746 2570 786 2575 —
803 2551 816 2575 3
835 2555 933 2586 Marc.
961 2565 1004 2594 xi,
1034 2554 1084 2585 13.

243 2619 365 2649 cxix.
1231 2611 1278 2649 21

28 2671 31 2691 1

28 2706 31 2725 1

30 2795 31 2807 1

30 2809 32 2830 1

30 2834 32 2851 1
