1815 3253
406 193 409 197 '
470 202 711 231 muniano
744 205 788 231 ΙΝ
823 203 1026 231 PsALMUM
1057 205 1152 230 CXL.
1378 192 1462 230 367

73 266 297 310 tibilitatis.
307 267 349 311 Si
363 267 479 311 enim
492 268 834 326 incorruptibilis
849 271 978 322 Deus,
990 267 1465 321 siincommutabilis,si

71 336 482 392 incontaminabilis,
505 341 536 381 si
553 338 904 392 immaculabilis,
922 339 954 382 si
974 337 1331 397 impenetrabilis,
1353 337 1462 397 quid

73 405 112 449 ei
125 405 291 450 factura
310 416 401 450 erat
411 422 513 464 gens
526 407 625 451 illa?
640 409 826 452 Fecisset
839 407 911 452 illa
925 423 1058 467 quem
1072 407 1205 451 vellet
1228 408 1460 466 impetum,

72 477 295 537 quomodo
311 488 488 522 terreret
500 478 876 537 impenetrabilem
889 513 900 532 ,
918 477 1218 522 inviolabilem
1233 512 1244 532 ,
1263 478 1464 522 inconta-

72 547 187 591 mina
195 547 340 602 bilem,
352 548 619 593 incommuta
627 549 756 593 bilem
769 559 811 593 et
822 549 1062 608 incorrupti
1071 548 1225 592 bilem?
1241 548 1283 593 Si
1293 563 1395 607 ergo
1404 557 1464 592 ta-

69 616 121 661 lis
136 620 268 672 Deus,
292 618 503 676 crudelis3
522 620 623 679 quia
638 620 728 663 sine
749 635 876 663 causa
890 619 977 663 huc
999 634 1075 663 vos
1091 618 1228 672 misit,
1257 617 1328 662 cui
1354 618 1464 661 nihil

71 688 217 732 noceri
231 697 414 747 poterat.
432 692 576 742 Quare
593 705 668 734 vos
684 690 821 734 misit?
837 692 948 734 Ecce
975 704 1078 748 gens
1101 688 1384 733 tenebrarum
1399 687 1463 732 illi

71 774 228 803 nocere
237 775 325 804 non
337 770 524 819 poterat:
539 761 630 820 ipse
639 770 783 805 autem
793 761 917 805 vobis
933 760 1120 819 graviter
1134 760 1302 815 nocuit,
1317 759 1464 819 etipse

72 831 208 889 magis
224 847 357 890 quam
374 831 448 876 illa
467 833 601 877 hostis
620 841 761 877 vester
782 831 867 876 fuit
893 852 902 876 ε
928 847 1181 892 quanquam
1201 840 1246 875 et
1269 832 1358 891 ipsa
1379 847 1460 876 vo-

71 901 137 945 bis
168 917 325 946 nocere
365 904 524 961 potuit.
567 905 770 948 Potuistis
799 904 958 963 premi,
990 903 1189 963 potuistis
1225 902 1458 962 captivari,

71 971 270 1030 potuistis
297 972 541 1033 inquinari,
574 974 773 1033 potuistis
815 976 1036 1033 corrumpi
1067 993 1075 1019 :
1102 974 1246 1033 potuit
1282 988 1384 1031 ergo
1418 982 1462 1017 et

70 1041 158 1086 ille.
180 1046 386 1087 Frustum
410 1044 527 1086 enim
550 1045 742 1104 quodam
759 1044 961 1098 modo,et
984 1042 1263 1103 portiuncula
1288 1053 1459 1088 naturae

71 1113 204 1172 ipsius
226 1114 445 1158 convincit
462 1130 661 1158 massam.
683 1114 821 1167 Quale
843 1123 907 1158 est
927 1114 1038 1158 illud
1061 1113 1182 1174 quod
1203 1115 1290 1158 huc
1316 1113 1430 1156 misit
1447 1147 1458 1168 ,

72 1182 158 1226 tale
179 1193 243 1227 est
278 1193 322 1227 et
339 1183 451 1228 illud
473 1184 592 1244 quod
615 1185 674 1228 ibi
696 1184 914 1228 remansit.
945 1186 1039 1228 Hoc
1061 1183 1145 1243 ipsi
1167 1183 1323 1228 dicunt
1344 1203 1353 1228 ε
1381 1183 1463 1242 ipsi

72 1252 266 1298 fatentur
287 1255 388 1315 quia
410 1253 509 1298 duae
531 1255 783 1299 substantiae
805 1264 929 1312 sunt3
946 1270 1033 1298 una
1056 1253 1130 1298 illa
1148 1289 1159 1305 ‚
1182 1263 1226 1298 et
1247 1269 1338 1298 una
1362 1254 1459 1297 ista.

54 1317 194 1368 ‘Libri
215 1340 367 1369 eorum
385 1326 468 1370 hoc
486 1326 652 1370 habent
674 1345 683 1370 :
709 1335 752 1370 et
772 1325 807 1369 si
828 1334 1014 1383 negant,
1039 1323 1246 1383 leguntur
1263 1357 1274 1379 ,
1298 1333 1340 1368 et
1363 1336 1464 1369 con·

72 1395 326 1440 vincuntur.

131 1469 211 1510 XI.
227 1465 344 1519 Quid
361 1468 494 1525 ergo?
513 1469 569 1511 Ut
586 1467 631 1510 in
645 1467 728 1511 hoc
751 1482 840 1510 uno
862 1465 1037 1511 exordio
1059 1465 1169 1509 nihil
1191 1465 1377 1525 amplius
1389 1464 1465 1508 di-

0 1573 7 1580 .
73 1552 194 1593 cam,
228 1553 318 1581 non
338 1538 480 1581 dicam
500 1539 668 1598 pejora,
695 1554 785 1582 non
819 1537 961 1582 dicam
986 1537 1259 1582 sceleratiora
1280 1554 1288 1577 :
1310 1537 1355 1580 in
1383 1537 1467 1581 hoc

0 1643 8 1652 .
73 1607 165 1666 ipso
180 1607 355 1651 exordio
373 1623 462 1668 quo
488 1607 653 1651 bellum
666 1608 905 1662 inducunt,
927 1607 1069 1652 videte
1087 1606 1464 1668 quemadmodum

1 1717 8 1725 ,
73 1676 372 1731 debellentur,
395 1686 438 1721 et
456 1677 534 1720 ubi
557 1687 799 1737 pugnatum
817 1677 1022 1722 adversus
1047 1681 1187 1721 Deum
1212 1693 1235 1720 a
1251 1686 1381 1736 gente
1400 1685 1470 1720 te-

2 1775 8 1783 ·
75 1747 311 1792 nebrarum
332 1747 511 1802 dicunt,
535 1748 614 1807 ipsi
636 1750 681 1791 in
700 1763 851 1792 eorum
873 1749 1106 1792 verborum
1125 1763 1270 1807 pugna
1286 1749 1470 1807 capiun-

4 1830 8 1838 '
75 1829 161 1863 tur.
187 1822 286 1864 Non
306 1820 421 1863 enim
455 1828 519 1862 est
550 1819 670 1879 quod
693 1820 862 1870 dicant,
900 1830 976 1863 aut
1006 1836 1094 1880 quo
1118 1818 1352 1878 refugiant.
1381 1820 1466 1864 Sed

74 1890 159 1944 vis,
181 1906 207 1934 o
229 1889 418 1933 nefande
435 1925 445 1944 ,
470 1889 575 1933 false
598 1889 767 1943 Electe,
788 1890 1024 1934 defendere
1050 1899 1282 1948 peccatum
1307 1899 1434 1934 tuum
1456 1924 1467 1944 ‚

5 1992 10 2017 :
75 1969 126 2003 ut
147 1959 326 2020 quando
349 1960 513 2020 aliquid
538 1959 638 2003 mali
670 1959 820 2003 feceris
835 1995 845 2013 ,
878 1976 965 2003 non
1000 1970 1049 2003 tu
1072 1958 1220 2003 fecisse
1243 1959 1426 2004 videaris
1457 1975 1466 2000 z

76 2031 233 2090 quaeris
254 2030 301 2073 in
322 2046 453 2090 quem
477 2039 705 2088 peccatum
727 2039 855 2074 tuum
877 2028 1081 2074 refundas
1097 2064 1107 2083 ,
1134 2038 1177 2073 et
1199 2028 1394 2073 refundis
1415 2029 1459 2072 in

76 2110 248 2159 gentem
263 2100 558 2144 tenebrarum.
583 2100 668 2145 Sed
682 2099 737 2144 ad
755 2104 890 2143 Deum
906 2101 1099 2154 attende,
1118 2101 1152 2144 si
1167 2116 1254 2144 non
1273 2100 1319 2143 in
1335 2099 1468 2143 illum

0 2201 15 2218 2,
64 2169 289 2214 tresundis.
315 2170 358 2214 Si
375 2171 491 2213 enim
514 2178 656 2229 posset
675 2185 777 2228 gens
800 2170 1080 2214 tenebrarum
1095 2205 1105 2224 ,
1132 2186 1264 2230 quam
1283 2169 1469 2226 fingitis,

0 2218 25 2300 :·l
68 2241 160 2289 >hoc
196 2241 276 2285 tibi
303 2240 492 2295 diceret,
522 2241 630 2300 quid
657 2256 727 2284 me
750 2242 954 2284 accusas?
977 2241 1107 2284 Potui
1130 2239 1297 2300 aliquid
1329 2239 1474 2283 facere

0 2309 25 2372 1,Ι
77 2314 167 2356 Deo
185 2321 286 2366 tuo,
312 2327 458 2356 annon
479 2311 630 2370 potui?
654 2313 697 2357 Si.
729 2312 873 2371 potui,
893 2312 1043 2356 sortior
1064 2310 1140 2356 illo
1165 2326 1262 2355 sum
1288 2330 1297 2355 z
1323 2311 1357 2355 si
1380 2326 1470 2355 non

0 2397 26 2442 ιθ,
76 2383 226 2442 potui,
247 2398 382 2443 quare
404 2398 473 2426 me
494 2382 666 2426 timuit?
683 2382 718 2426 si
740 2399 830 2428 non
853 2383 999 2427 timuit
1018 2418 1029 2438 ,
1054 2398 1189 2442 quare
1212 2383 1298 2426 huc
1324 2391 1367 2426 tc
1385 2382 1472 2425 mi-

0 2467 25 2512 ‚,÷
63 2455 152 2508 sit,
177 2463 227 2498 ut
249 2463 370 2498 tanta
391 2454 461 2498 hic
478 2453 677 2512 patiaris,
702 2468 804 2497 cum
826 2454 880 2498 sis
904 2453 1154 2497 membrum
1177 2453 1332 2512 ipsius,
1367 2466 1470 2496 cum

0 2525 2 2529 ’
23 2538 26 2569 ‘z
66 2525 135 2568 ¹sis
156 2523 393 2569 substantia
410 2524 571 2583 ipsius?
592 2523 627 2568 si
647 2538 738 2568 non
759 2523 926 2578 timuit,
951 2523 1105 2568 invidit
1126 2541 1136 2568 ε
1155 2523 1190 2567 si
1211 2523 1295 2568 hoc
1316 2522 1472 2566 timore
