1815 3253
403 299 644 331 ENAnnAno
675 302 722 329 ΙΝ
754 299 958 330 rsALMUM
988 303 1104 330 exin.
1396 289 1451 330 35

65 367 185 412 tiam.
210 366 321 412 Talis
347 376 412 412 est
442 367 489 411 in
512 383 600 428 quo
623 367 749 412 dolus
772 384 862 412 non
888 378 965 413 est.
991 371 1047 412 Et
1068 367 1277 412 Dominus
1300 366 1453 412 videns

65 437 377 484 Nathanaelem
399 438 506 498 quid
528 438 617 482 ait‘?
633 441 777 483 «Ecce
799 454 899 483 vere
921 437 1127 493 Israelita,
1154 439 1199 481 in
1220 454 1308 498 quo
1326 438 1454 483 dolus

0 503 1 511 ¹
69 526 90 551 ³>
125 524 214 553 non
237 518 299 553 est
318 511 347 552 ¹.
378 527 398 550 »
429 510 472 554 Si
495 524 597 568 ergo
619 524 746 552 verus
768 508 960 553 Isra'e'lita
975 544 986 564 ,
1023 509 1068 553 in
1103 525 1192 569 quo
1214 508 1340 553 dolus
1363 524 1454 553 non

67 589 156 637 est,
181 579 321 623 tribus
345 578 431 623 illae
453 578 697 623 ascendunt
715 579 769 623 ad
792 579 1031 624 Jerusalem
1047 616 1057 634 ‚
1077 580 1122 623 in
1143 580 1304 639 quibus
1326 579 1453 624 dolus

67 665 158 694 non
179 659 258 694 est.
283 653 341 694 Et
363 650 466 709 ipsae
488 660 590 695 sunt
615 669 635 692 «
663 651 978 695 Testimonium
994 650 1140 704 Israel,
1163 669 1182 691 η
1206 650 1252 694 id
1269 660 1353 704 est,
1380 641 1462 710 per*

68 719 162 764 illas
202 721 450 779 agnoscitur
482 721 582 781 quia
619 730 743 764 erant
774 736 908 779 grana
940 721 1053 764 inter
1091 720 1210 765 illam
1253 721 1452 781 paleam,

71 790 249 850 quando
272 806 370 834 area
386 806 486 835 cum
510 790 731 835 videretur
746 826 757 846 ‚
782 800 872 836 tota
896 791 1018 851 palea
1040 791 1293 851 putabatur.
1321 795 1459 836 Erant

70 877 172 920 ergo
192 862 254 905 ibi
273 877 424 920 grana:
444 862 518 906 sed
536 879 637 907 cum
654 863 926 907 ascenderint
942 863 986 907 in
1007 863 1317 907 sublimitatem
1338 863 1460 907 illam

71 932 337 993 splendoris,
361 948 461 976 cum
487 933 619 976 fuerit
647 949 742 977 area
767 933 1003 977 ventilata2
1019 969 1030 989 ‚
1056 944 1161 978 tunc
1179 935 1260 977 erit
1286 954 1305 975 «
1328 934 1461 978 Testi-

73 1021 94 1045 »
129 1003 325 1047 monium
360 1001 492 1046 Israkil
515 1022 523 1046 ε
550 1020 569 1044 ))
591 1012 697 1046 tunc
729 1004 875 1047 dicent
897 1019 1046 1047 omnes
1068 1004 1198 1058 mali,
1227 1007 1335 1048 Vere
1357 1004 1460 1064 quia

72 1081 194 1118 erant
214 1072 274 1116 ibi
298 1073 403 1132 justi
426 1073 539 1115 inter
561 1072 696 1116 malos
714 1108 724 1126 ,
745 1072 922 1132 quando
945 1074 1070 1117 nobis
1092 1089 1242 1117 omnes
1264 1073 1367 1117 mali
1396 1075 1461 1118 vi-

72 1143 306 1197 debantur,
327 1153 369 1187 et
393 1142 541 1203 quales
560 1159 637 1187 nos
659 1159 830 1187 eramus
845 1178 855 1197 ‚
883 1142 988 1187 tales
1006 1159 1156 1187 omnes
1179 1144 1457 1203 putabamus.

75 1234 97 1257 «
133 1215 445 1259 Testimonium
470 1215 615 1258 lsrael.
644 1232 664 1255 »
697 1217 796 1267 Quo
828 1214 1096 1270 ascendunt,
1124 1230 1268 1275 ¹quare
1309 1231 1460 1259 ascen-

74 1284 215 1330 dunt?
241 1304 261 1327 «
287 1285 355 1329 Ad
377 1284 678 1329 confitendum
702 1285 870 1328 nomini
894 1294 995 1339 tuo,
1022 1286 1218 1329 Domine.
1245 1304 1264 1327 n
1291 1287 1464 1345 Magni·-

73 1355 273 1400 ficentius
300 1354 385 1400 dici
420 1371 510 1400 non
547 1364 705 1415 potest.
746 1356 866 1400 Sicut
903 1355 1104 1414 superbia
1126 1357 1377 1415 praesumit,
1403 1357 1463 1402 sic

76 1426 298 1471 humilitas
320 1427 568 1470 confitetur.
594 1426 826 1478 Quomodo
849 1437 1137 1485 praesumptor
1158 1437 1221 1471 est
1236 1462 1246 1482 ‚
1272 1428 1347 1487 qui
1369 1427 1467 1472 vult

77 1496 214 1541 videri
235 1496 355 1557 quod
375 1513 466 1541 non
488 1506 551 1540 est
576 1515 584 1540 :
611 1497 670 1540 sic
693 1495 914 1540 confessor
936 1506 1022 1550 est,
1049 1499 1123 1556 qui
1155 1513 1245 1541 non
1278 1497 1372 1542 vult
1398 1500 1465 1543 vi-

77 1567 171 1612 deri
188 1567 308 1627 quod
329 1576 392 1612 est
413 1568 502 1626 ipse
518 1602 530 1622 ,
551 1576 594 1610 et
611 1577 726 1610 amat
743 1566 860 1627 quod
885 1576 949 1610 est
970 1567 1056 1610 ille.
1084 1567 1153 1611 Ad
1177 1569 1260 1613 hoc
1283 1585 1386 1628 ergo
1408 1586 1468 1615 as-

74 1639 274 1684 cendunt
302 1638 531 1693 Israelitae‚
570 1639 614 1681 in
642 1638 803 1698 quibus
835 1638 961 1683 dolus
985 1655 1073 1683 non
1110 1649 1197 1694 est,
1230 1642 1333 1701 quia
1366 1652 1468 1687 sunt

78 1726 179 1755 vere
192 1707 412 1765 Israelitae,
430 1709 531 1768 quia
549 1709 592 1752 in
612 1710 711 1768 ipsis
730 1720 792 1754 est
810 1710 1106 1754 testimonium
1125 1711 1257 1755 Israel
1277 1733 1288 1768 3
1312 1712 1367 1756 ad
1385 1714 1468 1759 hoc

80 1780 346 1835 ascendunt,
371 1799 391 1822 «
418 1781 487 1824 Ad
507 1780 808 1824 confitendum
830 1780 994 1825 nomini
1017 1790 1114 1837 tuo,
1142 1784 1375 1828 Domine.»

141 1854 219 1896 IX.
249 1871 270 1894 «
295 1851 505 1904 Quoniam
529 1851 588 1893 ibi
611 1851 819 1895 sederunt
839 1851 961 1895 sedes
983 1852 1027 1895 in
1044 1852 1260 1912 judicium
1277 1857 1308 1898 3.
1337 1874 1358 1897 »
1383 1857 1470 1900 Mi-

82 1939 179 1968 rum
201 1922 386 1981 aenigma
403 1957 414 1976 ‚
437 1922 544 1965 mira
561 1922 760 1981 quaestio,
785 1923 819 1966 si
840 1938 929 1966 non
951 1922 1230 1982 intelligatur.
1260 1926 1390 1971 Sedes
1407 1927 1471 1972 ‹Ji-

81 1995 163 2049 cit‚
194 2009 303 2053 quos
325 1993 463 2037 Graeci
485 1993 665 2036 thronos
687 1992 932 2051 appellant,
961 1993 1157 2038 Thronos
1181 1996 1321 2040 Graeci
1342 1997 1467 2042 sellas

0 2075 2 2109 ῑ
35 2111 37 2113 ,
84 2063 263 2119 dicunt,
286 2072 494 2123 tanquam
512 2062 805 2107 honorabiles.
827 2066 942 2121 Ergo
960 2097 971 2116 ‚
993 2061 1145 2108 fratres
1163 2066 1248 2109 mei
1263 2101 1274 2122 ‚
1301 2082 1390 2112 non
1407 2078 1472 2113 est

83 2134 260 2188 mirum,
276 2133 510 2179 tsi-sedeant
531 2130 731 2177 homines
751 2133 797 2176 in
814 2133 1006 2187 sedibus,
1024 2133 1070 2177 in
1091 2134 1230 2180 sellis:
1252 2145 1302 2180 ut
1326 2147 1473 2183 autem

78 2204 188 2263 ipsae
205 2203 325 2247 sedes
347 2203 550 2256 sedeant,
579 2203 803 2262 quomodo
817 2217 1044 2261 possumus
1060 2203 1301 2262 intelligere
1318 2209 1336 2250 ἶ)
1361 2211 1476 2252 Tan-

86 2290 217 2334 quam
238 2274 270 2318 si
292 2273 409 2318 dieat
427 2273 580 2333 aliquis
604 2292 612 2317 :
641 2272 828 2317 Sedeant
849 2273 918 2316 hic
936 2273 1178 2329 cathedrae,
1203 2286 1278 2320 aut
1294 2277 1474 2323 sedeant

87 2345 158 2390 hic
176 2343 308 2389 sellae.
335 2348 387 2388 In
405 2344 510 2389 sella
536 2345 710 2388 sedetur
725 2379 736 2398 ‚
755 2345 808 2387 -in
830 2344 1005 2388 sedibus
1027 2346 1202 2403 sedetur
1218 2382 1229 2401 ‚
1254 2348 1299 2391 in
1324 2350 1474 2393 cathe-

89 2415 174 2460 dris
197 2415 400 2473 sedetur3
438 2416 654 2475 nonipsae
673 2416 795 2459 sedes
817 2415 984 2460 sedent.
1011 2417 1123 2468 Quid
1147 2427 1211 2462 est
1233 2434 1336 2477 ergo
1358 2420 1442 2464 hoc
1462 2456 1473 2475 ,

95 2504 115 2528 «
129 2517 133 2520 »
149 2486 363 2539 Quoniam
379 2486 442 2529 ibi
464 2487 670 2530 sederunt
689 2485 812 2529 sedes
834 2486 878 2529 in
893 2484 1108 2544 judicium
1121 2489 1139 2530 Ξ)
1152 2506 1169 2527 »
1186 2490 1315 2532 Certe
1335 2490 1480 2534 soletis

93 2556 242 2601 audire
261 2560 350 2601 Deo
373 2556 569 2600 dicente:
591 2576 610 2598 «
630 2557 805 2600 Coelum
828 2556 933 2599 mihi
953 2557 1137 2601 thronus
1158 2568 1220 2601 est
1236 2594 1247 2614 ,
1270 2568 1383 2604 terra
1403 2577 1482 2604 au-

143 2649 150 2663 ¹
169 2644 246 2672 Jonn
285 2655 306 2679 i,
328 2641 382 2680 4⁴*-
411 2659 449 2663 --
473 2649 483 2662 ²
506 2641 605 2671 Matzh
643 2653 686 2670 ῐιι.
714 2649 763 2670 1¹2.
787 2657 825 2661 —
850 2639 942 2671 3l³sal
973 2652 1036 2677 xxi,
1058 2641 1088 2672 5.

1233 2699 1256 2735 3
