1815 3253
326 201 410 240 492
752 213 785 239 s.
821 209 1051 238 Aucuszrmr
1083 212 1263 239 Ertscom

324 278 403 321 nisi
435 285 485 320 ut
511 276 726 321 levaretur
752 277 828 336 qui
858 277 1045 320 cecidit?
1070 295 1090 318 «
1126 278 1333 321 Dominus
1356 276 1565 335 sapientes
1600 272 1702 317 facit

327 365 348 388 »
384 362 534 391 caecos.
573 347 781 390 Dominus
811 346 952 406 diligit
977 347 1131 407 justos.
1159 365 1180 387 »
1218 345 1323 391 Ideo
1360 344 1462 389 facit
1489 343 1703 405 judicium

323 416 525 476 injuriam
547 416 870 476 accipientibus.

382 489 549 530 XVIII.
579 489 635 530 Et
663 487 738 546 qui
766 495 867 530 sunt
894 487 974 546 ipsi
1002 487 1142 547 justi?
1172 485 1304 531 Modo
1325 494 1539 546 quatenus
1566 483 1705 544 justi?

324 556 703 609 Quemadmodum
725 557 858 600 habes
880 576 888 601 :
913 557 1158 601 «Dominus
1180 558 1369 602 custodit
1389 554 1702 616 proselytos1.»

325 626 566 684 Proselyti,
607 627 784 670 advenae
805 635 921 671 sunt.
947 627 1097 670 Omnis
1117 626 1308 671 Ecclesia
1331 626 1533 685 Gentium
1557 639 1706 684 prose-

323 695 416 753 lyta
434 705 511 740 est.
534 696 782 741 Adventitia
804 697 918 741 enim
939 706 1004 740 est
1025 696 1079 741 ad
1102 706 1240 756 patres
1261 732 1272 752 ‚
1294 712 1383 741 non
1405 696 1460 739 de
1482 709 1610 740 carne
1629 709 1706 738 eo-

324 782 422 810 rum
445 775 545 810 nata
561 801 571 820 ,
601 766 677 810 sed
703 766 915 811 imitando
939 766 1042 811 filia.
1076 768 1285 811 Dominus
1318 776 1464 811 tamen
1487 764 1676 810 custodit
1692 798 1704 818 ,

321 851 411 880 non
435 835 590 896 aliquis
622 836 769 880 homo.
809 856 829 878 «
864 838 1122 896 Orphanum
1154 847 1197 881 et
1225 837 1403 881 viduam
1437 835 1653 895 suscipiet.
1683 851 1704 874 ι)

323 909 460 952 Nemo
479 916 604 966 putet
626 908 748 966 quasi
772 906 988 966 pupillum
1013 917 1190 967 propter
1211 907 1509 951 haereditatem
1526 941 1537 960 ,
1560 914 1634 948 aut
1649 904 1709 948 vi-

325 977 456 1020 duam
483 986 660 1036 propter
692 978 834 1021 nescio
857 977 976 1037 quod
1011 978 1235 1037 negotium
1254 993 1396 1021 suum.
1422 976 1637 1036 Equidem
1666 982 1710 1017 et

322 1047 414 1090 istis
449 1050 562 1090 Deus
591 1047 831 1106 opitulatur
852 1083 862 1102 ‚
900 1057 943 1091 et
975 1048 1020 1091 in
1043 1048 1246 1092 omnibus
1268 1047 1417 1092 officiis
1441 1045 1604 1104 generis
1624 1044 1711 1088 hu-

324 1117 440 1160 mani
462 1118 627 1160 bonum
650 1133 758 1176 opus
777 1116 894 1172 facit,
921 1120 996 1177 qui
1014 1118 1182 1177 pupillo
1205 1117 1392 1162 consulit
1409 1152 1419 1172 ‚
1441 1116 1516 1176 qui
1532 1115 1709 1161 viduam

325 1202 415 1230 non
438 1187 615 1232 deserit:
634 1187 707 1231 sed
731 1187 971 1235 secundum
993 1188 1228 1248 quemdam
1250 1188 1431 1232 modum
1454 1202 1602 1230 omnes
1623 1201 1710 1244 pu-

325 1256 418 1316 pilli
443 1272 614 1312 sumus‚
645 1259 822 1302 absente
848 1268 995 1317 patre,
1028 1274 1117 1302 non
1148 1268 1337 1303 mortuo.
1364 1257 1560 1317 Pupillus
1594 1256 1711 1300 enim

326 1326 568 1370 secundum
590 1328 786 1372 homines
802 1363 813 1383 ‚
838 1338 1013 1373 mortuo
1036 1338 1158 1388 patre
1182 1330 1245 1373 fit.
1272 1331 1329 1373 Et
1350 1328 1383 1371 si
1404 1343 1556 1373 verum
1589 1341 1712 1386 quae-

326 1398 452 1453 ratis,
482 1396 635 1443 fratres
652 1434 662 1453 ,
699 1400 800 1459 quia
824 1400 966 1444 anima
987 1416 1075 1444 non
1098 1401 1283 1444 moritur
1302 1436 1312 1455 ,
1339 1399 1492 1444 vivunt
1512 1406 1712 1458 parentes

326 1469 461 1512 nostri
479 1489 489 1524 3
507 1478 551 1512 ct
570 1469 706 1528 magis
722 1469 971 1514 absentibus
993 1471 1190 1530 patribus
1211 1480 1312 1515 sunt
1332 1469 1505 1530 pupilli,
1531 1469 1606 1529 qui
1628 1483 1712 1527 pu-

265 1587 272 1593 a
325 1537 418 1598 pilli
440 1547 543 1582 sunt
563 1558 573 1584 :
603 1540 636 1583 si
659 1539 761 1583 mali
778 1538 942 1584 fuerint
961 1576 971 1595 ,
1003 1541 1048 1584 in
1069 1542 1211 1600 poenis
1231 1542 1384 1585 vivunt
1403 1562 1413 1598 3
1435 1540 1469 1584 si
1492 1539 1595 1583 boni
1614 1537 1711 1581 fue-

326 1609 413 1652 rint
429 1644 440 1663 ,
464 1610 509 1652 in
537 1610 685 1670 requie
706 1610 860 1654 vivunt
880 1630 889 1655 :
921 1611 1066 1655 omnia
1084 1611 1252 1670 integra
1274 1620 1376 1655 sunt
1397 1610 1605 1655 Creatori.
1629 1611 1712 1652 Ta-

328 1693 427 1721 men
447 1694 524 1722 nos
541 1679 737 1738 quandiu
753 1695 901 1724 sumus
923 1680 968 1724 in
983 1696 1164 1740 corpore
1180 1682 1279 1735 hoc,
1296 1691 1338 1725 et
1356 1677 1712 1740 peregrinationis

326 1748 472 1792 locum
493 1749 722 1794 incolimus
739 1785 749 1805 ‚
776 1751 929 1795 absens
950 1761 1013 1795 est
1042 1755 1168 1795 Pater
1188 1761 1355 1806 noster,
1381 1751 1437 1795 ad
1458 1764 1589 1810 quem
1620 1748 1711 1792 cla-

328 1833 496 1863 mamus
518 1839 526 1863 :
555 1839 574 1861 «
602 1824 727 1864 Pater
747 1830 893 1865 noster
914 1822 989 1880 qui
1010 1837 1053 1865 es
1081 1821 1126 1865 in
1159 1821 1323 1865 coelis2.
1348 1838 1368 1862 >›
1396 1819 1500 1864 Ideo
1521 1818 1712 1864 Ecclesia

327 1888 458 1933 vidua
476 1925 487 1944 ,
517 1892 639 1950 quasi
672 1892 850 1936 absente
877 1907 1035 1951 sponso
1054 1928 1065 1947 ‚
1091 1893 1268 1936 absente
1289 1892 1398 1936 viro.
1432 1891 1587 1935 Veniet
1609 1888 1709 1943 ille,

329 1959 406 2018 qui
439 1958 557 2003 illam
591 1961 722 2006 modo
758 1962 947 2021 protegit
961 1997 972 2017 ‚
1009 1978 1098 2006 non
1128 1962 1245 2007 visus
1263 1997 1273 2016 ‚
1312 1962 1387 2006 sed
1426 1960 1708 2005 desideratus.

328 2031 490 2088 Magno
511 2031 627 2074 enim
659 2032 872 2076 desiderio
894 2033 1089 2091 rapimur
1103 2068 1114 2087 ,
1140 2042 1184 2076 et
1204 2047 1348 2076 amore
1364 2033 1455 2090 ejus
1477 2045 1607 2089 quem
1623 2044 1713 2073 non

328 2098 548 2155 videmus,
574 2100 882 2146 desideramus.
916 2102 1231 2146 Inhaerebimus
1255 2100 1528 2160 amplexibus
1549 2099 1624 2143 visi
1644 2134 1654 2153 ,
1680 2099 1713 2142 si

329 2170 528 2213 nondum
557 2171 636 2214 visi
667 2172 753 2214 fide
775 2172 1034 2214 detinemur.
1062 2174 1177 2229 Ergo
1212 2190 1231 2212 «
1258 2174 1314 2214 Et
1336 2170 1552 2229 pupillum
1575 2179 1617 2213 et
1649 2170 1713 2213 vi-

332 2255 352 2277 »
387 2237 519 2281 duam
541 2257 559 2279 »
596 2240 703 2298 quid
737 2239 877 2284 voluit
897 2240 1109 2299 intelligi,
1133 2240 1316 2284 fratres?
1342 2241 1574 2284 Destitutos
1595 2239 1713 2282 omni

330 2322 412 2366 ope
428 2317 471 2351 et
492 2309 668 2353 auxilio.
697 2311 906 2353 Destituta
931 2311 1073 2354 anima
1095 2311 1139 2353 in
1162 2310 1335 2364 saeculo,
1360 2311 1448 2368 ipsa
1472 2310 1552 2353 sibi
1573 2318 1714 2367 speret

331 2377 594 2437 adjutorium
619 2381 709 2424 Dei.
743 2381 967 2440 Quidquid
1002 2382 1072 2425 hic
1094 2381 1295 2424 habueris
1312 2416 1322 2436 ‚
1357 2396 1509 2424 aurum
1528 2380 1709 2433 habeas,

329 2451 637 2509 praesumpsisti
659 2451 794 2495 inde?
811 2453 905 2495 Jam
931 2467 1020 2496 non
1039 2467 1082 2496 cs
1102 2452 1361 2511 proselthS,
1382 2467 1469 2496 non
1488 2466 1531 2494 es
1552 2451 1712 2510 orpha-

382 2542 391 2559 ¹
414 2535 492 2569 Psal.
509 2546 601 2577 θην,
619 2546 652 2577 9.
674 2553 716 2561 -
736 2542 748 2559 ²
767 2535 881 2569 Matth.
903 2547 944 2577 vi,
963 2548 996 2578 9.
