1815 3253
368 231 608 260 ΕΝΑῐιιιΛΤιο
642 234 684 259 ιΝ
723 229 926 259 rsALMoM
959 233 1106 258 cxxx1.
1350 220 1430 259 189

17 303 19 349 l
42 302 96 347 cit
121 299 330 343 inimicos.
360 298 422 343 Sit
444 313 578 342 manu
610 297 731 342 fortis
747 332 757 352 ‚
783 297 1006 357 operando
1028 296 1188 340 vincat.
1216 298 1328 340 Cum
1349 311 1430 340 au-

17 370 20 424 }
45 381 124 416 tem
149 385 304 428 corpus
325 368 484 413 Christi
507 377 571 412 est
594 377 635 411 et
658 367 892 427 templum,
920 376 963 411 ct
985 366 1160 419 domim,
1187 373 1231 408 et
1248 366 1395 409 civitas
1418 386 1426 409 :

18 444 20 490 ἱ
42 451 82 487 et
106 440 178 485 ille
207 440 284 500 qui
307 449 439 499 caput
467 439 658 499 corporis
682 449 746 483 est
765 475 776 494 ,
798 449 841 483 ct
862 438 1083 482 habitator
1104 436 1261 480 domus
1277 446 1361 491 est,
1387 446 1431 480 ct

17 501 20 557 i
42 512 329 558 sanctificator
351 510 503 570 templi
525 520 604 565 est,
631 520 672 554 et
694 527 767 555 rex
789 509 971 554 civitatis
990 518 1067 552 ost.
1095 507 1328 561 Quomodo
1351 510 1450 552 Ee-'

18 575 21 642 ff
42 582 166 628 clesia
191 582 336 626 omnia
357 581 429 625 illa
446 615 457 635 ‚
488 582 547 625 sic
572 581 770 626 Christus
793 581 940 626 omnia
967 581 1061 624 ista.
1084 579 1201 632 Quid
1229 594 1330 636 crgo
1353 594 1431 623 vo-

18 647 176 699 >vimus
199 657 314 709 Deo,
346 653 426 697 nisi
449 661 499 697 ut
522 653 654 697 simus
682 652 895 712 templum
922 652 1030 696 Dei?
1061 650 1179 695 Nihil
1202 651 1364 707 gratius
1391 651 1431 694 ei

39 740 266 786 possumus
301 725 482 780 offerre,
508 739 641 784 quam
664 732 715 768 ut
750 722 944 768 dicamus
973 721 1012 765 ei
1040 721 1162 781 quod
1195 719 1355 764 dicitur
1384 720 1431 765 in

40 798 174 840 Isa'i'a:
206 814 226 837 «
251 794 427 839 Posside
445 810 523 839 nos
537 796 597 838 1.»
626 797 683 838 Et
700 792 878 855 quidem
900 793 946 837 in
969 793 1062 838 istis
1085 791 1430 852 possessionibus

41 865 218 912 terrenis
235 864 534 925 patrifamilias
547 861 794 925 praestatur,
806 863 985 925 quando
1002 864 1041 908 ei
1054 864 1183 908 datur
1194 863 1425 922 possessio:

38 952 125 982 non
146 937 205 980 sic
227 945 291 980 est
327 935 538 995 possessio
575 951 674 995 quae
714 944 778 980 est
811 933 1038 980 Ecclesia:
1071 934 1152 994 ipsi
1174 933 1431 994 possessioni

18 1013 264 1071 {praestatur
282 1041 293 1062 ‚
318 1015 368 1050 ut
391 1022 415 1050 a
438 1005 513 1049 tali
536 1005 820 1065 possideatur.

18 1076 22 1092 '
97 1081 172 1123 IV.
201 1076 319 1131 Quid
355 1092 459 1135 ergo
482 1075 587 1120 dicit
614 1095 623 1120 :
654 1095 674 1117 «
708 1076 828 1120 Sicut
846 1075 1010 1135 juravit
1032 1074 1241 1130 Domino,
1276 1083 1430 1119 votum

18 1101 22 1188 l
41 1167 61 1191 »
95 1148 213 1193 vovit
233 1151 322 1193 Deo
345 1146 498 1191 Jacob.
527 1164 547 1187 »
570 1145 805 1190 Videamus
821 1181 832 1201 ‚
860 1146 981 1206 quod
999 1155 1166 1190 votum.
1191 1148 1345 1189 Jurare
1367 1154 1431 1190 est

40 1228 183 1264 autem
210 1219 333 1263 firme
366 1217 634 1278 promittere.
669 1215 895 1261 Attendite
927 1225 1081 1261 votum
1118 1216 1230 1271 hoc,
1259 1215 1304 1259 id
1339 1224 1427 1270 est,

39 1288 156 1350 quod
179 1297 358 1334 voverat
379 1303 468 1348 quo
496 1286 649 1331 ardore
670 1288 869 1343 voverit,
896 1303 985 1348 quo
1008 1302 1155 1331 amore
1171 1321 1182 1341 ‚
1203 1302 1292 1346 quo
1315 1285 1431 1330 desi-

39 1359 157 1404 derio
181 1379 190 1405 2
211 1369 254 1404 et
275 1369 421 1404 tamen
444 1357 500 1403 ad
521 1359 605 1403 hoc
623 1357 898 1417 implendum
916 1358 1154 1402 Dominum
1174 1358 1432 1417 deprecatus

39 1439 102 1475 est
120 1430 268 1475 dicens
298 1449 308 1474 ι
337 1448 358 1471 «
379 1432 601 1473 Memento
621 1462 633 1484 ‚
655 1428 839 1472 Domine
856 1463 867 1483 ,
893 1428 1033 1472 David
1047 1463 1058 1483 ‚
1077 1437 1121 1472 et
1143 1427 1284 1472 omnis
1305 1442 1433 1471 man-

22 1517 61 1560 ¹»
96 1499 337 1544 suetudinis
367 1500 475 1559 ejus.
504 1516 523 1540 »
551 1501 603 1543 In
636 1499 717 1542 hac
740 1498 1079 1542 mansuetudine
1100 1506 1254 1542 votum
1275 1497 1397 1542 vovit
1416 1532 1427 1553 ‚

21 1562 90 1623 {ut
107 1571 159 1615 sit
186 1570 342 1615 domus
370 1570 477 1614 Dei:
508 1588 529 1611 «
560 1569 603 1613 Si
624 1568 832 1613 introiero
860 1568 907 1611 in
926 1568 1258 1613 tabernaculum
1276 1567 1432 1612 domus

21 1626 24 1705 l
44 1659 64 1683 »
97 1656 227 1696 meae,
253 1641 287 1684 si
310 1638 544 1683 ascendero
566 1654 696 1698 super
719 1638 884 1682 lectum
906 1647 1064 1683 stratus
1088 1638 1189 1682 mei.
1205 1638 1248 1683 Si
1270 1637 1432 1682 dedero

45 1730 66 1754 »
98 1727 299 1757 somnum
316 1710 452 1756 oculis
474 1710 595 1754 meis.
625 1728 645 1751 »
668 1713 827 1754 Parum
849 1709 964 1754 visus
982 1718 1044 1753 est
1061 1709 1202 1754 dicere
1221 1728 1229 1754 :
1259 1728 1279 1751 «
1309 1712 1434 1754 Som-

22 1803 25 1835 ι
45 1802 67 1826 »
99 1799 205 1828 num
222 1782 358 1828 oculis
379 1782 502 1826 meis.
528 1784 584 1825 Et
604 1780 824 1841 palpebris
842 1781 949 1825 meis
972 1780 1327 1825 dormitationem
1343 1816 1354 1836 ‚
1376 1784 1434 1825 Et

22 1851 66 1909 ἶ»
101 1855 294 1916 requiem
322 1853 593 1913 temporibus
626 1853 732 1896 meis
756 1871 776 1894 »
812 1852 846 1896 si
868 1852 1053 1908 dedero,
1079 1852 1268 1906 «Quoad
1296 1868 1434 1913 usque

24 1940 25 1976 g
48 1944 68 1968 »
101 1927 319 1972 inveniam
339 1925 487 1970 locum
509 1923 718 1979 Domino,
745 1923 1081 1968 tabernaculum
1102 1927 1192 1968 Deo
1213 1924 1348 1968 Jacob
1362 1927 1394 1967 ².
1411 1941 1431 1964 »

23 2033 25 2059 f
47 1997 127 2042 Ubi
153 1996 378 2058 quaerebat
408 1994 557 2040 locum
586 1994 807 2039 Domino?
837 1994 872 2038 si
895 2003 1148 2039 mansuetus
1171 2004 1290 2049 erat,
1316 1994 1363 2038 in
1392 2009 1436 2038 se

23 2065 26 2136 ξ
47 2068 281 2128 quaerebat.
312 2065 543 2120 Quomodo
567 2075 631 2110 est
659 2065 775 2109 enim
807 2065 930 2110 locus
963 2066 1171 2110 Domini?
1191 2065 1306 2110 Audi
1330 2069 1437 2109 Pro-

24 2139 215 2200 {phetam
242 2157 251 2183 :
282 2157 298 2179 «
331 2140 469 2197 Super
490 2152 622 2198 quem
645 2137 887 2197 requiescet
912 2138 1095 2197 Spiritus
1118 2138 1273 2180 meus?
1299 2139 1437 2196 Super

24 2201 27 2246 l
50 2225 70 2249 »
101 2207 329 2262 humilem,
356 2216 398 2251 et
414 2208 631 2267 quietum,
656 2216 700 2251 et
722 2216 983 2251 trementem
999 2207 1133 2252 verba
1154 2223 1250 2250 mea
1268 2208 1298 2250 3.
1324 2225 1343 2247 »
1365 2207 1439 2250 Vis

49 2292 133 2323 esse
165 2279 286 2323 locus
316 2278 520 2322 Domini?
550 2281 654 2322 Esto
677 2277 853 2321 humilis
868 2312 879 2333 ,
906 2287 949 2322 et
970 2277 1165 2338 quietus,
1187 2287 1230 2321 et
1248 2286 1439 2320 tremens

49 2349 176 2393 verba
200 2349 276 2393 Dei
291 2383 302 2403 ,
328 2357 371 2392 et
388 2357 436 2392 tu
455 2348 546 2407 ipse
568 2348 764 2392 efficieris
786 2349 907 2408 quod
925 2348 1097 2408 quaeris.
1127 2348 1170 2392 Si
1192 2348 1309 2391 enim
1333 2347 1378 2390 in
1396 2356 1439 2391 te

51 2436 135 2466 non
156 2423 230 2465 fiat
246 2421 367 2483 quod
385 2420 543 2480 quaeris
564 2453 575 2474 ,
595 2420 640 2463 in
661 2419 797 2464 altero
820 2419 928 2480 quid
950 2419 1029 2463 tibi
1052 2418 1262 2479 prodest?
1279 2421 1440 2479 Opera-

25 2496 28 2585 j
52 2500 119 2536 tur
136 2492 314 2553 quidem
338 2496 450 2536 Deus
473 2490 709 2551 aliquando
731 2506 807 2549 per
830 2490 1151 2549 Evangelistam
1169 2490 1353 2534 salutem
1377 2489 1443 2533 al·-

98 2578 195 2610 ¹Isa1.
213 2588 303 2619 xxvi,
333 2576 385 2609 13.
404 2592 446 2599 -
464 2581 477 2598 ²
497 2574 577 2608 Psal.
601 2585 713 2616 cxxxi,
730 2572 803 2606 3-5.
824 2590 866 2598 —
886 2572 985 2606 ³1sa'i.
1005 2585 1092 2616 ιινι,
1107 2583 1140 2607 2.
