1815 3253
365 211 449 251 186
785 221 820 250 s.
854 221 1086 253 Auernum
1116 225 1301 255 zmscon

360 287 538 347 quando
559 288 843 332 aeternitatem
865 306 875 333 e
899 289 1001 348 quia
1024 298 1236 335 aeternum
1254 291 1428 336 duobus
1449 292 1589 337 modis
1609 293 1742 338 intel÷

357 357 523 416 ligitur.
545 360 690 419 Usque
716 358 761 402 in
784 367 1018 414 aeternum,
1042 358 1086 404 id
1107 370 1170 405 est
1187 396 1198 416 ,
1225 371 1300 406 aut
1321 377 1493 422 semper
1515 363 1606 407 sine
1626 364 1739 419 fine,

360 437 436 472 aut
470 444 698 489 quousque
720 429 943 473 veniamus
976 428 1033 474 ad
1063 432 1367 476 aeternitatem.
1397 433 1478 477 Hic
1507 447 1608 491 ergo
1629 449 1742 493 quo-

358 498 492 543 modo
518 499 850 558 intelligendum
873 501 966 543 est?
988 502 1224 562 Quousque
1246 503 1470 547 veniamus
1493 502 1548 547 ad
1569 503 1742 547 aeterni-
1787 513 1790 521 ’

357 579 489 614 tatem
505 605 516 626 ,
541 586 760 630 speremus
781 572 826 614 in
856 571 1091 616 Dominum
1112 575 1250 618 Deum
1276 593 1284 619 ε
1315 574 1418 634 quia
1452 589 1551 618 cum
1574 574 1744 619 veneri-

359 655 456 685 mus
477 639 533 685 ad
553 641 857 697 aeternitatem,
875 642 967 702 jam
986 656 1081 701 spes
1103 658 1194 687 non
1215 644 1297 688 erit
1314 678 1326 700 ,
1346 643 1424 688 sed
1445 644 1535 704 ipsa
1557 659 1623 689 res
1644 644 1740 689 erit.
1784 642 1787 662 ⁹

362 819 1740 843 ummsmmwwxwwwmwummmmmmmmmwmmmmmwsmmm

875 990 1258 1040 ENARRATIO

717 1165 777 1203 IN
834 1163 1140 1205 PSALMUM
1189 1164 1402 1205 CXXXI.

831 1330 981 1374 Sermo
1002 1327 1056 1373 ad
1078 1327 1270 1388 plebem.

418 1487 454 1528 Ι.
487 1486 512 1528 J
518 1502 659 1529 nsTnM
680 1483 859 1544 quidem
890 1493 1005 1541 erat,
1032 1484 1296 1540 charissimi,
1327 1494 1379 1530 ut
1401 1483 1581 1529 fratrem
1604 1484 1746 1544 potius

360 1553 609 1599 audiremus
626 1554 838 1613 collegam
860 1569 1007 1599 meum
1029 1557 1121 1613 (10)
1137 1590 1148 1609 ‚
1162 1565 1421 1615 praesentem
1443 1555 1646 1600 omnibus
1668 1547 1766 1622 ηομ-ξ’

1795 51 1799 170 ¹

1791 279 1795 352 J

360 1625 440 1668 bis.
458 1628 515 1670 Et
537 1624 667 1669 modo
685 1640 775 1669 non
793 1626 984 1683 negavit,
1008 1624 1084 1669 sed
1105 1625 1289 1670 distulit.
1308 1628 1364 1670 Et
1378 1625 1477 1669 ideo
1500 1626 1583 1669 hoc
1603 1623 1765 1669 indico

359 1695 569 1741 Charitati
587 1697 766 1750 Vestrae,
785 1704 835 1739 ut
856 1710 1029 1739 mecum
1046 1695 1304 1754 promissum
1325 1695 1521 1739 teneatis.
1547 1697 1645 1743 Non
1663 1694 1745 1742 fuit

358 1774 503 1810 autem
521 1764 758 1810 absurdum
772 1765 983 1810 Charitati
999 1768 1179 1821 Vestrae,
1193 1775 1243 1810 ut
1259 1766 1378 1825 prior
1399 1767 1761 1824 obtemperaremg'

352 1835 542 1896 ¹jubenti.
563 1836 751 1880 Extorsit
768 1837 884 1880 enim
899 1836 1006 1880 mihi
1021 1844 1072 1881 ut
1084 1846 1193 1881 esset
1208 1837 1340 1881 modo
1356 1837 1529 1882 auditor
1547 1851 1685 1891 meus,
1697 1834 1759 1891 eo}

360 1923 462 1951 sane
476 1916 604 1966 pacto
618 1916 668 1951 ut
683 1916 726 1951 et
745 1921 825 1965 ego
839 1907 919 1950 sim
932 1907 1065 1966 ipsius
1078 1907 1199 1968 :quia
1214 1907 1260 1952 in
1272 1907 1362 1966 ipsa
1376 1907 1585 1951 charitate
1598 1895 1758 1964 omnes}

360 1977 451 2037 ejus
469 1976 687 2021 auditores
702 1992 866 2031 sumus,
883 1978 959 2037 qui
975 1992 1087 2023 unus
1104 1977 1227 2022 nobis
1240 1977 1285 2021 in
1300 1977 1414 2022 coelo
1424 1977 1628 2035 Magister
1645 1978 1742 2020 est¹.

360 2050 476 2105 Ergo
490 2047 683 2090 animum
697 2047 911 2091 intendite
924 2047 978 2091 ad
996 2046 1233 2102 Psalmum,
1248 2063 1379 2107 quem
1392 2047 1437 2091 in
1453 2046 1620 2101 ordine,
1636 2042 1754 2107 sicut(¹

361 2116 495 2160 nostis
511 2151 521 2170 ,
548 2115 823 2159 tractandum
847 2117 1073 2160 habemus.
1090 2120 1167 2161 Est
1185 2117 1314 2161 etiam
1336 2117 1425 2176 ipse
1447 2124 1716 2176 praenotatus
1731 2110 1753 2171 ,¹

366 2205 387 2228 «
420 2188 649 2231 Canticum
673 2186 887 2243 graduum
914 2205 922 2230 :
952 2205 971 2227 »
998 2196 1041 2230 et
1062 2187 1286 2246 aliquanto
1307 2187 1472 2232 caeteris
1490 2187 1571 2231 sub
1593 2185 1751 2230 eodem*

359 2257 491 2302 titulo
514 2255 735 2315 prolixior.
754 2258 852 2301 Non
874 2271 975 2314 ergo
994 2257 1298 2313 immoremur,
1324 2258 1404 2302 nisi
1423 2257 1499 2302 ubi
1520 2255 1749 2301 necessitas*

361 2327 551 2386 coegerit
570 2347 581 2384 3
620 2335 671 2370 ut
709 2335 852 2370 totum
870 2360 882 2382 ,
920 2327 955 2370 si
992 2327 1201 2372 Dominus
1234 2327 1502 2387 permiserit,
1537 2326 1747 2387 explicare

361 2399 589 2458 possimus.
615 2397 728 2450 Quia
755 2406 799 2441 et
827 2412 900 2443 vos
921 2413 1012 2442 non
1033 2407 1243 2459 tanquam
1266 2397 1394 2443 rudes
1414 2397 1558 2443 omnia
1580 2395 1745 2440 debetis

360 2467 510 2514 audire
526 2503 538 2524 ,
564 2466 730 2527 aliquid
746 2476 789 2512 et
806 2467 862 2513 de
885 2469 1114 2528 praeteritis
1131 2468 1427 2519 auditionibus
1447 2467 1649 2528 adjuvare
1664 2479 1743 2513 nos*

409 2569 419 2590 ⁸
438 2562 552 2596 Matth.
570 2572 666 2605 xxm,
687 2572 740 2596 ιο.
