1815 3253
415 247 657 277 immundo
690 250 732 277 ns
767 248 970 278 ΡεΑιΜυΜ
1001 250 1097 277 ch.
1358 235 1443 275 359

57 315 198 365 solum
217 324 348 375 caput
378 316 645 375 pertineant,
680 331 770 360 non
788 331 832 361 se
854 325 1000 360 tamen
1036 323 1206 374 separat
1228 329 1279 358 ex
1300 314 1444 359 verbis

57 388 213 433 nostris
234 396 276 431 et
293 387 349 431 ad
369 403 444 430 sua
467 387 640 446 propria
664 386 793 441 tollit,
819 386 888 431 vel
913 403 935 431 a
957 387 1043 430 suis
1065 385 1251 444 propriis
1271 400 1359 429 non
1388 384 1445 429 ad

56 467 200 504 nostra
219 457 344 501 redit.
363 461 425 502 De
437 457 530 516 ipso
543 458 657 501 enim
673 467 716 501 et
727 456 782 501 de
795 456 984 502 Ecclesia
999 456 1166 500 dictum
1178 464 1287 509 est‚«
1301 457 1448 498 Erunt

58 546 79 573 n
113 528 203 573 duo
224 529 269 572 in
290 544 419 573 carne
433 530 562 572 una¹.
587 546 607 570 »
630 528 755 573 Unde
777 528 927 588 etipse
948 527 994 571 in
1015 525 1252 584 Evangelio
1266 525 1371 570 dicit
1387 525 1444 570 de

55 599 137 647 hac
158 599 249 657 ipsa
275 613 320 642 re
335 633 345 651 ‚
374 616 393 639 «
419 600 516 641 Jam
534 598 667 657 igitur
687 614 776 654 non
796 606 899 642 sunt
920 597 1032 652 duo,
1052 595 1128 640 sed
1144 611 1233 640 una
1257 597 1397 640 car02.
1421 613 1442 637 n

58 671 161 714 Haec
184 684 295 713 nova
313 684 403 712 non
426 676 554 722 sunt,
581 684 604 713 a
626 668 748 713 vobis
770 683 939 727 semper
961 665 1108 711 audita
1136 675 1260 723 sunt3
1278 665 1354 710 sed
1370 680 1448 725 per

58 739 304 786 occasiones
327 753 498 782 necesse
522 747 584 782 est
607 746 1027 792 commemorentur,
1052 740 1194 796 primo
1223 736 1325 796 quia
1343 736 1448 795 ipsae
1484 767 1487 769 -

58 808 314 867 Scripturse,
337 824 445 868 quas
462 817 696 856 tractamus
713 843 723 862 ‚
749 808 806 853 ita
825 807 905 853 sibi
922 816 1024 853 sunt
1037 807 1227 861 innexae,
1247 815 1298 852 ut
1309 804 1448 850 multa

55 879 101 928 in
122 877 270 922 multis
289 887 541 936 repetantur
566 897 575 922 :
602 886 645 922 et
665 878 774 922 utile
795 887 874 922 est.
901 879 1017 922 Cura
1038 876 1154 924 euim
1173 875 1326 922 mundi
1356 876 1446 935 spi-

55 963 131 993 nas
153 948 307 1002 habet,
336 956 379 990 et
406 948 569 992 offocat
601 948 765 992 semina
799 967 808 993 :
840 956 1013 1007 oportet
1033 947 1190 1006 saepius
1214 962 1238 991 a
1262 947 1448 991 Domino

55 1018 406 1072 commemorari,
430 1017 552 1078 quod
577 1018 695 1076 cogit
726 1017 917 1063 mundus
939 1016 1148 1063 oblivisci.

116 1091 190 1132 lV.
220 1108 240 1130 «
260 1088 444 1132 Domine
461 1123 472 1142 ‚
493 1087 676 1132 clamavi
694 1086 749 1130 ad
768 1096 833 1141 te,
848 1087 1005 1131 exaudi
1020 1088 1133 1141 me³‚
1151 1104 1171 1127 ν)
1190 1088 1284 1131 Hoc
1298 1099 1449 1130 omnes

55 1175 282 1220 possumus
306 1160 466 1203 dicere.
495 1161 589 1202 Hoc
612 1173 702 1202 non
718 1157 817 1201 dico
831 1192 842 1208 ,
863 1166 981 1202 totus
997 1156 1196 1202 Christus
1218 1156 1338 1203 dicit.
1366 1154 1453 1200 Sed

55 1231 188 1287 magis
211 1246 260 1274 ex
283 1245 465 1289 persona
499 1228 692 1288 corporis
725 1227 889 1272 dictum
914 1237 978 1272 est
1004 1247 1013 1273 ι
1037 1227 1141 1287 quia
1174 1236 1217 1271 et
1248 1241 1351 1271 cum
1377 1226 1449 1270 hic

56 1309 163 1345 esset
178 1335 188 1354 ‚
210 1316 383 1344 carnem
402 1309 578 1359 portans
592 1299 752 1353 oravit,
771 1308 881 1343 etex
895 1313 1075 1357 persona
1098 1296 1290 1356 corporis
1311 1296 1451 1340 oravit

56 1374 250 1423 Patrem,
289 1380 332 1414 et
360 1387 459 1415 cum
497 1379 639 1414 oraret
662 1369 782 1428 globi
814 1369 1036 1426 sanguinis
1063 1367 1118 1412 de
1148 1376 1242 1412 toto
1265 1381 1449 1426 corpore

55 1442 146 1501 ejus
162 1440 458 1485 destillabant.
488 1440 556 1485 Sic
578 1440 788 1499 scriptum
806 1448 868 1482 est
889 1439 934 1482 in
951 1437 1188 1496 Evangelio
1215 1457 1224 1483 :
1260 1457 1280 1479 «
1299 1437 1450 1481 Oravit

57 1529 78 1560 ,ιι
113 1514 238 1555 Jesus
262 1512 430 1555 intenta
452 1511 670 1565 oratione,
696 1519 739 1553 et
761 1508 933 1553 sudavit
964 1511 1220 1567 sanguinem
1237 1508 1268 1551 4.
1291 1525 1311 1549 »
1331 1506 1449 1560 Quid

56 1591 139 1637 est,
165 1582 221 1625 de
245 1591 336 1626 toto
359 1597 539 1641 corpore
573 1581 795 1640 sanguinis
825 1579 1004 1623 effluxio
1024 1614 1035 1634 ,
1069 1579 1152 1622 nisi
1173 1577 1230 1622 de
1246 1586 1339 1624 tota
1360 1579 1450 1621 Ec·-

55 1653 182 1707 clesia
202 1656 447 1710 Martyrum
466 1652 632 1712 passio?
659 1671 678 1692 «
697 1651 876 1695 Domine
891 1685 903 1705 ‚
930 1650 1112 1694 clamavi
1135 1648 1190 1693 ad
1208 1658 1273 1703 te,
1294 1647 1452 1700 exaudi

59 1742 79 1766 »
114 1739 182 1768 me
208 1739 216 1765 ε
243 1723 422 1768 intende
443 1724 540 1767 voci
569 1722 887 1782 deprecationis
913 1737 1043 1776 meae,
1069 1720 1177 1767 dum
1205 1719 1451 1765 clamavero

58 1813 79 1849 ῃ»
113 1794 168 1839 ad
181 1804 239 1839 te.
270 1813 288 1836 »
311 1798 405 1838 Jam
430 1795 601 1838 finitum
628 1793 850 1851 negotium
876 1791 1094 1836 clamandi
1118 1791 1327 1850 putabas,
1348 1804 1450 1839 cum

56 1866 219 1909 diceres
236 1900 247 1919 ‚
278 1884 298 1906 α
325 1863 521 1909 Clamavi
539 1863 594 1907 ad
613 1873 670 1907 te.
700 1881 719 1904 η
745 1862 952 1909 clamasti
966 1897 982 1917 ,
1001 1863 1089 1922 jam
1114 1860 1204 1905 noli
1219 1876 1309 1905 esse
1324 1876 1451 1904 secu-

55 1951 143 1989 rus.
171 1937 213 1979 Si
233 1935 354 1978 finita
378 1944 441 1978 est
472 1933 697 1978 tribulatio
716 1968 726 1988 ,
759 1933 910 1976 finitus
938 1941 1003 1975 est
1033 1930 1198 1975 clamor
1222 1950 1231 1975 :
1253 1931 1287 1974 si
1305 1939 1454 1974 autem

13 2041 15 2050 Α
55 2015 199 2061 manet
225 2005 453 2050 tribulatio
476 2004 680 2049 Ecclesiae
703 2013 746 2047 et
775 2003 968 2063 corporis
990 2003 1150 2047 Christi
1172 2016 1313 2061 usque
1332 2002 1378 2044 in
1399 2001 1453 2044 fi-

57 2092 156 2130 nem
175 2076 344 2128 saeculi,
381 2092 469 2120 non
495 2084 663 2119 tantum
689 2073 829 2128 dicat,
859 2093 879 2115 «
905 2072 1097 2118 Clamavi
1121 2071 1176 2116 ad
1198 2081 1240 2115 te
1258 2106 1268 2126 ‚
1296 2070 1450 2116 exaudi

60 2165 80 2193 >1
115 2162 183 2190 me
210 2165 219 2191 ι
242 2146 314 2191 sed
339 2145 525 2190 Intende
547 2145 641 2189 voci
665 2144 982 2204 deprecationis
1007 2159 1138 2197 meae,
1164 2142 1271 2186 dum
1289 2140 1451 2186 clama-

6 2246 10 2250 -
61 2234 82 2258 2)
116 2232 220 2260 vero
239 2216 293 2260 ad
310 2226 368 2260 te.
393 2235 412 2256 n

116 2289 168 2336 V.
199 2307 218 2328 α
244 2287 458 2341 Dirigatur
477 2284 614 2329 oratio
646 2299 742 2328 mea
770 2293 978 2344 tanquam
1004 2283 1229 2326 incensum
1251 2281 1298 2325 in
1319 2296 1450 2326 cons-

61 2375 81 2411 i>
114 2368 245 2417 pectu
260 2367 353 2411 tuo,
371 2356 554 2400 elevatio
573 2371 782 2400 manuum
799 2354 1268 2401 mearumsacrificium
1281 2367 1450 2412 vesper-

14 2447 15 2451 *
61 2446 82 2478 υ
115 2430 424 2473 tinum5.»Hoc
440 2428 494 2471 de
512 2428 605 2487 ipso
623 2427 763 2486 capite
780 2425 920 2475 solere
936 2424 1138 2483 intelligi,
1157 2425 1297 2469 omnis
1307 2423 1452 2469 Chris-

105 2531 112 2547 ¹
134 2527 214 2557 Gen.
247 2537 282 2566 ιι,
307 2524 361 2566 24.
383 2541 423 2546 --
445 2531 456 2545 ²
476 2522 587 2555 matth,
610 2534 675 2563 xix,
693 2522 726 2553 6.
751 2538 791 2544 —-
816 2520 829 2544 3
848 2521 928 2554 Psal.
947 2533 1026 2562 ext,
1051 2533 1079 2552 1.
1109 2520 1172 2550 —4
1194 2523 1271 2552 Luc.
1292 2517 1446 2561 xx11‚44

61 2597 94 2602 -
114 2580 128 2603 5
152 2581 230 2612 Psal.
251 2590 367 2621 cx1.‚‘2.
