1856 3268
341 173 396 211 30
777 180 813 210 s.
847 178 1078 211 Avensa-1111
1109 182 1292 211 Emscom

337 247 418 291 nisi
435 245 508 290 ille
524 247 717 307 quicum
742 246 906 292 diceret
930 247 1115 292 famulus
1139 248 1256 308 ejus,
1281 265 1301 289 «
1325 246 1438 290 Ecce
1458 244 1593 289 mittis
1614 258 1684 289 me
1704 277 1717 299 ,

341 335 361 359 »
396 318 430 362 si
446 317 602 362 dixerit
624 319 730 362 mihi
748 318 952 378 populus,
978 319 1082 371 Quis
1111 328 1153 362 te
1173 319 1312 373 misit,
1335 316 1442 377 quid
1456 315 1598 360 dicam
1615 317 1678 360 ei?
1695 333 1716 357 υ

338 403 498 432 nomen
519 389 803 432 suumnoluit
826 388 945 432 aliud
968 388 1110 432 dicere
1127 424 1137 444 ‚
1170 403 1325 449 quam,
1355 406 1375 429 «
1401 390 1494 445 Ego
1519 402 1613 430 sum
1644 386 1721 445 qui

342 475 362 499 »
397 473 493 501 sum
519 473 528 498 :
558 476 577 498 »
608 467 650 501 et
671 459 826 517 adjecit
848 467 891 502 et
911 458 971 502 ait
1012 477 1021 503 ε
1056 477 1077 501 «
1111 460 1233 503 Dices
1266 458 1413 517 itaque
1441 456 1540 500 filiis
1563 454 1717 510 Israel,

343 546 362 569 »
389 529 474 581 Qui
496 537 559 572 est
582 529 694 572 misit
710 544 780 572 me
803 528 857 572 ad
879 544 997 573 vos.»
1014 532 1125 573 Ecce
1142 548 1162 571 «
1181 530 1390 588 ldipsum,
1418 531 1512 586 Ego
1529 542 1625 570 sum
1647 526 1723 586 qui

343 615 364 639 »
398 614 520 653 sum,
556 599 640 651 Qui
670 608 734 642 est
767 599 879 642 misit
902 614 972 643 me
1004 598 1060 643 ad
1090 615 1180 643 vos.
1210 617 1229 640 »
1255 602 1352 644 Non
1379 606 1502 657 potes
1537 611 1718 655 capere,

339 668 528 712 multum
549 679 613 712 est
629 669 893 727 intelligere,
914 670 1103 714 multum
1125 678 1189 713 est
1206 667 1547 728 apprehendere.
1567 667 1723 710 Retine

339 738 460 798 quod
483 753 561 797 pro
578 747 621 781 te
653 738 790 782 factus
821 749 884 782 est
900 774 910 793 ‚
936 755 1068 799 quem
1099 754 1188 782 non
1213 753 1354 797 posses
1374 752 1541 797 capere.
1568 735 1724 780 Retine

341 823 515 852 carnem
538 809 721 863 Christi,
752 810 798 851 in
819 825 951 868 quam
979 809 1191 853 levabaris
1213 818 1401 867 aegrotus
1419 843 1430 863 ,
1455 817 1498 851 et
1520 824 1542 851 a
1564 806 1724 851 vulne-

341 879 461 922 ribus
488 879 708 923 latronum
731 880 960 924 semivivus
993 879 1167 924 relictus
1183 915 1193 934 ‚
1219 889 1269 924 ut
1298 879 1350 923 ‘ad
1379 878 1598 923 stabulum
1623 893 1725 937 per-

341 939 585 992 ducereris¹
605 983 616 1000 ,
641 957 684 992 et
718 949 777 992 ibi
798 950 1020 993 sanareris.
1051 952 1165 1007 Ergo
1201 965 1426 993 curramus
1459 948 1514 992 ad
1542 949 1724 992 domum

341 1018 537 1071 Domini,
570 1027 612 1061 et
645 1020 943 1077 perveniamus
976 1019 1031 1063 ad
1059 1020 1306 1073 civitatem,
1342 1019 1419 1063 ubi
1447 1027 1562 1063 stent
1593 1017 1724 1078 pedes

343 1089 476 1133 nostri
494 1110 504 1144 3
528 1089 745 1133 civitatem
768 1109 787 1131 «
808 1093 916 1142 Quae
935 1089 1176 1134 aedificatur
1192 1100 1243 1134 ut
1263 1090 1412 1134 civitas
1428 1125 1439 1143 ,
1471 1090 1596 1149 cujus
1620 1103 1724 1147 par-

344 1177 363 1199 »
400 1159 590 1217 ticipatio
610 1160 702 1219 ejus
723 1160 768 1202 in
790 1159 993 1219 idipsum.
1022 1178 1041 1200 »
1068 1160 1182 1213 Quid
1206 1161 1318 1203 enim
1343 1159 1475 1203 debes
1495 1160 1674 1203 tenere?
1698 1176 1718 1199 »

341 1229 470 1281 Quod
491 1238 635 1287 prote
656 1228 793 1273 factus
822 1239 884 1273 est
914 1230 1133 1287 Christu53
1163 1231 1264 1290 quia
1293 1230 1383 1289 ipse
1405 1239 1468 1273 est
1497 1230 1721 1284 Christu83

341 1307 384 1341 et
404 1299 494 1357 ipse
512 1299 706 1343 Christus
724 1310 838 1344 recte
858 1300 1114 1359 intelligitur
1130 1336 1141 1355 ‚
1171 1320 1190 1343 «
1216 1304 1309 1359 Ego
1334 1316 1427 1344 sum
1451 1300 1527 1360 qui
1544 1314 1661 1353 sum⁷
1699 1316 1720 1340 »

339 1384 427 1428 quo
445 1369 575 1412 modo
598 1378 660 1412 est
682 1370 726 1413 in
745 1368 882 1413 forma
907 1371 998 1414 Dei.
1027 1371 1111 1414 Ubi
1141 1386 1230 1414 non
1262 1372 1456 1429 rapinam
1491 1370 1721 1413 arbitratus

339 1447 402 1482 est
423 1453 513 1482 esse
535 1438 714 1498 aequalis
732 1442 820 1483 Deo
834 1441 850 1463 ²
868 1474 878 1494 ‚
905 1440 964 1483 ibi
976 1449 1040 1483 est
1060 1439 1263 1500 idipsum.
1283 1443 1339 1485 Ut
1360 1449 1505 1484 autem
1523 1439 1721 1483 efficiaris

339 1518 387 1552 tu
424 1509 637 1568 particeps
673 1510 718 1553 in
740 1510 927 1569 idipsum
945 1545 955 1565 ‚
991 1510 1131 1555 factus
1167 1521 1231 1555 est
1253 1512 1342 1571 ipse
1362 1512 1481 1570 prior
1506 1511 1721 1570 particeps

340 1579 403 1622 tui
429 1598 438 1623 ς
461 1588 504 1622 et
527 1581 720 1623 Verbum
743 1596 844 1624 caro
866 1579 1030 1624 factum
1054 1590 1142 1636 est,
1169 1591 1218 1625 ut
1245 1597 1344 1626 caro
1364 1581 1592 1641 participet
1613 1584 1722 1625 Ver-

338 1648 460 1693 bum.
486 1650 597 1702 Quia
618 1665 721 1693 vero
739 1650 859 1709 quod
881 1651 1074 1694 Verbum
1103 1667 1203 1695 caro
1226 1650 1388 1695 factum
1413 1660 1500 1705 est,
1526 1660 1570 1694 et
1590 1650 1721 1694 habi—

338 1721 445 1764 tavit
465 1720 511 1763 in
534 1720 658 1764 nobis
672 1722 686 1746 3
703 1755 714 1775 ‚
740 1736 787 1763 ex
804 1722 964 1765 semine
978 1723 1096 1766 venit
1110 1723 1330 1766 Abraham
1345 1744 1355 1779 3
1376 1722 1633 1781 promissum
1652 1731 1715 1766 est

337 1799 482 1834 autern
511 1790 696 1834 Abrahae
718 1800 762 1834 et
784 1794 900 1835 Isaac
922 1801 965 1835 et
987 1792 1122 1836 Jacob
1141 1827 1152 1847 ,
1186 1793 1305 1852 quod
1327 1793 1371 1835 in
1390 1793 1551 1836 semine
1570 1807 1722 1836 eorum

335 1860 697 1904 benedicerentur
713 1876 861 1905 ornnes
875 1863 1072 1920 gentes⁴3
1095 1872 1138 1906 et
1150 1862 1252 1906 inde
1265 1863 1464 1906 videmus
1483 1862 1719 1906 Ecclesiam

340 1940 429 1975 toto
451 1932 556 1975 orbe
578 1932 781 1975 diffusam
805 1952 814 1976 :
839 1932 1036 1992 loquitur
1067 1933 1121 1977 ad
1145 1934 1337 1977 infirmos
1362 1936 1489 1977 Deus.
1519 1933 1719 1977 Firmita-

335 2010 421 2044 tem
440 2001 580 2044 cordis
603 2002 824 2060 quaesivit,
850 2017 951 2045 cum
973 2002 1163 2057 diceret,
1187 2021 1207 2043 «
1229 2006 1321 2061 Ego
1344 2018 1438 2046 sum
1462 2002 1536 2061 qui
1557 2018 1668 2046 sum.
1693 2020 1715 2045 η

334 2074 366 2114 F
372 2070 603 2114 irmitatem
645 2071 785 2115 cordis
822 2072 1019 2130 quaesivit
1037 2107 1049 2126 ,
1089 2081 1132 2115 ct
1165 2073 1301 2116 aciem
1338 2072 1716 2131 contemplationis

333 2150 519 2184 erectam
540 2175 551 2195 ‚
592 2156 691 2184 cum
714 2140 820 2185 dixit
847 2161 855 2185 :
885 2161 904 2182 «
925 2141 1011 2194 Qui
1032 2150 1124 2196 est,
1150 2142 1266 2186 misit
1292 2157 1362 2185 me
1390 2142 1445 2186 ad
1469 2157 1559 2186 vos.
1586 2160 1606 2184 >³
1630 2143 1716 2187 Sed

332 2210 529 2254 nondum
546 2211 677 2254 habes
690 2210 803 2255 forte
823 2210 1234 2270 contemplationem
1254 2231 1263 2256 ε
1280 2212 1368 2255 noli
1390 2211 1575 2256 deficere
1593 2247 1603 2266 ‚
1625 2212 1716 2256 noli

331 2279 573 2338 desperare.
600 2280 685 2332 Qui
717 2290 801 2335 est,
837 2280 974 2325 voluit
996 2296 1085 2324 esse
1111 2282 1265 2335 homo,
1292 2291 1342 2325 ut
1370 2291 1419 2325 tu
1442 2297 1485 2325 es
1518 2300 1527 2326 :
1553 2290 1596 2325 et
1614 2280 1713 2325 ideo

330 2358 502 2394 secutus
516 2351 575 2393 ait
587 2350 728 2407 Moysi
740 2351 861 2410 quasi
878 2352 1173 2410 expavescenti
1186 2367 1361 2396 nomen.
1383 2351 1511 2405 Quod
1526 2354 1715 2395 nomen?

330 2420 459 2474 Quod
480 2430 569 2475 est,
594 2440 614 2462 «
638 2424 726 2465 Est.
753 2424 809 2465 Et
828 2421 964 2477 dixit,
988 2422 1131 2482 inquit
1151 2457 1163 2478 ,
1181 2423 1389 2468 Dominus
1410 2422 1466 2467 ad
1489 2425 1676 2479 Moysen
1697 2421 1725 2478 ,¹

379 2511 386 2527 ¹
409 2507 487 2537 Luc.
507 2516 540 2547 x,
560 2504 611 2538 30.
637 2522 678 2528 —
694 2512 706 2528 ²
725 2505 836 2547 Philip.
860 2516 898 2547 11,
917 2506 950 2538 (3.
970 2523 1011 2529 --
1028 2504 1041 2528 3
1063 2508 1154 2539 Joan.
1171 2518 1193 2547 1,
1217 2505 1266 2548 14.
1287 2524 1329 2530 —-
1346 2505 1361 2536 4
1380 2510 1460 2540 Gen.
1476 2517 1555 2548 xxii,
1577 2506 1628 2539 18.
