1815 3253
368 157 453 197 510
809 169 843 194 s.
878 164 1111 196 Aucus'rrm
1142 169 1323 197 EPISCOPI

369 251 390 274 »
415 237 659 277 mansuetos
676 231 902 276 Dominus.
920 249 940 273 »
954 231 1052 278 Noli
1065 247 1167 291 ergo
1181 232 1377 278 resistere
1391 231 1594 278 adversus
1609 234 1753 281 clausa

366 303 444 347 Dei
471 322 479 347 :
500 310 751 347 mansuetus
773 310 890 357 esto,
915 310 965 346 ut
992 302 1196 361 suscipiat
1221 312 1279 348 te.
1317 303 1360 348 Si
1393 312 1538 348 autem
1565 305 1721 349 resistis
1736 340 1749 362 ‚
1772 299 1774 301 ¹

365 372 467 417 audi
490 372 611 433 quod
632 373 852 432 sequitur:
879 391 900 415 «
921 372 1165 417 Humilians
1186 382 1329 417 autem
1345 383 1592 433 peccatores
1612 391 1752 436 usque

367 461 389 485 »
424 443 481 488 ad
501 452 674 488 terram.
703 461 723 484 »
749 441 891 488 Multa
913 458 1071 502 genera
1092 452 1195 488 sunt
1215 453 1493 503 peccatorum
1513 464 1523 490 ε
1548 464 1567 487 «
1591 445 1751 492 Humi-

367 531 388 556 »
422 513 533 558 lians
554 522 700 558 autem
723 522 968 573 peccatores
985 528 1124 574 usque
1145 514 1203 558 ad
1223 516 1405 559 terram1
1429 534 1439 560 :
1462 533 1482 557 »
1514 531 1623 575 quos
1646 531 1752 575 pec-

365 594 530 629 catores
547 620 558 640 ,
583 584 663 628 nisi
680 583 920 629 contrarios
941 585 1200 629 mansuetis?
1218 588 1284 630 Ex
1295 601 1346 631 eo
1362 587 1525 647 quippe
1541 586 1662 647 quod
1673 587 1748 643 ait,
1780 585 1784 589 ’

369 675 389 698 «
426 657 671 715 Suscipiens
692 664 939 710 mansuetos
961 656 1188 712 Dominus,
1214 657 1449 703 humilians
1472 667 1618 702 autem
1644 674 1749 718 pec-

367 744 388 768 »
423 735 588 770 catores
609 741 749 786 usque
771 725 826 770 ad
842 734 1026 771 terram:
1048 744 1068 768 >›
1085 726 1272 786 speciem
1293 727 1529 787 quamdam
1548 737 1753 787 peccato-

364 812 462 840 rum
484 812 535 840 ex
555 795 764 856 praedicta
780 795 1116 841 mansuetudine
1130 795 1272 842 voluit
1284 796 1482 856 intelligi.
1502 801 1754 843 Peccatores

363 883 464 926 ergo
486 869 569 913 hoc
590 868 688 913 loco
705 868 914 923 immites,
940 877 984 913 et
1000 883 1071 913 eos
1090 869 1167 929 qui
1189 869 1403 913 mansueti
1420 885 1510 914 non
1527 879 1656 926 sunt,
1680 870 1752 914 in-

362 939 614 998 telligimus.
629 942 773 993 Quare
784 939 985 984 humiliat
999 955 1137 1000 usque
1148 939 1205 984 ad
1216 941 1754 1000 terramYReprehendunt

361 1010 651 1068 intelligibilia
667 1045 679 1066 ,
704 1019 876 1054 terrena
898 1010 1065 1054 sensuri
1086 1019 1204 1054 sunt.

420 1083 547 1125 XIII.
574 1083 668 1125 Hoc
691 1080 797 1125 fecit
816 1080 1068 1125 hominibus
1081 1115 1092 1137 ,
1112 1081 1189 1140 qui
1209 1080 1444 1125 voluerunt
1463 1079 1643 1125 irridere
1666 1083 1751 1126 Le-

363 1167 461 1210 gem
484 1161 720 1211 antequam
742 1160 918 1196 nossent
945 1170 953 1196 z
975 1167 1066 1196 non
1082 1151 1198 1195 enim
1220 1149 1400 1196 suerunt
1421 1152 1650 1196 mansueti.
1672 1155 1751 1197 In-

362 1221 530 1280 telligat
546 1222 742 1266 Charitas
752 1224 920 1265 Vestra.
947 1221 1100 1266 Existit
1114 1221 1318 1281 quaedam
1334 1223 1622 1281 perditissima
1638 1234 1752 1268 secta

361 1293 705 1338 Manichaeorum
727 1301 972 1352 ‚acceptas
1007 1292 1248 1351 Scripturas
1280 1301 1323 1336 et
1343 1291 1475 1337 lectas
1495 1293 1655 1338 irrisit:
1680 1309 1752 1338 re-

361 1362 632 1422 prehendere
664 1361 808 1408 voluit
844 1360 965 1422 quod
987 1377 1077 1406 non
1099 1360 1393 1420 intelligebat,
1418 1371 1462 1406 et
1494 1363 1760 1422 exagitando·

362 1442 406 1477 et
426 1432 788 1492 reprehendendo
810 1448 902 1477 non
918 1431 1148 1476 >intellecta
1164 1466 1175 1487 ,
1191 1431 1352 1477 multos
1374 1431 1641 1493 illaqueavit.
1666 1434 1752 1479 Sed

361 1503 579 1547 humiliati
600 1512 703 1547 sunt
724 1503 801 1563 qui
817 1502 901 1547 hoc
912 1501 1054 1547 facere
1074 1501 1326 1558 voluerunt,
1347 1517 1487 1563 usque
1501 1502 1557 1547 ad
1573 1512 1746 1548 terram.

360 1577 458 1620 Non
479 1584 581 1619 sunt
599 1574 794 1634 pe‘rmissi
815 1572 1056 1631 intelligere
1074 1571 1282 1629 coelestia,
1304 1582 1477 1618 terrena
1490 1583 1746 1633 sapuerunt.
1774 1582 1778 1627 J

361 1644 588 1705 Quidquid
609 1644 732 1688 audis
769 1644 816 1687 in
836 1643 997 1688 fabulis
1015 1644 1208 1703 ipsorum
1228 1678 1239 1699 ,
1279 1643 1453 1688 nonnisi
1480 1644 1749 1704 blasphemia
1810 1688 1811 1691 ,

360 1724 439 1770 est,
455 1725 498 1760 et
514 1714 716 1775 quaedam
730 1715 938 1773 figmenta
955 1714 1199 1773 imaginum
1215 1714 1507 1774 corporalium
1525 1734 1533 1760 :
1548 1715 1750 1776 quando·
1814 1742 1815 1750 κ

359 1786 540 1847 quidem
562 1785 758 1831 volentes
778 1784 1018 1842 intelligere
1046 1788 1209 1841 Deum,
1249 1800 1388 1845 usque
1409 1784 1465 1829 ad
1494 1784 1604 1830 lucis
1627 1787 1749 1831 istius

359 1857 536 1902 visibilis
554 1858 862 1916 cogitationem
885 1865 1125 1912 venerunt,
1148 1855 1263 1900 ultra
1284 1856 1346 1900 ire
1369 1871 1458 1900 non
1481 1866 1746 1917 potuerunt3

359 1938 403 1973 et
422 1928 527 1973 tales
549 1943 725 1987 campos
744 1926 852 1971 lucis
874 1925 1075 1971 fecerunt
1095 1927 1140 1970 in
1161 1941 1295 1984 regno
1314 1927 1414 1982 Dei,
1435 1927 1608 1987 qualem
1626 1927 1748 1973 vide-

357 1998 464 2043 bant
484 2000 603 2043 hunc
618 1996 926 2056 solem,<quasi
948 1996 1140 2041 fructum
1154 1996 1262 2041 lucis
1278 1995 1407 2040 illius.
1426 2000 1747 2048 Totum²autem
1805 2017 1815 2048 ,ς

356 2070 442 2114 hoc
463 2068 585 2129 quod
605 2083 683 2128 per
699 2077 862 2112 terram
884 2067 1023 2111 carnis
1044 2067 1259 2125 tangitur,
1285 2076 1398 2110 terra
1426 2077 1490 2111 est
1521 2070 1627 2112 Deo.
1654 2071 1746 2113 Ha-

321 2136 325 2140 ’
357 2140 512 2184 bemus
533 2139 651 2183 enim
671 2137 790 2182 unde
811 2136 1056 2191 videamus,
1080 2135 1199 2180 unde
1221 2135 1471 2192 audiamus,
1495 2137 1613 2182 unde
1635 2138 1746 2184 odo-

358 2225 503 2254 remus
524 2244 534 2264 ,
559 2207 679 2252 unde
713 2216 958 2265 gustemus,
998 2205 1118 2249 unde
1150 2215 1391 2263 tangamus.
1417 2208 1529 2252 Caro
1555 2207 1634 2253 ista
1668 2224 1747 2269 per

356 2280 549 2341 quinque
566 2278 742 2324 nuntios
764 2276 980 2338 quosdam
1001 2312 1012 2332 ,
1038 2292 1147 2337 quos
1164 2277 1431 2337 appellamus
1448 2294 1617 2336 sensus,
1641 2296 1744 2340 per-
1812 2287 1815 2292 '

356 2352 461 2411 cipit
503 2349 676 2395 nonnisi
697 2348 940 2408 corporalia
973 2347 1296 2406 :intelligibilia
1332 2364 1434 2393 vero
1458 2359 1501 2394 et
1537 2350 1743 2410 spiritalia

355 2430 501 2465 mente
514 2421 761 2480 capiuntur.
772 2419 884 2472 Quia
908 2432 1009 2476 ergo
1020 2417 1083 2462 illi
1093 2418 1402 2464 obscuritatem
1417 2421 1740 2481 Scripturarum

399 2512 408 2529 ¹
431 2503 513 2539 Psal.
530 2513 634 2546 exui,
654 2503 687 2536 6.
