<?xml version="1.0" encoding="UTF-8"?>
<!DOCTYPE html PUBLIC "-//W3C//DTD XHTML 1.0 Transitional//EN"
    "http://www.w3.org/TR/xhtml1/DTD/xhtml1-transitional.dtd">
<html xmlns="http://www.w3.org/1999/xhtml" xml:lang="en" lang="en">
 <head>
  <title>
</title>
<meta http-equiv="Content-Type" content="text/html;charset=utf-8" />
  <meta name='ocr-system' content='tesseract 3.04.00' />
  <meta name='ocr-capabilities' content='ocr_page ocr_carea ocr_par ocr_line ocrx_word'/>
</head>
<body>
  <div class='ocr_page' id='page_1' title='image "./operaomniaaccura12auguuoft_0060.png"; bbox 0 0 1815 3253; ppageno 0'>
   <div class='ocr_carea' id='block_1_1' title="bbox 332 244 1276 283">
    <p class='ocr_par' dir='ltr' id='par_1_1' title="bbox 332 244 1276 283">
     <span class='ocr_line' id='line_1_1' title="bbox 332 244 1276 283; baseline 0.001 -1"><span class='ocrx_word' id='word_1_1' title='bbox 332 244 387 282; x_wconf 79' lang='lat'>50</span> <span class='ocrx_word' id='word_1_2' title='bbox 767 256 799 281; x_wconf 90' lang='lat' dir='ltr'>s.</span> <span class='ocrx_word' id='word_1_3' title='bbox 836 252 1064 282; x_wconf 73' lang='lat' dir='ltr'>Auous‘nm</span> <span class='ocrx_word' id='word_1_4' title='bbox 1097 256 1276 283; x_wconf 72' lang='lat' dir='ltr'>EPISCOPI</span> 
     </span>
    </p>
   </div>
   <div class='ocr_carea' id='block_1_2' title="bbox 321 318 1762 942">
    <p class='ocr_par' dir='ltr' id='par_1_2' title="bbox 321 318 1762 942">
     <span class='ocr_line' id='line_1_2' title="bbox 331 318 1710 379; baseline 0.001 -17"><span class='ocrx_word' id='word_1_5' title='bbox 331 319 551 379; x_wconf 77' lang='lat' dir='ltr'>quomodo</span> <span class='ocrx_word' id='word_1_6' title='bbox 570 319 680 363; x_wconf 80' lang='lat' dir='ltr'>servi</span> <span class='ocrx_word' id='word_1_7' title='bbox 703 328 745 362; x_wconf 88' lang='lat' dir='ltr'>et</span> <span class='ocrx_word' id='word_1_8' title='bbox 762 318 930 362; x_wconf 81' lang='lat' dir='ltr'>ancilla.</span> <span class='ocrx_word' id='word_1_9' title='bbox 957 319 1130 364; x_wconf 84' lang='lat' dir='ltr'>Dictum</span> <span class='ocrx_word' id='word_1_10' title='bbox 1153 328 1216 363; x_wconf 86' lang='lat' dir='ltr'>est</span> <span class='ocrx_word' id='word_1_11' title='bbox 1238 319 1437 378; x_wconf 83' lang='lat' dir='ltr'>quidem,</span> <span class='ocrx_word' id='word_1_12' title='bbox 1468 337 1487 360; x_wconf 87' lang='lat'>«</span> <span class='ocrx_word' id='word_1_13' title='bbox 1512 322 1607 363; x_wconf 91' lang='lat' dir='ltr'>Non</span> <span class='ocrx_word' id='word_1_14' title='bbox 1634 334 1710 363; x_wconf 88' lang='lat' dir='ltr'>vos</span> 
     </span>
     <span class='ocr_line' id='line_1_3' title="bbox 332 387 1708 447; baseline 0.001 -17"><span class='ocrx_word' id='word_1_15' title='bbox 332 407 352 431; x_wconf 84' lang='lat'>»</span> <span class='ocrx_word' id='word_1_16' title='bbox 388 389 529 434; x_wconf 85' lang='lat' dir='ltr'>dicam</span> <span class='ocrx_word' id='word_1_17' title='bbox 552 404 694 433; x_wconf 85' lang='lat' dir='ltr'>servos</span> <span class='ocrx_word' id='word_1_18' title='bbox 710 423 720 443; x_wconf 88' lang='lat'><strong>‚</strong></span> <span class='ocrx_word' id='word_1_19' title='bbox 744 387 822 431; x_wconf 83' lang='lat' dir='ltr'>scd</span> <span class='ocrx_word' id='word_1_20' title='bbox 847 388 1003 432; x_wconf 87' lang='lat' dir='ltr'>amicos</span> <span class='ocrx_word' id='word_1_21' title='bbox 1019 391 1058 434; x_wconf 76' lang='lat'>¹:</span> <span class='ocrx_word' id='word_1_22' title='bbox 1087 408 1106 430; x_wconf 89' lang='lat'>»</span> <span class='ocrx_word' id='word_1_23' title='bbox 1134 389 1207 433; x_wconf 87' lang='lat' dir='ltr'>sed</span> <span class='ocrx_word' id='word_1_24' title='bbox 1231 390 1341 447; x_wconf 82' lang='lat' dir='ltr'>forte</span> <span class='ocrx_word' id='word_1_25' title='bbox 1365 389 1463 433; x_wconf 84' lang='lat' dir='ltr'>solis</span> <span class='ocrx_word' id='word_1_26' title='bbox 1482 388 1708 447; x_wconf 81' lang='lat' dir='ltr'>Discipulis</span> 
     </span>
     <span class='ocr_line' id='line_1_4' title="bbox 327 456 1758 517; baseline -0.001 -14"><span class='ocrx_word' id='word_1_27' title='bbox 327 459 434 503; x_wconf 81' lang='lat' dir='ltr'><strong>dixit</strong></span> <span class='ocrx_word' id='word_1_28' title='bbox 466 459 702 503; x_wconf 78' lang='lat' dir='ltr'>Dominus?</span> <span class='ocrx_word' id='word_1_29' title='bbox 740 456 900 502; x_wconf 86' lang='lat' dir='ltr'>Audite</span> <span class='ocrx_word' id='word_1_30' title='bbox 944 459 1187 517; x_wconf 86' lang='lat' dir='ltr'>apostolum</span> <span class='ocrx_word' id='word_1_31' title='bbox 1229 459 1414 502; x_wconf 88' lang='lat' dir='ltr'>Paulum</span> <span class='ocrx_word' id='word_1_32' title='bbox 1462 458 1680 502; x_wconf 88' lang='lat' dir='ltr'>dicentem</span> <span class='ocrx_word' id='word_1_33' title='bbox 1694 481 1711 512; x_wconf 70' lang='lat'>3-</span> <span class='ocrx_word' id='word_1_34' title='bbox 1754 468 1758 473; x_wconf 90' lang='grc'><em>“</em></span> 
     </span>
     <span class='ocr_line' id='line_1_5' title="bbox 328 527 1709 590; baseline -0.001 -18"><span class='ocrx_word' id='word_1_35' title='bbox 328 548 349 572; x_wconf 90' lang='lat'>«</span> <span class='ocrx_word' id='word_1_36' title='bbox 385 533 538 590; x_wconf 85' lang='lat' dir='ltr'>Itaque</span> <span class='ocrx_word' id='word_1_37' title='bbox 552 530 657 589; x_wconf 77' lang='lat' dir='ltr'>jam,</span> <span class='ocrx_word' id='word_1_38' title='bbox 677 528 837 588; x_wconf 84' lang='lat' dir='ltr'>inquit,</span> <span class='ocrx_word' id='word_1_39' title='bbox 853 543 943 571; x_wconf 93' lang='lat' dir='ltr'>non</span> <span class='ocrx_word' id='word_1_40' title='bbox 964 539 1027 573; x_wconf 91' lang='lat' dir='ltr'>est</span> <span class='ocrx_word' id='word_1_41' title='bbox 1048 544 1215 584; x_wconf 85' lang='lat' dir='ltr'>servus,</span> <span class='ocrx_word' id='word_1_42' title='bbox 1243 527 1319 572; x_wconf 87' lang='lat' dir='ltr'>sed</span> <span class='ocrx_word' id='word_1_43' title='bbox 1341 528 1456 572; x_wconf 89' lang='lat' dir='ltr'>filius</span> <span class='ocrx_word' id='word_1_44' title='bbox 1474 548 1485 585; x_wconf 99' lang='lat'>3</span> <span class='ocrx_word' id='word_1_45' title='bbox 1509 528 1543 572; x_wconf 92' lang='lat' dir='ltr'>si</span> <span class='ocrx_word' id='word_1_46' title='bbox 1563 537 1709 571; x_wconf 88' lang='lat' dir='ltr'>autem</span> 
     </span>
     <span class='ocr_line' id='line_1_6' title="bbox 324 597 1710 658; baseline -0.001 -16"><span class='ocrx_word' id='word_1_47' title='bbox 324 619 344 642; x_wconf 88' lang='lat'>»</span> <span class='ocrx_word' id='word_1_48' title='bbox 379 600 511 655; x_wconf 85' lang='lat' dir='ltr'>filius,</span> <span class='ocrx_word' id='word_1_49' title='bbox 538 609 583 643; x_wconf 89' lang='lat' dir='ltr'>et</span> <span class='ocrx_word' id='word_1_50' title='bbox 602 600 739 643; x_wconf 76' lang='lat' dir='ltr'>haeres</span> <span class='ocrx_word' id='word_1_51' title='bbox 762 614 838 658; x_wconf 86' lang='lat' dir='ltr'>per</span> <span class='ocrx_word' id='word_1_52' title='bbox 854 602 991 643; x_wconf 90' lang='lat' dir='ltr'>Deum</span> <span class='ocrx_word' id='word_1_53' title='bbox 1006 602 1037 642; x_wconf 73' lang='lat'>2.</span> <span class='ocrx_word' id='word_1_54' title='bbox 1058 617 1077 640; x_wconf 89' lang='lat'>»</span> <span class='ocrx_word' id='word_1_55' title='bbox 1100 599 1268 658; x_wconf 85' lang='lat' dir='ltr'>Populo</span> <span class='ocrx_word' id='word_1_56' title='bbox 1289 598 1483 653; x_wconf 81' lang='lat' dir='ltr'>dicebat,</span> <span class='ocrx_word' id='word_1_57' title='bbox 1507 597 1710 642; x_wconf 86' lang='lat' dir='ltr'>fidelibus</span> 
     </span>
     <span class='ocr_line' id='line_1_7' title="bbox 323 668 1762 729; baseline -0.003 -14"><span class='ocrx_word' id='word_1_58' title='bbox 323 670 509 715; x_wconf 89' lang='lat' dir='ltr'>dicebat.</span> <span class='ocrx_word' id='word_1_59' title='bbox 535 672 632 714; x_wconf 88' lang='lat' dir='ltr'>Jam</span> <span class='ocrx_word' id='word_1_60' title='bbox 656 685 759 729; x_wconf 84' lang='lat' dir='ltr'>ergo</span> <span class='ocrx_word' id='word_1_61' title='bbox 780 670 827 713; x_wconf 89' lang='lat' dir='ltr'>in</span> <span class='ocrx_word' id='word_1_62' title='bbox 853 669 1029 713; x_wconf 83' lang='lat' dir='ltr'>nomine</span> <span class='ocrx_word' id='word_1_63' title='bbox 1058 670 1232 714; x_wconf 89' lang='lat' dir='ltr'>Domini</span> <span class='ocrx_word' id='word_1_64' title='bbox 1265 668 1478 728; x_wconf 83' lang='lat' dir='ltr'>redempti</span> <span class='ocrx_word' id='word_1_65' title='bbox 1499 668 1710 727; x_wconf 82' lang='lat' dir='ltr'>sanguine</span> <span class='ocrx_word' id='word_1_66' title='bbox 1759 685 1762 688; x_wconf 85' lang='lat'><strong>·</strong></span> 
     </span>
     <span class='ocr_line' id='line_1_8' title="bbox 321 738 1710 800; baseline -0.002 -16"><span class='ocrx_word' id='word_1_67' title='bbox 321 740 454 800; x_wconf 90' lang='lat' dir='ltr'>ipsius</span> <span class='ocrx_word' id='word_1_68' title='bbox 469 775 480 795; x_wconf 93' lang='lat'><strong>‚</strong></span> <span class='ocrx_word' id='word_1_69' title='bbox 504 739 584 785; x_wconf 90' lang='lat' dir='ltr'>loti</span> <span class='ocrx_word' id='word_1_70' title='bbox 605 739 776 784; x_wconf 83' lang='lat' dir='ltr'>lavacro</span> <span class='ocrx_word' id='word_1_71' title='bbox 797 740 929 798; x_wconf 90' lang='lat' dir='ltr'>ipsius</span> <span class='ocrx_word' id='word_1_72' title='bbox 946 774 958 795; x_wconf 85' lang='lat'>,</span> <span class='ocrx_word' id='word_1_73' title='bbox 983 739 1061 783; x_wconf 89' lang='lat' dir='ltr'>filii</span> <span class='ocrx_word' id='word_1_74' title='bbox 1082 755 1232 784; x_wconf 88' lang='lat' dir='ltr'>sumus</span> <span class='ocrx_word' id='word_1_75' title='bbox 1249 773 1260 794; x_wconf 83' lang='lat'>,</span> <span class='ocrx_word' id='word_1_76' title='bbox 1276 738 1391 782; x_wconf 85' lang='lat' dir='ltr'>filius</span> <span class='ocrx_word' id='word_1_77' title='bbox 1410 753 1557 782; x_wconf 89' lang='lat' dir='ltr'>sumus</span> <span class='ocrx_word' id='word_1_78' title='bbox 1574 757 1582 782; x_wconf 95' lang='lat'><strong>:</strong></span> <span class='ocrx_word' id='word_1_79' title='bbox 1608 738 1710 798; x_wconf 87' lang='lat' dir='ltr'>quia</span> 
     </span>
     <span class='ocr_line' id='line_1_9' title="bbox 322 808 1712 868; baseline -0.003 -12"><span class='ocrx_word' id='word_1_80' title='bbox 322 811 382 856; x_wconf 89' lang='lat' dir='ltr'>sic</span> <span class='ocrx_word' id='word_1_81' title='bbox 403 811 531 856; x_wconf 89' lang='lat' dir='ltr'>multi</span> <span class='ocrx_word' id='word_1_82' title='bbox 553 826 729 866; x_wconf 78' lang='lat' dir='ltr'>sumus,</span> <span class='ocrx_word' id='word_1_83' title='bbox 762 819 813 854; x_wconf 89' lang='lat' dir='ltr'>ut</span> <span class='ocrx_word' id='word_1_84' title='bbox 839 810 886 854; x_wconf 91' lang='lat' dir='ltr'>in</span> <span class='ocrx_word' id='word_1_85' title='bbox 906 810 983 854; x_wconf 92' lang='lat' dir='ltr'>illo</span> <span class='ocrx_word' id='word_1_86' title='bbox 1009 826 1122 854; x_wconf 91' lang='lat' dir='ltr'>unus</span> <span class='ocrx_word' id='word_1_87' title='bbox 1158 810 1306 854; x_wconf 86' lang='lat' dir='ltr'>simus.</span> <span class='ocrx_word' id='word_1_88' title='bbox 1339 808 1455 862; x_wconf 86' lang='lat' dir='ltr'>Quid</span> <span class='ocrx_word' id='word_1_89' title='bbox 1491 824 1594 868; x_wconf 83' lang='lat' dir='ltr'>ergo</span> <span class='ocrx_word' id='word_1_90' title='bbox 1629 809 1712 853; x_wconf 90' lang='lat' dir='ltr'>sibi</span> 
     </span>
     <span class='ocr_line' id='line_1_10' title="bbox 322 879 1712 942; baseline -0.002 -16"><span class='ocrx_word' id='word_1_91' title='bbox 322 882 440 937; x_wconf 84' lang='lat' dir='ltr'>vult,</span> <span class='ocrx_word' id='word_1_92' title='bbox 476 881 598 942; x_wconf 89' lang='lat' dir='ltr'>quod</span> <span class='ocrx_word' id='word_1_93' title='bbox 635 880 779 925; x_wconf 90' lang='lat' dir='ltr'>adhuc</span> <span class='ocrx_word' id='word_1_94' title='bbox 812 889 1023 941; x_wconf 85' lang='lat' dir='ltr'><strong>tanquam</strong></span> <span class='ocrx_word' id='word_1_95' title='bbox 1053 881 1162 925; x_wconf 86' lang='lat' dir='ltr'>servi</span> <span class='ocrx_word' id='word_1_96' title='bbox 1197 879 1451 940; x_wconf 75' lang='lat' dir='ltr'>loquimur?</span> <span class='ocrx_word' id='word_1_97' title='bbox 1485 879 1712 939; x_wconf 85' lang='lat' dir='ltr'>Numquid</span> 
     </span>
    </p>
   </div>
   <div class='ocr_carea' id='block_1_3' title="bbox 323 949 1778 1011">
    <p class='ocr_par' dir='ltr' id='par_1_3' title="bbox 323 949 1778 1011">
     <span class='ocr_line' id='line_1_11' title="bbox 323 949 1778 1011; baseline -0.001 -15"><span class='ocrx_word' id='word_1_98' title='bbox 323 961 496 996; x_wconf 86' lang='lat' dir='ltr'>tantum</span> <span class='ocrx_word' id='word_1_99' title='bbox 517 949 721 995; x_wconf 85' lang='lat' dir='ltr'>meritum</span> <span class='ocrx_word' id='word_1_100' title='bbox 742 950 904 995; x_wconf 87' lang='lat' dir='ltr'>habere</span> <span class='ocrx_word' id='word_1_101' title='bbox 930 966 1159 1011; x_wconf 82' lang='lat' dir='ltr'>possumus</span> <span class='ocrx_word' id='word_1_102' title='bbox 1183 951 1230 995; x_wconf 92' lang='lat' dir='ltr'>in</span> <span class='ocrx_word' id='word_1_103' title='bbox 1257 950 1450 995; x_wconf 78' lang='lat' dir='ltr'>Ecclesia</span> <span class='ocrx_word' id='word_1_104' title='bbox 1467 985 1478 1006; x_wconf 72' lang='lat'>3</span> <span class='ocrx_word' id='word_1_105' title='bbox 1515 950 1712 1010; x_wconf 86' lang='lat' dir='ltr'>quamvis</span> <span class='ocrx_word' id='word_1_106' title='bbox 1775 979 1778 984; x_wconf 97' lang='lat'>-</span> 
     </span>
    </p>
   </div>
   <div class='ocr_carea' id='block_1_4' title="bbox 317 1021 1774 1994">
    <p class='ocr_par' dir='ltr' id='par_1_4' title="bbox 317 1021 1774 1925">
     <span class='ocr_line' id='line_1_12' title="bbox 318 1021 1713 1084; baseline -0.001 -17"><span class='ocrx_word' id='word_1_107' title='bbox 318 1024 410 1084; x_wconf 83' lang='lat' dir='ltr'>jam</span> <span class='ocrx_word' id='word_1_108' title='bbox 428 1021 505 1066; x_wconf 85' lang='lat' dir='ltr'>filii</span> <span class='ocrx_word' id='word_1_109' title='bbox 537 1022 641 1067; x_wconf 84' lang='lat' dir='ltr'>sacti</span> <span class='ocrx_word' id='word_1_110' title='bbox 672 1038 725 1065; x_wconf 86' lang='lat' dir='ltr'>ex</span> <span class='ocrx_word' id='word_1_111' title='bbox 756 1022 909 1077; x_wconf 77' lang='lat' dir='ltr'>servis,</span> <span class='ocrx_word' id='word_1_112' title='bbox 935 1032 1148 1082; x_wconf 86' lang='lat' dir='ltr'>quantum</span> <span class='ocrx_word' id='word_1_113' title='bbox 1184 1023 1341 1066; x_wconf 84' lang='lat' dir='ltr'>habuit</span> <span class='ocrx_word' id='word_1_114' title='bbox 1373 1022 1464 1081; x_wconf 84' lang='lat' dir='ltr'>ipse</span> <span class='ocrx_word' id='word_1_115' title='bbox 1495 1021 1713 1081; x_wconf 83' lang='lat' dir='ltr'>apostolus</span> 
     </span>
     <span class='ocr_line' id='line_1_13' title="bbox 329 1092 1714 1153; baseline -0.001 -16"><span class='ocrx_word' id='word_1_116' title='bbox 329 1093 516 1138; x_wconf 74' lang='lat' dir='ltr'>Paulus?</span> <span class='ocrx_word' id='word_1_117' title='bbox 538 1096 596 1137; x_wconf 91' lang='lat' dir='ltr'>Et</span> <span class='ocrx_word' id='word_1_118' title='bbox 615 1102 762 1137; x_wconf 87' lang='lat' dir='ltr'>tamen</span> <span class='ocrx_word' id='word_1_119' title='bbox 779 1093 886 1152; x_wconf 87' lang='lat' dir='ltr'>quid</span> <span class='ocrx_word' id='word_1_120' title='bbox 907 1092 1014 1137; x_wconf 87' lang='lat' dir='ltr'>dicit</span> <span class='ocrx_word' id='word_1_121' title='bbox 1034 1094 1078 1137; x_wconf 89' lang='lat' dir='ltr'>in</span> <span class='ocrx_word' id='word_1_122' title='bbox 1098 1092 1291 1153; x_wconf 79' lang='lat' dir='ltr'>Epistola</span> <span class='ocrx_word' id='word_1_123' title='bbox 1309 1095 1358 1136; x_wconf 76' lang='lat' dir='ltr'>P«</span> <span class='ocrx_word' id='word_1_124' title='bbox 1381 1092 1540 1137; x_wconf 87' lang='lat' dir='ltr'>Paulus</span> <span class='ocrx_word' id='word_1_125' title='bbox 1567 1107 1714 1136; x_wconf 82' lang='lat' dir='ltr'>servus</span> 
     </span>
     <span class='ocr_line' id='line_1_14' title="bbox 325 1163 1710 1222; baseline 0.001 -17"><span class='ocrx_word' id='word_1_126' title='bbox 325 1181 346 1205; x_wconf 70' lang='lat' dir='ltr'>n</span> <span class='ocrx_word' id='word_1_127' title='bbox 382 1164 543 1209; x_wconf 81' lang='lat' dir='ltr'>Christi</span> <span class='ocrx_word' id='word_1_128' title='bbox 565 1166 667 1207; x_wconf 89' lang='lat' dir='ltr'>Jesu</span> <span class='ocrx_word' id='word_1_129' title='bbox 681 1165 761 1206; x_wconf 85' lang='grc'>3.»</span> <span class='ocrx_word' id='word_1_130' title='bbox 790 1164 831 1208; x_wconf 90' lang='lat' dir='ltr'>Si</span> <span class='ocrx_word' id='word_1_131' title='bbox 849 1163 922 1207; x_wconf 86' lang='lat' dir='ltr'>ille</span> <span class='ocrx_word' id='word_1_132' title='bbox 939 1179 983 1207; x_wconf 89' lang='lat' dir='ltr'>se</span> <span class='ocrx_word' id='word_1_133' title='bbox 1005 1165 1149 1207; x_wconf 87' lang='lat' dir='ltr'>adhuc</span> <span class='ocrx_word' id='word_1_134' title='bbox 1161 1163 1265 1207; x_wconf 86' lang='lat' dir='ltr'>dicit</span> <span class='ocrx_word' id='word_1_135' title='bbox 1281 1178 1473 1218; x_wconf 82' lang='lat' dir='ltr'>servum⁷</span> <span class='ocrx_word' id='word_1_136' title='bbox 1489 1178 1565 1222; x_wconf 84' lang='lat' dir='ltr'>per</span> <span class='ocrx_word' id='word_1_137' title='bbox 1582 1177 1710 1222; x_wconf 87' lang='lat' dir='ltr'>quem</span> 
     </span>
     <span class='ocr_line' id='line_1_15' title="bbox 322 1233 1713 1294; baseline 0 -17"><span class='ocrx_word' id='word_1_138' title='bbox 322 1234 449 1278; x_wconf 79' lang='lat' dir='ltr'>nobis</span> <span class='ocrx_word' id='word_1_139' title='bbox 471 1233 760 1292; x_wconf 82' lang='lat' dir='ltr'>Evangelium</span> <span class='ocrx_word' id='word_1_140' title='bbox 781 1233 1068 1292; x_wconf 76' lang='lat' dir='ltr'>praedicatum</span> <span class='ocrx_word' id='word_1_141' title='bbox 1088 1243 1152 1278; x_wconf 88' lang='lat' dir='ltr'>est</span> <span class='ocrx_word' id='word_1_142' title='bbox 1172 1255 1183 1292; x_wconf 92' lang='lat'>3</span> <span class='ocrx_word' id='word_1_143' title='bbox 1208 1243 1373 1294; x_wconf 88' lang='lat' dir='ltr'>quanto</span> <span class='ocrx_word' id='word_1_144' title='bbox 1396 1235 1531 1292; x_wconf 81' lang='lat' dir='ltr'>magis</span> <span class='ocrx_word' id='word_1_145' title='bbox 1550 1249 1627 1277; x_wconf 88' lang='lat' dir='ltr'>nos</span> <span class='ocrx_word' id='word_1_146' title='bbox 1642 1233 1713 1277; x_wconf 86' lang='lat' dir='ltr'>de·</span> 
     </span>
     <span class='ocr_line' id='line_1_16' title="bbox 323 1303 1774 1364; baseline -0.002 -15"><span class='ocrx_word' id='word_1_147' title='bbox 323 1306 475 1350; x_wconf 87' lang='lat' dir='ltr'>bemus</span> <span class='ocrx_word' id='word_1_148' title='bbox 503 1318 736 1363; x_wconf 80' lang='lat' dir='ltr'>agnoscere</span> <span class='ocrx_word' id='word_1_149' title='bbox 761 1304 1057 1348; x_wconf 87' lang='lat' dir='ltr'>conditionem</span> <span class='ocrx_word' id='word_1_150' title='bbox 1091 1314 1312 1359; x_wconf 80' lang='lat' dir='ltr'>nostram,</span> <span class='ocrx_word' id='word_1_151' title='bbox 1347 1313 1396 1348; x_wconf 91' lang='lat' dir='ltr'>ut</span> <span class='ocrx_word' id='word_1_152' title='bbox 1425 1305 1560 1364; x_wconf 83' lang='lat' dir='ltr'>major</span> <span class='ocrx_word' id='word_1_153' title='bbox 1589 1304 1643 1347; x_wconf 87' lang='lat' dir='ltr'>sit</span> <span class='ocrx_word' id='word_1_154' title='bbox 1663 1303 1709 1346; x_wconf 89' lang='lat' dir='ltr'>in</span> <span class='ocrx_word' id='word_1_155' title='bbox 1771 1331 1774 1341; x_wconf 55' lang='grc' dir='ltr'><em>ι</em></span> 
     </span>
     <span class='ocr_line' id='line_1_17' title="bbox 323 1373 1712 1434; baseline -0.001 -16"><span class='ocrx_word' id='word_1_156' title='bbox 323 1374 449 1418; x_wconf 82' lang='lat' dir='ltr'>nobis</span> <span class='ocrx_word' id='word_1_157' title='bbox 467 1374 602 1432; x_wconf 81' lang='lat' dir='ltr'>gratia</span> <span class='ocrx_word' id='word_1_158' title='bbox 635 1374 800 1433; x_wconf 80' lang='lat' dir='ltr'>ipsius?</span> <span class='ocrx_word' id='word_1_159' title='bbox 818 1374 964 1417; x_wconf 80' lang='lat' dir='ltr'>Primo</span> <span class='ocrx_word' id='word_1_160' title='bbox 985 1374 1101 1417; x_wconf 86' lang='lat' dir='ltr'>enim</span> <span class='ocrx_word' id='word_1_161' title='bbox 1134 1389 1277 1419; x_wconf 85' lang='lat' dir='ltr'>servos</span> <span class='ocrx_word' id='word_1_162' title='bbox 1301 1374 1404 1418; x_wconf 77' lang='lat' dir='ltr'>fecit</span> <span class='ocrx_word' id='word_1_163' title='bbox 1419 1409 1430 1429; x_wconf 75' lang='lat'>3</span> <span class='ocrx_word' id='word_1_164' title='bbox 1455 1389 1564 1434; x_wconf 90' lang='lat' dir='ltr'>quos</span> <span class='ocrx_word' id='word_1_165' title='bbox 1584 1373 1712 1417; x_wconf 85' lang='lat' dir='ltr'>rede-</span> 
     </span>
     <span class='ocr_line' id='line_1_18' title="bbox 321 1442 1711 1503; baseline -0.001 -15"><span class='ocrx_word' id='word_1_166' title='bbox 321 1445 415 1488; x_wconf 88' lang='lat' dir='ltr'>mit.</span> <span class='ocrx_word' id='word_1_167' title='bbox 445 1444 627 1502; x_wconf 81' lang='lat' dir='ltr'>Sanguis</span> <span class='ocrx_word' id='word_1_168' title='bbox 649 1444 766 1487; x_wconf 89' lang='lat' dir='ltr'>enim</span> <span class='ocrx_word' id='word_1_169' title='bbox 789 1442 862 1486; x_wconf 88' lang='lat' dir='ltr'>ille</span> <span class='ocrx_word' id='word_1_170' title='bbox 884 1459 963 1502; x_wconf 87' lang='lat' dir='ltr'>pro</span> <span class='ocrx_word' id='word_1_171' title='bbox 985 1444 1116 1488; x_wconf 83' lang='lat' dir='ltr'>servis</span> <span class='ocrx_word' id='word_1_172' title='bbox 1130 1445 1319 1503; x_wconf 84' lang='lat' dir='ltr'>pretium</span> <span class='ocrx_word' id='word_1_173' title='bbox 1336 1453 1400 1488; x_wconf 90' lang='lat' dir='ltr'>est</span> <span class='ocrx_word' id='word_1_174' title='bbox 1414 1479 1425 1499; x_wconf 72' lang='lat'>3</span> <span class='ocrx_word' id='word_1_175' title='bbox 1454 1460 1533 1503; x_wconf 86' lang='lat' dir='ltr'>pro</span> <span class='ocrx_word' id='word_1_176' title='bbox 1555 1459 1711 1503; x_wconf 89' lang='lat' dir='ltr'>sponsa</span> 
     </span>
     <span class='ocr_line' id='line_1_19' title="bbox 321 1513 1715 1574; baseline 0.001 -17"><span class='ocrx_word' id='word_1_177' title='bbox 321 1516 479 1574; x_wconf 82' lang='lat' dir='ltr'>pignus</span> <span class='ocrx_word' id='word_1_178' title='bbox 497 1523 576 1557; x_wconf 87' lang='lat' dir='ltr'>est.</span> <span class='ocrx_word' id='word_1_179' title='bbox 594 1516 888 1572; x_wconf 82' lang='lat' dir='ltr'>Agnoscentes</span> <span class='ocrx_word' id='word_1_180' title='bbox 908 1513 1057 1573; x_wconf 86' lang='lat' dir='ltr'>itaque</span> <span class='ocrx_word' id='word_1_181' title='bbox 1079 1513 1374 1558; x_wconf 86' lang='lat' dir='ltr'>conditionem</span> <span class='ocrx_word' id='word_1_182' title='bbox 1395 1523 1586 1558; x_wconf 84' lang='lat' dir='ltr'>nostram</span> <span class='ocrx_word' id='word_1_183' title='bbox 1604 1549 1614 1570; x_wconf 84' lang='lat'>,</span> <span class='ocrx_word' id='word_1_184' title='bbox 1635 1514 1715 1558; x_wconf 85' lang='lat' dir='ltr'>etsi</span> 
     </span>
     <span class='ocr_line' id='line_1_20' title="bbox 317 1583 1709 1644; baseline -0.001 -16"><span class='ocrx_word' id='word_1_185' title='bbox 317 1585 406 1644; x_wconf 85' lang='lat' dir='ltr'>jam</span> <span class='ocrx_word' id='word_1_186' title='bbox 429 1583 508 1627; x_wconf 87' lang='lat' dir='ltr'>filii</span> <span class='ocrx_word' id='word_1_187' title='bbox 543 1599 620 1642; x_wconf 86' lang='lat' dir='ltr'>per</span> <span class='ocrx_word' id='word_1_188' title='bbox 656 1584 864 1642; x_wconf 81' lang='lat' dir='ltr'>gratiam,</span> <span class='ocrx_word' id='word_1_189' title='bbox 900 1584 1011 1627; x_wconf 77' lang='lat' dir='ltr'>servi</span> <span class='ocrx_word' id='word_1_190' title='bbox 1043 1593 1189 1627; x_wconf 89' lang='lat' dir='ltr'>tamen</span> <span class='ocrx_word' id='word_1_191' title='bbox 1223 1594 1401 1644; x_wconf 86' lang='lat' dir='ltr'>propter</span> <span class='ocrx_word' id='word_1_192' title='bbox 1435 1593 1709 1638; x_wconf 83' lang='lat' dir='ltr'>creaturam,</span> 
     </span>
     <span class='ocr_line' id='line_1_21' title="bbox 322 1653 1773 1715; baseline -0.001 -17"><span class='ocrx_word' id='word_1_193' title='bbox 322 1654 424 1715; x_wconf 87' lang='lat' dir='ltr'>quia</span> <span class='ocrx_word' id='word_1_194' title='bbox 447 1654 647 1698; x_wconf 87' lang='lat' dir='ltr'>universa</span> <span class='ocrx_word' id='word_1_195' title='bbox 671 1662 868 1697; x_wconf 87' lang='lat' dir='ltr'>creatura</span> <span class='ocrx_word' id='word_1_196' title='bbox 892 1656 981 1697; x_wconf 87' lang='lat' dir='ltr'>Deo</span> <span class='ocrx_word' id='word_1_197' title='bbox 1000 1654 1151 1709; x_wconf 82' lang='lat' dir='ltr'>servit,</span> <span class='ocrx_word' id='word_1_198' title='bbox 1177 1653 1374 1698; x_wconf 89' lang='lat' dir='ltr'>dicamus</span> <span class='ocrx_word' id='word_1_199' title='bbox 1389 1688 1401 1710; x_wconf 79' lang='lat'>3</span> <span class='ocrx_word' id='word_1_200' title='bbox 1420 1673 1441 1696; x_wconf 76' lang='grc' dir='ltr'>α</span> <span class='ocrx_word' id='word_1_201' title='bbox 1465 1655 1584 1699; x_wconf 86' lang='lat' dir='ltr'>Sicut</span> <span class='ocrx_word' id='word_1_202' title='bbox 1597 1653 1714 1698; x_wconf 86' lang='lat' dir='ltr'>oculi</span> <span class='ocrx_word' id='word_1_203' title='bbox 1770 1694 1773 1696; x_wconf 74' lang='grc'>,</span> 
     </span>
     <span class='ocr_line' id='line_1_22' title="bbox 327 1722 1714 1779; baseline 0.001 -13"><span class='ocrx_word' id='word_1_204' title='bbox 327 1743 348 1766; x_wconf 84' lang='grc'>»</span> <span class='ocrx_word' id='word_1_205' title='bbox 391 1739 612 1769; x_wconf 84' lang='lat' dir='ltr'>servorum</span> <span class='ocrx_word' id='word_1_206' title='bbox 630 1723 677 1767; x_wconf 92' lang='lat' dir='ltr'>in</span> <span class='ocrx_word' id='word_1_207' title='bbox 689 1738 844 1766; x_wconf 88' lang='lat' dir='ltr'>manus</span> <span class='ocrx_word' id='word_1_208' title='bbox 868 1722 1148 1767; x_wconf 85' lang='lat' dir='ltr'>dominorum</span> <span class='ocrx_word' id='word_1_209' title='bbox 1170 1738 1373 1779; x_wconf 70' lang='lat' dir='ltr'>suorum,</span> <span class='ocrx_word' id='word_1_210' title='bbox 1396 1733 1440 1768; x_wconf 89' lang='lat' dir='ltr'>et</span> <span class='ocrx_word' id='word_1_211' title='bbox 1461 1725 1573 1769; x_wconf 89' lang='lat' dir='ltr'>sicut</span> <span class='ocrx_word' id='word_1_212' title='bbox 1598 1723 1714 1768; x_wconf 90' lang='lat' dir='ltr'>oculi</span> 
     </span>
     <span class='ocr_line' id='line_1_23' title="bbox 328 1790 1767 1851; baseline 0.001 -14"><span class='ocrx_word' id='word_1_213' title='bbox 328 1813 349 1837; x_wconf 93' lang='lat'>»</span> <span class='ocrx_word' id='word_1_214' title='bbox 385 1794 554 1839; x_wconf 78' lang='lat' dir='ltr'>ancillae</span> <span class='ocrx_word' id='word_1_215' title='bbox 576 1795 622 1838; x_wconf 92' lang='lat' dir='ltr'>in</span> <span class='ocrx_word' id='word_1_216' title='bbox 639 1809 793 1837; x_wconf 89' lang='lat' dir='ltr'>manus</span> <span class='ocrx_word' id='word_1_217' title='bbox 816 1792 1009 1837; x_wconf 84' lang='lat' dir='ltr'>dominae</span> <span class='ocrx_word' id='word_1_218' title='bbox 1031 1809 1120 1838; x_wconf 83' lang='lat' dir='ltr'>suae</span> <span class='ocrx_word' id='word_1_219' title='bbox 1139 1814 1149 1851; x_wconf 87' lang='lat'>3</span> <span class='ocrx_word' id='word_1_220' title='bbox 1174 1795 1233 1839; x_wconf 85' lang='lat' dir='ltr'>sic</span> <span class='ocrx_word' id='word_1_221' title='bbox 1256 1794 1371 1839; x_wconf 90' lang='lat' dir='ltr'>oculi</span> <span class='ocrx_word' id='word_1_222' title='bbox 1395 1796 1528 1839; x_wconf 82' lang='lat' dir='ltr'>nostri</span> <span class='ocrx_word' id='word_1_223' title='bbox 1551 1795 1606 1840; x_wconf 83' lang='lat' dir='ltr'>ad</span> <span class='ocrx_word' id='word_1_224' title='bbox 1624 1798 1713 1839; x_wconf 89' lang='lat' dir='ltr'>Do·</span> <span class='ocrx_word' id='word_1_225' title='bbox 1764 1790 1767 1808; x_wconf 75' lang='lat'>⁵</span> 
     </span>
     <span class='ocr_line' id='line_1_24' title="bbox 329 1864 1771 1925; baseline 0.001 -19"><span class='ocrx_word' id='word_1_226' title='bbox 329 1885 349 1908; x_wconf 89' lang='lat'>»</span> <span class='ocrx_word' id='word_1_227' title='bbox 385 1866 555 1910; x_wconf 88' lang='lat' dir='ltr'>minum</span> <span class='ocrx_word' id='word_1_228' title='bbox 574 1868 712 1909; x_wconf 90' lang='lat' dir='ltr'>Deum</span> <span class='ocrx_word' id='word_1_229' title='bbox 723 1873 923 1908; x_wconf 86' lang='lat' dir='ltr'>nostrum</span> <span class='ocrx_word' id='word_1_230' title='bbox 934 1899 945 1919; x_wconf 69' lang='lat'>3</span> <span class='ocrx_word' id='word_1_231' title='bbox 961 1864 1250 1925; x_wconf 87' lang='lat' dir='ltr'>quoadusque</span> <span class='ocrx_word' id='word_1_232' title='bbox 1263 1866 1515 1909; x_wconf 86' lang='lat' dir='ltr'>misereatur</span> <span class='ocrx_word' id='word_1_233' title='bbox 1531 1867 1710 1910; x_wconf 85' lang='lat' dir='ltr'>nostri.»</span> <span class='ocrx_word' id='word_1_234' title='bbox 1770 1867 1771 1874; x_wconf 76' lang='grc'>’</span> 
     </span>
    </p>

    <p class='ocr_par' dir='ltr' id='par_1_5' title="bbox 387 1934 1715 1994">
     <span class='ocr_line' id='line_1_25' title="bbox 387 1934 1715 1994; baseline 0.002 -16"><span class='ocrx_word' id='word_1_235' title='bbox 387 1938 464 1978; x_wconf 87' lang='lat' dir='ltr'>Vl.</span> <span class='ocrx_word' id='word_1_236' title='bbox 490 1935 606 1978; x_wconf 81' lang='lat' dir='ltr'>Dixit</span> <span class='ocrx_word' id='word_1_237' title='bbox 627 1943 670 1978; x_wconf 88' lang='lat' dir='ltr'>et</span> <span class='ocrx_word' id='word_1_238' title='bbox 686 1949 818 1994; x_wconf 86' lang='lat' dir='ltr'>quare</span> <span class='ocrx_word' id='word_1_239' title='bbox 833 1969 843 1989; x_wconf 68' lang='lat'>⁷</span> <span class='ocrx_word' id='word_1_240' title='bbox 869 1934 982 1978; x_wconf 88' lang='lat' dir='ltr'>sicut</span> <span class='ocrx_word' id='word_1_241' title='bbox 1002 1935 1111 1979; x_wconf 85' lang='lat' dir='ltr'>servi</span> <span class='ocrx_word' id='word_1_242' title='bbox 1137 1935 1285 1979; x_wconf 90' lang='lat' dir='ltr'>oculos</span> <span class='ocrx_word' id='word_1_243' title='bbox 1313 1936 1476 1980; x_wconf 87' lang='lat' dir='ltr'>habent</span> <span class='ocrx_word' id='word_1_244' title='bbox 1496 1937 1540 1979; x_wconf 89' lang='lat' dir='ltr'>in</span> <span class='ocrx_word' id='word_1_245' title='bbox 1563 1950 1715 1980; x_wconf 88' lang='lat' dir='ltr'>manus</span> 
     </span>
    </p>
   </div>
   <div class='ocr_carea' id='block_1_5' title="bbox 328 2000 1770 2053">
    <p class='ocr_par' dir='ltr' id='par_1_6' title="bbox 328 2000 1770 2053">
     <span class='ocr_line' id='line_1_26' title="bbox 328 2000 1770 2053; baseline 0.001 -5"><span class='ocrx_word' id='word_1_246' title='bbox 328 2004 497 2049; x_wconf 90' lang='lat' dir='ltr'>domini</span> <span class='ocrx_word' id='word_1_247' title='bbox 525 2004 615 2053; x_wconf 89' lang='lat' dir='ltr'>sui,</span> <span class='ocrx_word' id='word_1_248' title='bbox 641 2012 683 2047; x_wconf 92' lang='lat' dir='ltr'>et</span> <span class='ocrx_word' id='word_1_249' title='bbox 705 2003 816 2047; x_wconf 88' lang='lat' dir='ltr'>sicut</span> <span class='ocrx_word' id='word_1_250' title='bbox 838 2003 1005 2047; x_wconf 79' lang='lat' dir='ltr'>ancillae</span> <span class='ocrx_word' id='word_1_251' title='bbox 1036 2004 1186 2048; x_wconf 90' lang='lat' dir='ltr'>oculos</span> <span class='ocrx_word' id='word_1_252' title='bbox 1209 2006 1372 2049; x_wconf 81' lang='lat' dir='ltr'>habent</span> <span class='ocrx_word' id='word_1_253' title='bbox 1393 2006 1438 2048; x_wconf 89' lang='lat' dir='ltr'>in</span> <span class='ocrx_word' id='word_1_254' title='bbox 1460 2020 1614 2049; x_wconf 87' lang='lat' dir='ltr'>manus</span> <span class='ocrx_word' id='word_1_255' title='bbox 1636 2006 1716 2050; x_wconf 78' lang='lat' dir='ltr'>do-</span> <span class='ocrx_word' id='word_1_256' title='bbox 1762 2000 1770 2026; x_wconf 29' lang='grc' dir='ltr'>ζ’</span> 
     </span>
    </p>
   </div>
   <div class='ocr_carea' id='block_1_6' title="bbox 329 2074 1774 2554">
    <p class='ocr_par' dir='ltr' id='par_1_7' title="bbox 329 2074 1774 2554">
     <span class='ocr_line' id='line_1_27' title="bbox 331 2074 1773 2133; baseline -0.001 -13"><span class='ocrx_word' id='word_1_257' title='bbox 331 2075 461 2120; x_wconf 86' lang='lat' dir='ltr'>minae</span> <span class='ocrx_word' id='word_1_258' title='bbox 482 2090 596 2131; x_wconf 81' lang='lat' dir='ltr'>suae3</span> <span class='ocrx_word' id='word_1_259' title='bbox 619 2092 638 2116; x_wconf 90' lang='lat'>«</span> <span class='ocrx_word' id='word_1_260' title='bbox 658 2075 725 2118; x_wconf 87' lang='lat' dir='ltr'>Sic</span> <span class='ocrx_word' id='word_1_261' title='bbox 743 2109 753 2128; x_wconf 70' lang='lat'>3</span> <span class='ocrx_word' id='word_1_262' title='bbox 770 2074 928 2133; x_wconf 82' lang='lat' dir='ltr'>inquit,</span> <span class='ocrx_word' id='word_1_263' title='bbox 953 2074 1069 2118; x_wconf 89' lang='lat' dir='ltr'>oculi</span> <span class='ocrx_word' id='word_1_264' title='bbox 1086 2076 1221 2119; x_wconf 89' lang='lat' dir='ltr'>nostri</span> <span class='ocrx_word' id='word_1_265' title='bbox 1243 2075 1297 2120; x_wconf 88' lang='lat' dir='ltr'>ad</span> <span class='ocrx_word' id='word_1_266' title='bbox 1320 2077 1554 2120; x_wconf 74' lang='lat' dir='ltr'>Dominum</span> <span class='ocrx_word' id='word_1_267' title='bbox 1579 2081 1716 2121; x_wconf 88' lang='lat' dir='ltr'>Deum</span> <span class='ocrx_word' id='word_1_268' title='bbox 1760 2083 1773 2119; x_wconf 72' lang='lat'>¹.</span> 
     </span>
     <span class='ocr_line' id='line_1_28' title="bbox 332 2144 1774 2206; baseline 0.001 -18"><span class='ocrx_word' id='word_1_269' title='bbox 332 2165 352 2188; x_wconf 91' lang='lat'>»</span> <span class='ocrx_word' id='word_1_270' title='bbox 387 2154 606 2199; x_wconf 83' lang='lat' dir='ltr'>nostrum,</span> <span class='ocrx_word' id='word_1_271' title='bbox 629 2163 646 2185; x_wconf 90' lang='lat'>»</span> <span class='ocrx_word' id='word_1_272' title='bbox 667 2146 723 2188; x_wconf 90' lang='lat' dir='ltr'>Et</span> <span class='ocrx_word' id='word_1_273' title='bbox 753 2144 875 2203; x_wconf 84' lang='lat' dir='ltr'>quasi</span> <span class='ocrx_word' id='word_1_274' title='bbox 893 2160 1129 2204; x_wconf 81' lang='lat' dir='ltr'>quaereres,</span> <span class='ocrx_word' id='word_1_275' title='bbox 1153 2145 1346 2206; x_wconf 80' lang='lat' dir='ltr'>thuid‘?</span> <span class='ocrx_word' id='word_1_276' title='bbox 1368 2146 1713 2206; x_wconf 87' lang='lat' dir='ltr'>«Quoadusque‚</span> <span class='ocrx_word' id='word_1_277' title='bbox 1764 2183 1774 2194; x_wconf 80' lang='grc'>,.</span> 
     </span>
     <span class='ocr_line' id='line_1_29' title="bbox 333 2214 1766 2275; baseline 0.002 -18"><span class='ocrx_word' id='word_1_278' title='bbox 333 2234 353 2257; x_wconf 82' lang='grc'>»</span> <span class='ocrx_word' id='word_1_279' title='bbox 388 2215 558 2275; x_wconf 82' lang='lat' dir='ltr'>inquit,</span> <span class='ocrx_word' id='word_1_280' title='bbox 583 2214 836 2258; x_wconf 84' lang='lat' dir='ltr'>misereatur</span> <span class='ocrx_word' id='word_1_281' title='bbox 866 2215 1053 2258; x_wconf 85' lang='lat' dir='ltr'>nostri.»</span> <span class='ocrx_word' id='word_1_282' title='bbox 1079 2215 1233 2268; x_wconf 80' lang='lat' dir='ltr'>Quales</span> <span class='ocrx_word' id='word_1_283' title='bbox 1270 2231 1372 2274; x_wconf 78' lang='lat' dir='ltr'>ergo</span> <span class='ocrx_word' id='word_1_284' title='bbox 1396 2216 1536 2260; x_wconf 84' lang='lat' dir='ltr'>voluit</span> <span class='ocrx_word' id='word_1_285' title='bbox 1568 2231 1712 2260; x_wconf 85' lang='lat' dir='ltr'>servos</span> <span class='ocrx_word' id='word_1_286' title='bbox 1764 2233 1766 2237; x_wconf 94' lang='lat'>·</span> 
     </span>
     <span class='ocr_line' id='line_1_30' title="bbox 329 2283 1764 2345; baseline -0.001 -15"><span class='ocrx_word' id='word_1_287' title='bbox 329 2286 532 2343; x_wconf 80' lang='lat' dir='ltr'>intelligi,</span> <span class='ocrx_word' id='word_1_288' title='bbox 555 2283 706 2329; x_wconf 87' lang='lat' dir='ltr'>fratres</span> <span class='ocrx_word' id='word_1_289' title='bbox 722 2319 733 2339; x_wconf 84' lang='lat'><strong>‚</strong></span> <span class='ocrx_word' id='word_1_290' title='bbox 755 2284 832 2345; x_wconf 91' lang='lat' dir='ltr'>qui</span> <span class='ocrx_word' id='word_1_291' title='bbox 852 2285 1001 2329; x_wconf 90' lang='lat' dir='ltr'>oculos</span> <span class='ocrx_word' id='word_1_292' title='bbox 1022 2285 1188 2329; x_wconf 83' lang='lat' dir='ltr'>habent</span> <span class='ocrx_word' id='word_1_293' title='bbox 1205 2286 1250 2328; x_wconf 91' lang='lat' dir='ltr'>in</span> <span class='ocrx_word' id='word_1_294' title='bbox 1267 2300 1420 2329; x_wconf 88' lang='lat' dir='ltr'>manus</span> <span class='ocrx_word' id='word_1_295' title='bbox 1438 2286 1716 2330; x_wconf 85' lang='lat' dir='ltr'>dominorum</span> <span class='ocrx_word' id='word_1_296' title='bbox 1762 2319 1764 2324; x_wconf 36' lang='lat' dir='ltr'>s</span> 
     </span>
     <span class='ocr_line' id='line_1_31' title="bbox 331 2347 1758 2415; baseline 0.001 -15"><span class='ocrx_word' id='word_1_297' title='bbox 331 2371 510 2400; x_wconf 83' lang='lat' dir='ltr'>suorum</span> <span class='ocrx_word' id='word_1_298' title='bbox 529 2375 539 2412; x_wconf 90' lang='lat'>3</span> <span class='ocrx_word' id='word_1_299' title='bbox 563 2365 607 2400; x_wconf 87' lang='lat' dir='ltr'>ct</span> <span class='ocrx_word' id='word_1_300' title='bbox 628 2354 776 2414; x_wconf 88' lang='lat' dir='ltr'>quales</span> <span class='ocrx_word' id='word_1_301' title='bbox 803 2353 1000 2408; x_wconf 77' lang='lat' dir='ltr'>ancillas,</span> <span class='ocrx_word' id='word_1_302' title='bbox 1020 2371 1118 2415; x_wconf 82' lang='lat' dir='ltr'>quae</span> <span class='ocrx_word' id='word_1_303' title='bbox 1140 2355 1288 2399; x_wconf 88' lang='lat' dir='ltr'>oculos</span> <span class='ocrx_word' id='word_1_304' title='bbox 1312 2356 1474 2399; x_wconf 84' lang='lat' dir='ltr'>habent</span> <span class='ocrx_word' id='word_1_305' title='bbox 1496 2357 1542 2400; x_wconf 92' lang='lat' dir='ltr'>in</span> <span class='ocrx_word' id='word_1_306' title='bbox 1564 2371 1715 2401; x_wconf 88' lang='lat' dir='ltr'>manus</span> <span class='ocrx_word' id='word_1_307' title='bbox 1757 2347 1758 2350; x_wconf 12' lang='grc' dir='ltr'><strong>Ἴ</strong></span> 
     </span>
     <span class='ocr_line' id='line_1_32' title="bbox 331 2424 1716 2484; baseline -0.001 -13"><span class='ocrx_word' id='word_1_308' title='bbox 331 2425 520 2471; x_wconf 86' lang='lat' dir='ltr'>dominae</span> <span class='ocrx_word' id='word_1_309' title='bbox 535 2440 640 2479; x_wconf 81' lang='lat' dir='ltr'>suae,</span> <span class='ocrx_word' id='word_1_310' title='bbox 663 2424 948 2484; x_wconf 86' lang='lat' dir='ltr'>quoadusque</span> <span class='ocrx_word' id='word_1_311' title='bbox 966 2426 1217 2469; x_wconf 84' lang='lat' dir='ltr'>misereatur</span> <span class='ocrx_word' id='word_1_312' title='bbox 1239 2425 1414 2470; x_wconf 83' lang='lat' dir='ltr'>domina</span> <span class='ocrx_word' id='word_1_313' title='bbox 1436 2428 1615 2470; x_wconf 82' lang='lat' dir='ltr'>earum?</span> <span class='ocrx_word' id='word_1_314' title='bbox 1632 2426 1716 2480; x_wconf 86' lang='lat' dir='ltr'>Qui</span> 
     </span>
     <span class='ocr_line' id='line_1_33' title="bbox 330 2493 1771 2554; baseline -0.001 -12"><span class='ocrx_word' id='word_1_315' title='bbox 330 2504 434 2542; x_wconf 89' lang='lat' dir='ltr'>sunt</span> <span class='ocrx_word' id='word_1_316' title='bbox 452 2495 523 2540; x_wconf 89' lang='lat' dir='ltr'>isti</span> <span class='ocrx_word' id='word_1_317' title='bbox 542 2494 652 2540; x_wconf 83' lang='lat' dir='ltr'>servi</span> <span class='ocrx_word' id='word_1_318' title='bbox 673 2503 716 2538; x_wconf 88' lang='lat' dir='ltr'>et</span> <span class='ocrx_word' id='word_1_319' title='bbox 736 2493 923 2550; x_wconf 81' lang='lat' dir='ltr'>ancillae,</span> <span class='ocrx_word' id='word_1_320' title='bbox 949 2495 1025 2554; x_wconf 90' lang='lat' dir='ltr'>qui</span> <span class='ocrx_word' id='word_1_321' title='bbox 1051 2496 1111 2540; x_wconf 90' lang='lat' dir='ltr'>sic</span> <span class='ocrx_word' id='word_1_322' title='bbox 1131 2495 1298 2540; x_wconf 81' lang='lat' dir='ltr'>habent</span> <span class='ocrx_word' id='word_1_323' title='bbox 1318 2496 1467 2541; x_wconf 89' lang='lat' dir='ltr'>oculos</span> <span class='ocrx_word' id='word_1_324' title='bbox 1488 2496 1534 2540; x_wconf 90' lang='lat' dir='ltr'>in</span> <span class='ocrx_word' id='word_1_325' title='bbox 1556 2511 1709 2540; x_wconf 87' lang='lat' dir='ltr'>manus</span> <span class='ocrx_word' id='word_1_326' title='bbox 1758 2517 1771 2535; x_wconf 77' lang='grc'>.·</span> 
     </span>
    </p>
   </div>
   <div class='ocr_carea' id='block_1_7' title="bbox 377 2577 1285 2621">
    <p class='ocr_par' dir='ltr' id='par_1_8' title="bbox 377 2577 1285 2621">
     <span class='ocr_line' id='line_1_34' title="bbox 377 2577 1285 2621; baseline 0 -9"><span class='ocrx_word' id='word_1_327' title='bbox 377 2587 386 2604; x_wconf 87' lang='lat'><em>¹</em></span> <span class='ocrx_word' id='word_1_328' title='bbox 404 2582 496 2612; x_wconf 81' lang='lat' dir='ltr'>Joan.</span> <span class='ocrx_word' id='word_1_329' title='bbox 515 2589 571 2620; x_wconf 85' lang='lat' dir='ltr'>xv,</span> <span class='ocrx_word' id='word_1_330' title='bbox 593 2578 700 2611; x_wconf 84' lang='lat'>15.-</span> <span class='ocrx_word' id='word_1_331' title='bbox 719 2584 733 2602; x_wconf 82' lang='lat'><em>2</em></span> <span class='ocrx_word' id='word_1_332' title='bbox 754 2578 857 2611; x_wconf 81' lang='lat' dir='ltr'>Galat.</span> <span class='ocrx_word' id='word_1_333' title='bbox 876 2589 923 2620; x_wconf 75' lang='lat' dir='ltr'>iv,</span> <span class='ocrx_word' id='word_1_334' title='bbox 948 2589 980 2620; x_wconf 85' lang='lat'>7.</span> <span class='ocrx_word' id='word_1_335' title='bbox 1000 2595 1043 2602; x_wconf 87' lang='lat'><strong>—</strong></span> <span class='ocrx_word' id='word_1_336' title='bbox 1062 2577 1075 2603; x_wconf 84' lang='lat'>3</span> <span class='ocrx_word' id='word_1_337' title='bbox 1093 2581 1185 2611; x_wconf 81' lang='lat' dir='ltr'>Rom.</span> <span class='ocrx_word' id='word_1_338' title='bbox 1205 2591 1235 2621; x_wconf 88' lang='lat'>1,</span> <span class='ocrx_word' id='word_1_339' title='bbox 1256 2592 1285 2612; x_wconf 91' lang='lat'>1.</span> 
     </span>
    </p>
   </div>
   <div class='ocr_carea' id='block_1_8' title="bbox 1740 1033 1785 3135">
    <p class='ocr_par' dir='ltr' id='par_1_9' title="bbox 1740 1033 1785 3135">
     <span class='ocr_line' id='line_1_35' title="bbox 1740 1033 1785 3135; baseline 0 0"><span class='ocrx_word' id='word_1_340' title='bbox 1740 1033 1785 3135; x_wconf 95' lang='lat' dir='ltr'> </span> 
     </span>
    </p>
   </div>
   <div class='ocr_carea' id='block_1_9' title="bbox 1748 0 1815 3253">
    <p class='ocr_par' dir='ltr' id='par_1_10' title="bbox 1748 0 1815 3253">
     <span class='ocr_line' id='line_1_36' title="bbox 1748 0 1815 3253; baseline 0 0"><span class='ocrx_word' id='word_1_341' title='bbox 1748 0 1815 3253; x_wconf 95' lang='lat' dir='ltr'> </span> 
     </span>
    </p>
   </div>
  </div>
 </body>
</html>
