1815 3253
334 291 576 322 ENARRATIO
607 293 653 320 IN
685 291 888 321 PsALMUM
919 294 1066 321 CXXVI.
1311 281 1394 321 107

13 361 116 406 siam
137 358 192 404 de
212 357 384 403 duobus
407 356 578 417 populis
592 391 604 412 ‚
629 355 769 401 factus
791 366 853 402 est
870 355 953 402 illis
981 356 1088 417 lapis
1119 357 1365 416 angularis1
1380 393 1393 414 ,

13 439 57 476 et
72 429 170 475 ideo
192 444 290 473 vere
311 429 531 489 pacificus.
557 427 668 481 Quia
685 443 789 486 ergo
816 427 889 472 ille
909 443 1036 472 verus
1066 426 1295 485 Salomon3
1321 430 1398 473 Sa-

14 501 158 546 lomon
181 509 326 544 autem
348 498 421 543 ille
444 498 557 542 filius
578 497 716 542 David
739 497 792 541 de
812 497 994 541 muliere
1016 498 1257 541 Bethsabee
1270 501 1303 552 ²,
1324 513 1399 542 rex

15 571 167 625 Israel,
193 571 376 628 figuram
402 569 597 628 gestabat
617 569 748 629 hujus
763 568 956 628 pacifici,
983 567 1161 629 quando
1183 568 1398 628 templum

13 642 235 687 aedificavit
263 661 272 687 ε
297 641 396 686 ideo
418 656 472 685 ne
494 640 618 684 illum
640 649 765 700 putes
785 639 1059 685 Salomonem
1078 640 1154 701 qui
1168 639 1400 685 aedificavit

13 713 192 758 domum
212 715 300 757 Deo
321 747 331 766 ‚
357 710 491 756 alium
512 711 786 756 Salomonem
814 710 895 754 tibi
919 711 1151 755 ostendens
1177 711 1398 771 Scriptura

0 782 71 828 'sic
93 783 228 841 coepit
244 783 288 826 in
306 781 476 827 Psalmo
503 801 512 827 :
538 800 558 824 «
574 781 661 827 Nisi
676 780 884 826 Dominus
901 780 1180 826 aedificaverit
1196 780 1395 838 domum,

14 871 34 895 »
68 853 113 896 in
125 867 286 896 vanum
299 851 608 896 laboraverunt
621 852 884 896 aedificantes
901 866 1012 895 cam.
1032 870 1052 893 »
1070 852 1281 896 Dominus
1296 866 1398 910 ergo

13 921 197 967 aedificat
215 922 414 976 domum,
432 922 642 966 Dominus
659 924 682 965 J
687 937 782 966 esus
799 921 996 967 Christus
1013 921 1200 966 aedificat
1217 921 1400 967 domum

12 1008 147 1038 suam.
174 992 393 1038 Laborant
414 992 542 1036 multi
563 993 607 1036 in
626 992 884 1038 aedificando
907 1012 915 1038 z
940 992 1017 1038 sed
1039 994 1072 1037 si
1087 1009 1177 1038 non
1198 992 1272 1037 ille
1290 993 1400 1037 aedi-

13 1065 132 1120 ficet,
163 1083 183 1106 «
208 1067 260 1108 In
288 1079 449 1108 vanum
474 1063 786 1109 laboraverunt
817 1065 1082 1108 aedificantes
1112 1079 1223 1108 eam.
1261 1081 1282 1105 »
1314 1065 1401 1117 Qui

12 1145 114 1180 sunt
133 1135 210 1196 qui
230 1134 431 1180 laborant
443 1134 706 1179 aedificantes
720 1136 737 1178 P
749 1136 910 1178 Omnes
932 1134 1008 1194 qui
1019 1135 1063 1178 in
1077 1134 1268 1179 Ecclesia
1285 1150 1400 1194 prac-

12 1206 160 1250 dicant
180 1205 361 1250 verbum
383 1205 484 1259 Dei,
508 1204 689 1248 ministri
712 1213 1083 1248 sacramentorum
1112 1204 1205 1248 Dei.
1239 1206 1401 1249 Omnes

13 1276 224 1321 currimus
248 1310 259 1330 ,
284 1290 432 1320 omnes
454 1275 729 1330 laboramus,
754 1290 903 1319 omnes
935 1274 1202 1319 aedificamus
1229 1274 1362 1320 modo
1387 1290 1397 1317 z

15 1355 57 1391 et
76 1355 176 1391 ante
204 1362 282 1391 nos
318 1356 636 1401 cucurrerunt,
661 1346 972 1391 laboraverunt
989 1380 1000 1401 ‚
1036 1346 1364 1390 aedificaverunt
1389 1366 1398 1391 z

35 1417 87 1462 ed
113 1437 133 1459 «
158 1418 247 1463 Nisi
269 1418 479 1463 Dominus
496 1418 774 1463 aedificaverit
795 1416 1000 1472 domum‚
1025 1417 1071 1461 in
1093 1433 1255 1462 vanum
1280 1417 1404 1462 labo-

17 1507 38 1530 »
72 1498 298 1544 raverunt,
337 1488 602 1534 aedificantes
640 1504 751 1533 eam.
780 1507 800 1530 η
829 1488 933 1533 Ideo
961 1487 1174 1548 quosdam
1206 1488 1403 1533 videntes

19 1574 137 1604 ruere
159 1558 379 1618 Apostoli,
420 1568 464 1603 et
484 1560 658 1619 proprie
693 1557 853 1603 Paulus
877 1559 967 1614 ait,
996 1577 1017 1600 «
1040 1559 1138 1603 Dies
1166 1559 1403 1603 observatis

21 1648 37 1671 n
71 1638 115 1674 et
131 1645 265 1675 annos
300 1639 344 1675 et
375 1646 543 1675 menses
577 1639 621 1674 et
653 1639 876 1690 tempora3
911 1629 1044 1674 timeo
1079 1645 1154 1674 vos
1173 1664 1184 1685 ‚
1214 1645 1270 1673 ne
1290 1628 1406 1674 forte

23 1699 104 1744 'ine
120 1715 246 1745 causa
268 1700 555 1746 laboraverim
577 1701 622 1745 in
637 1703 754 1746 vos3.
787 1719 807 1742 »
837 1701 949 1754 Quia
970 1709 1150 1746 noverat
1169 1716 1212 1745 se
1242 1700 1359 1745 intus
1379 1716 1404 1745 a

54 1771 199 1815 omino
216 1770 420 1816 aedificari
441 1806 452 1827 ‚
485 1770 720 1831 plangebat
741 1772 844 1816 istos
861 1807 872 1827 ,
897 1772 1000 1832 quia
1018 1772 1111 1816 sine
1132 1788 1259 1816 causa
1277 1770 1405 1816 labo-

27 1851 183 1887 ?averat
202 1842 245 1886 in
270 1842 344 1886 eis.
369 1845 456 1887 Nos
485 1858 589 1901 ergo
618 1842 840 1903 loquimur
861 1841 966 1887 foris
982 1878 993 1898 ,
1030 1842 1104 1887 ille
1126 1842 1314 1887 aedificat
1334 1843 1406 1887 in-

0 1946 2 1951 >
28 1928 100 1957 us.
125 1911 357 1965 Quomodo
391 1912 576 1957 audiatis
592 1948 604 1967 ,
629 1928 708 1957 nos
731 1912 998 1958 advertimus
1020 1932 1029 1957 :
1050 1912 1158 1972 quid
1181 1913 1402 1972 cogitetis,

32 1982 89 2027 lle
110 1982 226 2027 solus
258 1983 405 2038 novit,
430 1983 507 2043 qui
530 1983 813 2043 cogitationes
834 1993 997 2028 vestras
1017 1984 1152 2028 videt.
1180 1987 1278 2043 Ipse
1300 1982 1409 2027 aedi-

32 2053 116 2098 icat
130 2088 141 2108 ,
161 2054 251 2113 ipse
272 2062 445 2109 monet,
463 2054 553 2113 ipse
572 2063 729 2112 terret3
749 2054 840 2113 ipse
853 2053 1125 2099 intellectum
1137 2054 1275 2114 aperit
1289 2088 1300 2108 ‚
1317 2054 1408 2113 ipse

0 2161 5 2167 ,
33 2122 73 2167 nd
94 2123 224 2168 fidem
247 2123 435 2183 applicat
458 2139 633 2169 sensum
664 2134 858 2169 vestrum
885 2140 895 2166 τ
921 2134 965 2169 et
987 2134 1134 2169 tamen
1161 2124 1409 2168 laboramus

35 2203 62 2238 tt
82 2209 159 2238 nos
181 2204 389 2255 tanquam
407 2196 592 2255 operarii
611 2216 622 2253 3
646 2195 722 2240 sed
748 2215 768 2238 «
789 2196 869 2239 nisi
899 2196 1111 2240 Dominus
1128 2195 1411 2240 aedificaverit

0 2300 7 2312 „
35 2283 43 2301 ι
76 2264 257 2308 domum
272 2299 283 2320 ‚
302 2265 348 2308 in
368 2281 531 2309 vanum
548 2265 862 2311 laboraverunt
884 2265 1149 2311 aedificantes
1172 2282 1282 2310 cam.
1312 2284 1333 2308 »

78 2337 158 2379 ΙΙΙ.
185 2337 293 2388 Quae
317 2344 462 2380 autem
497 2335 653 2380 domus
688 2337 767 2381 Dei
787 2371 799 2391 ‚
840 2345 884 2381 et
913 2337 1004 2396 ipsa
1040 2336 1204 2382 civitas.
1247 2339 1411 2381 Domus

0 2438 4 2465 f
39 2405 135 2449 enim
154 2406 228 2449 Dei
248 2441 257 2458 ,
280 2405 467 2465 populus
489 2407 596 2464 Dei3
620 2408 721 2468 quia
748 2407 905 2452 domus
940 2408 1040 2463 Dei,
1066 2407 1280 2467 templum
1315 2408 1407 2452 Dei.

41 2479 77 2521 «lt
103 2477 210 2538 quid
233 2477 338 2522 dicit
366 2478 626 2537 Apostolus?
651 2498 671 2520 «
703 2478 935 2539 Templum
957 2480 1075 2524 enim
1103 2479 1181 2524 Dei
1210 2488 1412 2524 sanctum

43 2574 46 2582 ·
79 2556 170 2603 est,
199 2548 320 2609 quod
342 2549 440 2594 estis
461 2550 582 2594 vos⁴.
607 2567 626 2590 »
652 2551 812 2594 Omnes
834 2560 981 2594 autem
1009 2549 1158 2594 fideles
1178 2585 1189 2605 ‚
1213 2565 1315 2610 quae
1348 2559 1413 2594 est

58 2637 67 2654 ¹
87 2631 200 2673 Ephes.
217 2642 255 2673 ιι,
271 2630 308 2674 14
322 2636 356 2665 et
372 2641 474 2666 22.-—
493 2639 507 2657 ²
525 2641 545 2666 2
565 2635 642 2676 Reg.
661 2644 717 2675 xli,
736 2631 998 2676 24.--3Gal.1v‚
1019 2644 1118 2667 10.-
1132 2632 1150 2662 4
1166 2645 1180 2667 1
1201 2636 1277 2668 Cor.
1296 2644 1344 2676 m,
1359 2644 1411 2676 17.
