1815 3253
393 300 638 331 ENAnnAno
670 303 717 331 m
748 300 952 331 PsALMuM
983 304 1117 330 cxxn.
1388 287 1444 328 47

58 364 211 411 faciem
230 375 350 412 tuam
363 402 374 423 ‚
399 378 442 413 et
465 385 486 413 a
504 369 693 429 peccatis
709 370 795 413 tuis
815 369 903 414 noli
927 377 1135 413 avertere.
1163 366 1205 412 Si
1223 367 1338 410 enim
1356 381 1448 410 non

59 437 114 482 ab
136 439 194 482 eis
212 440 414 484 averteris
429 439 581 484 faciem
601 450 720 485 tuam
738 477 747 496 ,
770 450 816 484 tu
828 442 919 501 ipse
933 439 1123 484 irasceris
1140 438 1328 498 pcccatis
1346 440 1445 482 tuis.

61 507 103 552 Si
125 518 270 552 autem
301 519 350 554 tu
370 526 459 554 non
481 511 635 555 avertis
658 509 812 556 faciem
837 520 957 555 tuam
984 527 1005 555 a
1029 509 1216 570 peccatis
1249 509 1357 564 tuis,
1399 516 1449 552 tu

60 580 252 638 agnoscis
269 615 279 635 ,
306 593 348 624 et
368 580 442 624 ille
464 581 666 639 ignoscit.

120 651 194 693 IV.
221 653 278 695 At
299 667 401 695 vero
426 668 449 695 a
475 661 515 695 te
536 651 631 697 leva
654 651 803 696 oculos
825 652 880 696 ad
903 650 1028 695 illum
1046 686 1056 706 ,
1084 659 1128 694 et
1145 649 1236 705 dic,
1274 668 1293 691 «
1316 648 1385 693 Ad
1408 657 1450 692 te

61 737 82 760 »
117 719 256 764 levavi
281 723 429 766 oculos
457 737 600 777 meos,
636 723 712 783 qui
747 722 915 766 habitas
952 722 998 765 in
1027 720 1155 766 coelo.
1192 739 1213 761 »
1239 719 1415 765 Coelum
1437 753 1448 774 ,

60 788 212 835 fratres
233 791 344 847 mei,
369 792 403 836 si
425 792 706 852 corporaliter
725 792 1065 837 intellexerimus
1079 793 1163 836 hoc
1186 789 1306 851 quod
1326 788 1452 835 vide-

59 876 156 904 mus
178 860 312 905 oculis
333 864 566 922 corporcis,
580 879 681 908 vere
699 864 758 908 sic
785 864 1025 907 errabimus
1042 898 1052 917 ,
1072 872 1122 907 ut
1134 877 1223 906 non
1246 871 1453 921 putemus

59 946 138 975 nos
155 930 258 975 illuc
282 931 538 988 ascendere,
564 934 645 977 nisi
668 933 789 978 scalis
810 934 959 994 positis
975 969 986 988 ,
1012 942 1088 977 aut
1118 932 1336 992 aliquibus
1358 946 1453 975 ma-

60 1001 346 1046 chinamentis
372 1022 380 1047 ε
406 1003 439 1047 si
458 1012 604 1047 autem
627 1004 876 1063 spiritaliter
897 1003 1187 1056 ascendimus,
1204 1000 1453 1062 spiritaliter

61 1072 222 1117 coelum
242 1073 484 1132 intelligere
498 1074 711 1118 debemus
731 1094 740 1119 ε
762 1075 795 1118 si
810 1091 1008 1119 ascensus
1022 1075 1067 1117 in
1090 1073 1269 1128 affectu,
1289 1071 1452 1116 coelum

61 1143 105 1186 in
133 1144 312 1203 justitia.
349 1144 478 1198 Quod
507 1155 571 1189 est
611 1160 713 1202 ergo
748 1144 912 1189 coelum
950 1145 1059 1189 Dei?
1095 1145 1257 1188 Omnes
1293 1151 1454 1186 sanctae

62 1216 215 1259 animae
231 1251 241 1271 ,
272 1231 420 1260 omnes
437 1218 566 1277 justae
589 1217 759 1260 animae.
785 1219 893 1261 Nam
914 1226 957 1260 et
978 1215 1173 1276 Apostoli
1194 1214 1391 1275 quamvis
1409 1213 1455 1256 in

63 1295 174 1330 terra
196 1297 338 1332 essent
367 1304 497 1332 carne
513 1324 523 1343 ,
550 1288 714 1332 coelum
746 1297 870 1332 erant
892 1310 902 1346 3
940 1288 1041 1348 quia
1063 1288 1109 1331 in
1131 1286 1215 1330 illis
1245 1285 1456 1330 Dominus

63 1358 214 1403 sedens
236 1374 310 1418 per
344 1369 487 1404 totum
522 1359 738 1404 mundum
763 1359 1032 1404 ambulabat.
1068 1362 1183 1418 Ergo
1219 1358 1389 1402 habitat
1412 1357 1459 1400 in

64 1429 191 1474 coelo.
218 1430 478 1483 Quomodo?
506 1430 738 1484 Quomodo
769 1430 875 1475 dicit
910 1431 955 1474 in
978 1430 1062 1474 alio
1101 1429 1302 1483 Psalmo,
1343 1447 1363 1470 «
1393 1430 1460 1471 Tu

67 1518 87 1541 η
122 1510 268 1545 autem
291 1501 336 1545 in
359 1511 508 1546 sancto
535 1502 705 1546 habitas
740 1501 834 1545 laus
866 1499 1041 1545 Israe‘11.
1071 1519 1090 1541 n
1117 1500 1203 1553 Qui
1226 1499 1395 1543 habitat
1414 1498 1460 1541 in

64 1571 200 1626 coelo,
233 1572 401 1616 habitat
432 1573 478 1616 in
509 1581 673 1617 sancto.
703 1575 862 1617 Sancto
884 1570 1016 1632 quid,
1042 1570 1123 1614 nisi
1156 1568 1319 1629 templo
1348 1569 1462 1612 suo?

68 1660 89 1684 «
125 1643 354 1703 Templum
379 1644 494 1687 enim
525 1644 600 1688 Dei
638 1653 837 1688 sanctum
866 1651 957 1697 est,
995 1640 1117 1702 quod
1152 1641 1250 1685 estis
1282 1643 1407 1684 vos².
1436 1656 1457 1679 »

68 1713 152 1758 Sed
175 1729 323 1758 omnes
345 1715 489 1759 adhuc
520 1714 682 1758 infirmi
720 1723 764 1758 et
792 1712 1037 1758 secundum
1070 1711 1201 1756 fidem
1227 1709 1463 1755 ambulan-

67 1787 173 1839 tesss,
189 1786 431 1830 secundum
452 1785 584 1830 fidem
604 1794 706 1830 sunt
727 1785 937 1845 templum
954 1784 1032 1829 Dei
1053 1803 1062 1829 t
1084 1792 1212 1828 erunt
1229 1780 1465 1842 aliquando

67 1864 108 1899 ct
137 1856 377 1900 secundum
416 1857 603 1915 speciem
627 1855 842 1916 templum
869 1855 960 1899 Dei.
987 1854 1193 1908 Quandiu
1229 1862 1332 1898 sunt
1354 1861 1465 1896 tem-

68 1925 190 1985 plum
213 1925 454 1970 secundum
477 1926 643 1970 fidem?
665 1927 873 1979 Quandiu
894 1925 939 1968 in
960 1925 1063 1984 ipsis
1085 1925 1283 1969 Christus
1305 1938 1382 1982 per
1410 1923 1467 1965 fi-

68 1997 167 2040 dem
187 1996 356 2040 habitat
379 2016 387 2040 :
413 1996 524 2040 sicut
552 1996 657 2040 dicit
679 1995 914 2056 Apostolus
933 2010 953 2050 ,⁷
973 2014 992 2037 «
1015 1995 1223 2039 Habitare
1243 1994 1467 2039 Christum

72 2084 92 2107 »
128 2082 204 2126 per
223 2066 355 2110 fidem
377 2067 422 2110 in
446 2067 653 2111 cordibus
670 2067 822 2111 vestris
834 2068 864 2110 4.
892 2085 911 2107 »
940 2068 1052 2111 Sunt
1074 2075 1220 2109 autem
1234 2065 1323 2125 jam
1345 2062 1465 2117 coeli,

70 2136 114 2179 in
137 2137 295 2197 quibus
326 2152 401 2196 per
429 2138 614 2197 speciem
641 2139 731 2197 jam
769 2137 938 2181 habitat
970 2139 1113 2190 Deus,
1146 2134 1344 2179 videntes
1367 2147 1468 2177 eum

71 2205 180 2251 facie
203 2208 257 2251 ad
282 2206 434 2252 faciem
450 2244 461 2264 ,
485 2224 634 2253 omnes
658 2208 796 2252 sancti
821 2207 976 2266 Angeli
994 2242 1004 2262 ,
1031 2198 1180 2251 omncs
1199 2214 1360 2249 sanctae
1376 2205 1472 2247 Vir-

73 2286 213 2331 tutes,
243 2281 502 2333 Potestates,
539 2278 696 2333 Sedes,
733 2277 1088 2332 nominationes,
1122 2275 1363 2320 Jerusalem
1397 2273 1473 2317 illa

73 2347 258 2392 coelcstis
295 2348 413 2392 unde
429 2348 749 2409 peregrinando
778 2348 1102 2407 ingemiscimus
1119 2383 1129 2403 ,
1156 2356 1200 2390 et
1232 2360 1365 2407 quam
1393 2343 1474 2388 de-

74 2417 302 2462 siderando
324 2434 496 2463 oramus
523 2439 532 2464 2
556 2419 619 2463 ibi
648 2419 819 2462 habitat
836 2421 965 2462 Deus.
999 2417 1110 2461 llluc
1132 2416 1292 2460 levavit
1321 2415 1402 2458 iste
1427 2414 1475 2457 fi-

75 2487 199 2544 dem,
236 2488 339 2533 illuc
373 2491 566 2551 ascendit
596 2491 774 2546 affectu,
801 2489 1089 2533 desiderando
1118 2507 1126 2533 2
1160 2497 1204 2533 ct
1237 2488 1378 2547 ipsum
1403 2486 1476 2529 de-

77 2559 280 2603 siderium
316 2559 418 2604 facit
446 2561 635 2603 animam
664 2561 878 2603 desudare
911 2559 1057 2603 sordes
1090 2567 1370 2618 peccatorum
1389 2591 1400 2610 ,
1432 2563 1476 2598 et

126 2650 134 2663 ¹
154 2644 217 2674 {kal
252 2655 318 2678 xxi,
340 2644 371 2682 4.
393 2662 432 2666 -
457 2652 469 2666 ²
497 2657 502 2673 ι
529 2647 600 2675 Cor.
622 2655 667 2679 ιιι,
692 2656 742 2685 ¹7·
762 2661 803 2666 —
830 2643 842 2665 3
861 2653 878 2674 2
895 2646 964 2675 Cor.
982 2655 1016 2678 v,
1032 2654 1063 2685 7.
1086 2641 1354 2683 —4E1›11ee.11v,
1376 2650 1428 2680 17.
