1815 3253
0 0 11 60 f

25 87 30 154 1

24 164 29 386 g

24 419 28 500 ξ

403 204 644 236 ENARRA‘no
675 208 722 234 ΙΝ
753 205 958 236 PsALMUM
988 208 1126 236 cxxxr.
1376 196 1458 237 195

81 291 103 316 n
132 273 345 333 Ephrata,
375 272 621 318 invenimus
641 274 688 316 in
708 272 869 333 campis
892 274 1079 319 saltuum
1106 292 1115 318 :
1149 290 1171 315 »
1196 272 1317 334 quod
1347 289 1462 334 prae-

78 343 271 389 dicatum
293 351 356 387 est
376 342 423 387 in
438 342 625 401 imagine
649 342 836 400 Judaeis,
868 342 1194 388 manifestatum
1215 352 1278 388 est
1306 344 1354 388 in
1374 345 1462 389 fide

77 414 297 459 Gentium.
453 413 457 416 ”

132 487 238 529 XII.
278 504 298 528 «
334 484 600 529 Intrabimus
628 485 674 530 in
705 484 986 530 tabernacula
1008 486 1138 545 ejus¹.
1166 502 1187 527 »
1214 486 1350 545 Cujus
1371 487 1464 530 Do-

75 627 239 671 intrant
279 636 330 671 ut
364 627 681 672 inhabitentur.
716 630 767 671 In
809 627 990 671 domum
1019 636 1138 671 tuam
1164 636 1214 671 ut
1249 626 1466 671 inhabites

75 697 230 754 intras,
254 698 300 741 in
318 698 499 742 domum
521 699 593 742 Dei
612 707 659 742 ut
682 698 949 742 inhabiteris.
976 701 1054 742 Est
1075 698 1191 741 enim
1213 698 1366 743 melior
1383 701 1466 743 Do-

75 768 239 822 minus,
266 767 342 827 qui
364 783 464 812 cum
488 777 528 812 te
550 769 732 828 coeperit
754 768 1019 823 inhabitare,
1054 768 1233 811 beatum
1251 777 1295 812 te
1316 767 1460 812 faciet.

74 839 183 882 Nam
205 838 237 881 si
266 846 315 880 tu
336 838 391 880 ab
414 836 488 881 illo
512 853 600 881 non
624 838 898 893 inhabiteris,
924 839 1052 882 miser
1081 839 1176 882 eris.
1204 841 1256 881 In
1283 854 1361 882 sua
1391 854 1465 898 po-

75 915 226 951 testate
246 922 336 951 esse
357 906 497 951 voluit
515 907 588 950 ille
610 907 745 962 filius,
771 908 846 968 qui
867 908 997 963 dixit,
1030 922 1048 949 i<
1074 911 1135 952 Da
1163 908 1271 951 mihi
1295 918 1464 968 partem

77 995 98 1019 »
132 976 380 1036 patrimonii
419 992 519 1036 quae
555 991 624 1020 me
644 978 824 1036 tang-im.
855 982 1016 1021 »Bene
1056 978 1310 1022 servabatur
1346 978 1465 1037 apud

75 1057 239 1108 patrem
255 1083 265 1103 ,
293 1063 347 1091 ne
365 1063 464 1091 cum
488 1047 789 1091 meretricibus
809 1047 1105 1106 dissiparetur.
1130 1048 1328 1107 Accepit,
1351 1047 1466 1092 facta

75 1127 138 1162 est
158 1119 203 1162 in
219 1119 309 1177 ejus
330 1126 543 1177 potestate
569 1137 577 1161 :
603 1116 825 1176 profectus
847 1117 894 1160 in
916 1117 1137 1175 regionem
1158 1117 1462 1177 longinquam,

75 1189 230 1233 effudit
259 1189 403 1233 onmia
436 1204 536 1232 cum
571 1188 888 1232 meretricibus.
914 1191 1067 1231 Passus
1093 1197 1157 1232 est
1181 1187 1359 1232 tandem
1396 1188 1466 1232 fa-

74 1275 186 1304 mem
202 1295 212 1315 ,
238 1259 489 1304 recordatus
511 1268 573 1302 cst
592 1268 781 1318 patrem,
804 1274 998 1303 reversus
1021 1268 1085 1303 est
1099 1293 1110 1314 ,
1136 1268 1186 1303 ut
1207 1274 1319 1318 pane
1346 1268 1466 1303 satu-

74 1339 255 1374 raretur.
281 1333 397 1389 Ergo
420 1330 532 1373 intra
547 1364 557 1383 ,
582 1339 634 1373 ut
655 1329 910 1373 inhabiteris
929 1349 940 1386 ς
965 1338 1008 1373 et
1028 1344 1118 1373 non
1131 1329 1254 1389 quasi
1269 1338 1371 1374 tuus
1393 1330 1462 1385 sis,

73 1400 149 1444 sed
171 1400 301 1444 illius.
332 1420 352 1441 «
371 1400 634 1444 Intrabimus
656 1400 702 1442 in
728 1398 1008 1443 tabernacula
1028 1400 1135 1459 ejus.
1173 1417 1194 1441 ))

130 1473 257 1514 XIII.
284 1490 304 1512 «
329 1470 619 1514 Adorabimus
636 1469 681 1512 in
699 1469 812 1523 loco,
830 1469 907 1513 ubi
923 1478 1136 1513 steterunt
1153 1468 1284 1528 pedes
1307 1471 1414 1530 ejus.
1440 1488 1460 1511 »

73 1541 207 1600 Cujus
227 1540 394 1599 pedes?
417 1539 613 1593 Domini,
642 1555 697 1582 an
719 1539 852 1598 ipsius
885 1538 1041 1582 domus
1064 1539 1239 1583 Domini
1259 1541 1277 1583 P
1301 1543 1464 1584 Domus

75 555 182 600 mini
207 556 285 600 Dei
301 556 453 600 Jacob.
479 556 565 609 Qui
592 556 756 601 intrant
778 565 828 601 ut
847 555 1118 611 inhabitent,
1156 556 1238 615 ipsi
1256 564 1359 600 sunt
1385 556 1464 616 qui

20 1529 23 1614 Ι

74 1611 189 1654 enim
210 1609 382 1654 Domini
405 1618 468 1652 est
488 1644 499 1664 ‚
522 1609 598 1652 ubi
621 1607 727 1652 dicit
748 1609 851 1667 quia
881 1608 1013 1652 debet
1039 1609 1225 1653 adorari.
1256 1627 1277 1650 «
1301 1608 1465 1653 Adora-

77 1699 98 1723 »
132 1682 274 1725 bimus
292 1681 338 1724 in
360 1680 478 1735 loco,
505 1680 581 1723 ubi
597 1689 809 1723 steterunt
839 1679 970 1739 pedes
994 1680 1101 1739 ejus.
1127 1683 1463 1740 »Praeterquam

75 1750 254 1796 domum
276 1766 397 1795 suam
415 1785 425 1805 ‚
450 1765 540 1794 non
563 1750 738 1793 exaudit
761 1753 876 1794 Dcus
898 1749 954 1793 ad
975 1751 1109 1794 vitam
1131 1759 1355 1795 aeternam.
1383 1750 1464 1795 Ille

76 1822 187 1866 enim
209 1820 261 1865 ad
286 1821 468 1864 domum
502 1820 579 1863 Dei
600 1819 816 1878 pertinet,
842 1820 918 1879 qui
941 1829 1005 1862 est
1036 1820 1081 1862 in
1109 1819 1318 1864 charitate
1338 1836 1462 1865 com-

19 1906 22 1920 ¹
75 1892 299 1951 paginatus
320 1889 538 1950 lapidibus
565 1890 685 1934 vivis.
712 1890 797 1942 Qui
818 1898 964 1933 autem
991 1889 1248 1934 charitatem
1270 1905 1360 1934 non
1380 1891 1461 1935 ha-

20 1986 22 2022 }
76 1961 237 2017 buerit,
262 1962 433 2005 ruinam
455 1959 559 2003 facit
595 1975 604 2000 ε
631 1969 674 2004 et
705 1959 781 2004 illo
806 1968 962 2003 ruente
982 1994 992 2014 ,
1012 1958 1169 2003 domus
1197 1968 1296 2004 stat.
1323 1963 1461 2006 Nemo

76 2033 189 2076 enim
209 2033 398 2076 minetur
415 2030 592 2084 domui,
618 2030 695 2073 ubi
721 2045 811 2073 esse
830 2029 953 2089 quasi
968 2028 1076 2088 lapis
1094 2030 1250 2088 coepit,
1277 2029 1312 2073 si
1336 2045 1462 2074 ruere

45 2103 60 2116 ⁸
74 2101 278 2156 voluerit,
303 2100 425 2160 quasi
449 2098 614 2159 aliquid
635 2098 788 2143 domui
809 2107 980 2143 noceat.
1007 2099 1076 2142 Sic
1098 2099 1215 2142 enim
1238 2099 1461 2159 superbie-

75 2181 140 2216 rat
157 2181 200 2215 et
220 2171 385 2231 primus
405 2170 596 2230 populus
628 2170 885 2213 Judaeorum
903 2204 914 2223 ‚
956 2167 1104 2213 dicens
1119 2202 1130 2223 ,
1157 2171 1310 2228 Neque
1342 2169 1459 2214 enim

75 2241 352 2286 fraudaturus
373 2250 437 2285 est
453 2244 565 2284 Deus
582 2249 751 2300 patrem
767 2239 989 2283 Abraham
1003 2274 1015 2294 ,
1036 2239 1107 2283 cui
1125 2239 1322 2298 promisit
1339 2249 1461 2285 tanta

76 2311 128 2357 de
149 2313 311 2357 semine
333 2313 424 2371 ejus
455 2320 497 2354 et
518 2310 737 2355 faciebant
758 2310 904 2354 omnia
929 2309 1042 2353 mala
1075 2319 1285 2369 tanquam
1316 2311 1456 2355 securi

42 2403 46 2406 ⁴
76 2383 130 2427 de
145 2382 457 2442 pollicitatione
479 2381 582 2434 Dei,
618 2379 739 2439 quod
760 2395 850 2424 non
872 2395 950 2439 pro
980 2378 1155 2423 illorum
1188 2380 1350 2425 meritis
1381 2381 1456 2441 qui

77 2452 233 2498 scelera
253 2451 496 2505 faciebant,
521 2449 598 2493 sed
617 2465 699 2508 pro
727 2449 891 2494 meritis
920 2449 1111 2494 Abrahae
1145 2459 1343 2509 parceret
1369 2451 1428 2495 eis
1445 2485 1458 2507 ‚

124 2543 134 2560 ¹
155 2537 238 2570 Psal.
251 2547 359 2578 cxxxi,
377 2546 407 2578 7.
429 2551 470 2558 —
491 2541 504 2558 Β
527 2535 606 2566 huc.
621 2543 678 2575 xv,
701 2538 754 2566 m.

48 2574 75 2612 ὓ
1266 2587 1330 2628 13.
