1815 3253
381 171 464 210 258
801 180 834 208 s.
871 181 1100 211 Aueusnm
1131 184 1311 212 EP1scol>1

376 245 528 304 gionis,
553 260 652 305 quae
671 260 809 304 graece
830 244 1027 305 liturgia,
1050 246 1121 291 vel
1144 246 1268 291 latria
1290 246 1464 303 dicitur,
1488 249 1644 292 sanctis
1667 251 1775 293 An-'

375 315 479 375 gelis
507 315 762 359 exhiberent
787 334 795 360 :
830 315 950 375 quod
981 331 1062 360 nee
1092 316 1172 376 ipsi
1201 317 1395 361 exhiberi
1419 318 1474 376 ab
1508 318 1759 369 hominibus
1794 354 1797 361 .

373 385 545 440 volunt,
571 385 651 429 nisi
672 385 736 429 illi
760 388 849 429 Deo
863 386 938 446 qui
954 395 997 430 et
1009 386 1202 445 ipsorum
1223 396 1267 431 et
1288 387 1514 431 hominum
1537 391 1651 432 Deus
1678 397 1756 433 est.
1793 364 1796 425 l

374 456 499 500 Unde
531 454 671 500 multo
704 454 1044 515 utilius'Angeli
1072 466 1308 513 vocantur,
1341 457 1418 516 qui
1446 457 1580 502 latine
1617 457 1762 502 nuntii

373 535 686 585 nuncupantur
710 544 719 570 ε
746 534 795 569 ut
816 541 892 584 per
915 540 1078 570 nomen
1100 541 1190 570 non
1210 527 1486 582 substantiae,
1510 526 1586 571 sed
1603 527 1759 583 officii,

374 596 473 639 satis
490 594 781 653 intelligamus
800 594 926 639 illum
945 598 1085 639 Deum
1102 611 1125 640 a
1144 596 1271 640 nobis
1293 612 1364 640 eos
1381 596 1465 640 coli
1486 596 1613 652 velle,
1631 611 1764 658 quem
1788 602 1790 610 ’

375 667 595 710 nuntiant.
620 668 774 710 Totam
796 680 898 725 ergo
920 665 1046 710 istam
1071 667 1356 726 quaestionem
1373 667 1562 711 breviter
1579 670 1766 726 Aposto-
1785 668 1787 671 ’

374 735 443 780 lus
465 735 608 790 solvit,
634 735 710 779 ubi
732 736 790 780 ait
815 755 824 780 :
849 755 866 777 «
892 738 1002 782 Nam
1024 736 1102 780 etsi
1116 746 1217 782 sunt
1238 737 1316 797 qui
1340 736 1542 781 dicantur
1568 738 1652 793 dii,
1677 737 1765 783 sive

384 826 402 848 »
437 806 482 850 in
504 805 633 861 coelo,
658 805 746 850 sive
764 806 810 850 in
825 815 954 859 terra,
975 806 1350 867 quemadmodum
1372 816 1474 853 sunt
1492 807 1552 852 dii
1573 807 1703 852 multi
1723 809 1786 858 et

381 898 398 920 »
434 877 600 922 domini
615 876 742 921 multi
760 899 772 936 3
799 879 874 923 sed
894 878 1019 923 nobis
1038 894 1152 922 unus
1174 882 1308 934 Deus,
1328 882 1471 935 Pater,
1489 895 1540 923 ex
1560 895 1650 940 quo
1671 894 1768 924 om·
1780 886 1784 942 J

381 967 401 991 »
436 948 529 1004 nia,
555 957 599 992 et
620 964 698 1002 nos
719 948 765 993 in
789 949 882 1009 ipso
899 984 910 1005 ‚
944 958 987 994 et
1016 965 1127 994 unus
1158 950 1366 994 Dominus
1395 953 1519 995 Jesus
1540 950 1780 1007 Christus,

385 1041 403 1062 »
438 1036 515 1079 per
536 1035 669 1080 quem
691 1021 851 1077 omnia,
877 1029 921 1065 et
937 1037 1015 1066 nos
1031 1037 1107 1080 per
1128 1021 1270 1081 ipsum
1290 1023 1322 1065 1.
1354 1041 1372 1063 »
1778 1068 1780 1073 ⁸

440 1094 515 1135 IV.
535 1092 833 1135 Confiteamur
858 1106 958 1150 ergo
978 1111 998 1134 «
1017 1095 1107 1136 Deo
1129 1091 1335 1147 deorum,
1359 1100 1403 1135 et
1425 1091 1611 1136 Domino
1628 1091 1770 1136 domi-

382 1180 402 1204 »
428 1177 612 1219 norum,3
628 1163 834 1221 quoniam
849 1163 893 1206 in
911 1172 1123 1206 aeternum
1141 1163 1433 1207 misericordia
1448 1163 1552 1222 ejus.
1566 1162 1651 1216 Qui
1667 1161 1750 1217 feci
1810 1157 1815 1201 l

384 1251 404 1274 »
430 1232 642 1275 mirabilia
658 1248 814 1290 magna
835 1231 951 1276 solus
964 1236 996 1276 2.
1018 1251 1038 1274 »
1053 1235 1173 1277 Sicut
1188 1233 1235 1276 in
1257 1234 1452 1276 omnium
1466 1248 1672 1277 versuum
1690 1248 1779 1287 no-

382 1303 562 1347 vissimis
583 1303 780 1362 partibus
799 1303 989 1361 positum
1007 1313 1090 1358 est,
1112 1303 1361 1356 «Quoniam
1382 1303 1427 1345 in
1449 1312 1663 1346 aeternum
1682 1303 1771 1346 mi-

387 1390 408 1414 »
444 1373 676 1417 scricordia
700 1373 789 1432 ejus
822 1392 830 1416 :
859 1391 878 1413 n
910 1373 969 1416 sic
1000 1373 1047 1416 in
1083 1373 1279 1417 omnium
1323 1372 1539 1431 capitibus
1576 1373 1781 1432 quamvi-

1768 1677 1773 1690 „
1800 1646 1815 1722 l<

389 1940 534 1997 Atque
567 1937 736 1980 utinam
763 1936 833 1981 vel
864 1951 1106 1996 pronomen
1138 1934 1370 1990 adderent,
1404 1944 1453 1979 ut
1487 1934 1712 1991 dicerent,
1738 1951 1751 1980 ε
1802 1945 1803 1948 ’

395 2026 415 2050 ι(
451 2006 536 2060 Qui
558 2006 687 2062 facit,
715 2024 736 2048 »
759 2005 830 2051 vel
850 2006 890 2050 ei
911 2025 931 2048 «
950 2006 1033 2059 Qui
1049 2005 1175 2060 fecit,
1200 2024 1219 2046 »
1238 2005 1308 2050 vel
1330 2006 1367 2048 ei
1385 2023 1404 2047 «
1425 2005 1510 2058 Qui
1528 2006 1739 2050 firmavit:
1768 2028 1769 2031 ¹
1794 2019 1797 2040 λ

391 2077 493 2138 quia
523 2077 653 2120 etiam
689 2076 748 2120 sic
775 2075 902 2120 facile
928 2075 1242 2133 intelligeretur
1278 2093 1298 2116 «
1321 2075 1603 2119 Confitemini
1642 2094 1661 2117 »
1689 2091 1767 2120 esi

392 2145 761 2192 subaudiendum.
793 2148 919 2191 Nunc
940 2161 1042 2191 vero
1073 2145 1132 2189 ita
1161 2145 1395 2190 obscurum
1419 2144 1585 2189 sactum
1617 2155 1702 2201 est,
1752 2188 1753 2197 ,

394 2217 471 2278 qui
489 2216 683 2261 codicem
707 2231 897 2275 graecum
926 2215 1015 2259 sive
1037 2216 1237 2259 nescierit
1257 2215 1471 2275 inspicere
1486 2250 1497 2270 ‚
1523 2216 1610 2260 sive
1630 2216 1751 2275 negl¹

396 2377 417 2402 >›
452 2374 570 2413 ram,
596 2357 681 2410 Qui
703 2356 807 2401 fecit
826 2357 1055 2401 luminaria
1074 2392 1084 2412 ‚
1110 2357 1318 2417 quoniam
1338 2357 1384 2401 in
1411 2366 1628 2417 *aeternum
1650 2357 1741 2402 mis
1775 2375 1785 2400 ,π

399 2448 419 2471 »
454 2427 638 2473 ricordia
676 2428 795 2487 ejus,
831 2444 852 2468 »
883 2426 982 2472 ideo
1019 2426 1215 2483 dictum,
1260 2427 1382 2488 quasi
1422 2437 1651 2488 propterea
1692 2428 1727 2473 is

445 2516 453 2532 ¹
482 2525 491 2547 ι
511 2516 583 2548 Cor.
602 2524 673 2555 vm,
692 2512 766 2556 4‚6.
783 2530 825 2536 —-
848 2520 861 2536 ²
879 2512 960 2545 Psal.
978 2523 1090 2556 cxxxv,
1110 2512 1144 2555 4.
1164 2530 1206 2537 -
1226 2511 1240 2537 3
1256 2515 1299 2558 τῷ
1315 2505 1493 2547 ποιήσαντί.
1737 2497 1741 2552 Ι
1785 2522 1791 2530 ·
