1815 3253
330 172 416 215 454
765 183 799 210 s.
834 179 1065 210 Aueusnm
1095 181 1279 209 Emscon

329 253 431 312 quia
461 251 508 295 in
535 248 740 309 operibus
762 248 841 295 Dei
863 258 907 292 et
927 248 1008 308 ipsi
1019 256 1143 292 sunt.
1166 247 1255 300 ,Qui
1271 245 1393 291 enim
1409 245 1512 291 fecit
1533 245 1678 291 omnia
1697 268 1725 301 ‚¹

329 323 420 381 ipse
454 336 533 365 nos
555 318 657 364 fecit
679 319 793 363 inter
816 318 977 362 omnia.
1004 317 1191 362 Proinde
1220 317 1254 361 si
1281 314 1433 361 laudas
1453 329 1584 376 opera
1604 315 1711 370 Dei,

331 402 376 437 et
397 401 440 436 te
460 390 717 436 laudaturus
737 404 780 433 es
802 410 814 447 ς
833 389 936 448 quia
958 397 1002 432 et
1020 395 1072 430 tu
1094 403 1203 446 opus
1224 387 1301 432 Dei
1318 402 1375 431 es.
1403 386 1486 430 Ubi
1507 395 1571 430 est
1593 401 1712 443 ergo,

336 482 358 505 ‹
391 465 491 508 Non
512 471 554 505 te
571 461 722 505 laudet
743 476 789 506 os
805 469 932 505 tuum
951 461 963 484 ¹
978 460 1027 500 5²»
1044 461 1158 503 Eece
1173 458 1401 503 inventum
1414 466 1478 501 est
1493 456 1715 517 quomodo

333 542 376 577 et
397 542 440 576 te
460 531 638 576 laudare
659 530 793 590 possis
808 565 819 584 ,
845 538 888 573 et
910 543 1121 586 arrogans„
1132 543 1221 571 non
1241 528 1310 572 sis.
1338 531 1476 572 Deum
1498 528 1542 570 in
1558 536 1602 572 te
1622 525 1715 570 lau-

338 603 409 656 da,
430 617 520 647 non
543 610 586 644 te
607 616 723 645 :non
744 601 847 659 quia
868 608 915 643 tu
935 614 977 642 es
992 597 1104 652 talis,
1120 597 1195 641 sed
1212 598 1314 657 quia
1329 597 1403 641 ille
1419 595 1522 641 fecit
1536 606 1580 640 te
1597 617 1608 652 3
1626 611 1717 656 nojn

334 673 436 732 quia
459 681 506 714 tu
530 670 695 730 aliquid
718 678 838 729 potes
859 704 870 724 ,
894 667 970 712 sed
992 668 1093 728 quia
1110 676 1252 727 potest
1271 667 1345 711 ille
1365 668 1411 710 in
1432 676 1474 710 te
1495 676 1539 711 et
1556 681 1634 726 per
1657 674 1714 725 te.

337 746 400 787 Ac
421 756 498 800 per
519 741 603 784 hoc
628 739 876 785 laudabunt
898 748 941 782 te
956 773 967 793 ,
997 756 1017 779 «
1042 740 1099 782 Et
1119 738 1323 782 virtutem
1341 747 1461 782 tuam
1484 735 1717 781 annuntia-

329 830 351 853 »
389 813 500 855 bunt
521 832 532 867 3
562 828 581 851 »
607 826 698 854 non
724 829 745 859 (ς
770 825 893 853 suam
919 827 938 850 »
966 807 1040 854 sed
1063 828 1083 850 ‹<
1108 817 1244 852 tuam.
1277 827 1296 850 1>
1324 807 1480 852 Discite
1503 821 1600 864 ergo
1623 806 1720 850 lau-

334 883 451 926 dare.
467 885 690 925 Intuentes
713 896 860 939 opera,
878 879 1349 937 miraminiar-tificenu
1365 879 1522 937 gratias
1533 877 1718 936 agendo,

332 968 420 997 non
448 951 705 1010 arrogando.
744 949 940 994 Laudate
960 949 1062 1010 quia
1084 950 1172 1009 ipse
1194 948 1318 1006 fecit,
1344 950 1446 1010 quia
1468 948 1528 993 sic
1556 947 1718 994 eonsti-

333 1023 439 1077 tuit,
466 1022 567 1081 quia
590 1021 692 1065 talia
714 1020 907 1069 donavit.

394 1096 518 1139 VIII.
556 1092 754 1151 Denique
784 1091 883 1138 vide
913 1105 1014 1150 quae
1035 1079 1306 1149 sequuntur3
1344 1107 1364 1130 «
1388 1088 1605 1132 Virtutem
1623 1122 1634 1141 ,
1655 1087 1723 1132 in-

338 1181 360 1205 »
395 1163 524 1223 quit,
557 1172 678 1206 tuam
709 1160 1070 1215 annuntiabunt,
1104 1169 1158 1204 etv
1180 1159 1544 1217 magnificentiam
1577 1157 1724 1215 gloriae

339 1250 360 1274 »
395 1232 633 1276 sanctitatis
657 1241 745 1274 tuae
778 1230 1038 1288 loquentur,
1065 1238 1107 1272 et
1128 1227 1343 1272 mirabilia
1370 1236 1446 1270 tua
1463 1228 1720 1272 narrabunt.

337 1319 360 1344 »
395 1304 452 1345 Et
480 1302 687 1344 virtutem
715 1298 1053 1343 metuendorum
1087 1306 1264 1342 tuorum
1295 1295 1466 1350 dicent,
1491 1304 1534 1339 et
1555 1295 1725 1353 magni-

338 1391 361 1415 »
396 1371 595 1415 tudinem
627 1379 747 1413 tuam
775 1368 1045 1412 enarrabunt
1076 1383 1186 1416 eam.
1218 1367 1474 1411 Memoriam
1496 1365 1726 1413 abundan-

348 1466 370 1490 »
397 1443 472 1487 tiae
498 1440 718 1486 suavitatis
747 1449 836 1483 tuae
874 1439 1168 1483 eructabunt2
1191 1457 1201 1482 ι
1228 1456 1248 1478 »
1275 1437 1446 1481 nonnisi
1481 1447 1612 1480 tuam.
1639 1439 1725 1482 Iste

339 1527 524 1572 operum
545 1510 864 1563 considerator,
895 1508 995 1554 vide
1016 1508 1050 1552 si
1078 1507 1270 1552 deflexus
1288 1517 1351 1550 est
1369 1507 1424 1550 ab
1443 1516 1650 1565 operante
1670 1504 1727 1549 ad

338 1598 448 1642 opus
467 1601 476 1626 :
500 1581 601 1626 vide
622 1580 657 1623 si
678 1578 840 1627 decidit
862 1579 917 1622 ab
941 1594 992 1623 eo
1014 1579 1090 1638 qui
1112 1577 1230 1632 fecit,
1256 1577 1310 1621 ad
1327 1593 1376 1620 ea
1397 1593 1496 1636 quae
1518 1575 1636 1620 fecit.
1655 1575 1724 1621 Ab

341 1653 408 1698 his
429 1667 529 1712 quae
545 1650 658 1696 sacta
681 1658 799 1704 sunt,
826 1648 1007 1707 gradum
1024 1648 1105 1695 sibi
1127 1647 1230 1692 fecit
1249 1647 1304 1691 ad
1325 1663 1442 1702 eum,
1469 1662 1557 1691 non
1579 1647 1634 1691 ab
1651 1645 1727 1691 illo

342 1722 397 1767 ad
419 1722 497 1767 ista
520 1735 685 1765 casum.
724 1719 767 1764 Si
799 1719 915 1763 enim
939 1717 1146 1762 amaveris
1175 1718 1268 1762 haec
1299 1717 1395 1776 plus
1416 1731 1546 1776 quam
1570 1715 1695 1761 illum
1711 1750 1722 1769 ‚

341 1807 432 1838 non
453 1790 635 1839 habebis
652 1788 793 1834 illum.
820 1791 877 1837 Et
898 1788 1005 1848 quid
1041 1787 1123 1831 tibi
1144 1786 1321 1847 prodest
1341 1787 1566 1831 abundare
1581 1784 1727 1844 operi-

341 1863 424 1908 bus
440 1896 451 1917 ,
482 1862 516 1905 si
547 1870 591 1905 te
611 1859 770 1904 deserit
791 1859 1021 1918 operator?
1043 1859 1171 1903 Certe
1187 1873 1283 1902 ama
1315 1866 1359 1901 et
1380 1857 1475 1900 haec
1493 1877 1504 1913 3
1535 1854 1610 1899 scd
1634 1854 1729 1914 plus

343 1933 469 1978 illum
487 1947 598 1986 ama,
617 1940 660 1975 et
675 1932 770 1975 haec
793 1939 971 1990 propter
992 1927 1118 1974 illum
1141 1944 1252 1972 ama.
1277 1927 1501 1972 Annuntia
1522 1925 1729 1973 virtutem

343 2004 435 2062 ejus
455 2037 468 2057 ‚
491 2001 860 2060 magnificentiam
883 1998 1028 2058 gloriae
1051 1998 1287 2043 sanctitatis
1309 1998 1400 2056 ejus
1422 1997 1600 2054 loquere
1615 2030 1625 2050 ‚
1653 1996 1732 2039 mi-

343 2072 496 2117 rabilia
513 2073 604 2131 ejus
625 2086 776 2117 enarra
789 2106 800 2126 ,
824 2071 1030 2115 virtutem
1046 2067 1381 2113 metuendorum
1404 2065 1487 2111 dic.
1507 2068 1591 2109 Iste
1612 2065 1729 2110 enim

345 2141 542 2187 amabilis
565 2150 628 2186 est
649 2150 692 2185 et
713 2139 929 2186 terribilis
967 2141 1065 2184 Non
1086 2137 1202 2183 enim
1223 2137 1448 2180 blanditur
1469 2145 1512 2180 et
1538 2151 1627 2182 non
1648 2135 1731 2182 mi-

345 2221 490 2257 natur.
519 2211 562 2256 Si
583 2226 672 2255 non
689 2209 987 2264 blandiretur,
1006 2207 1128 2253 nulla
1153 2217 1261 2252 esset
1283 2206 1522 2252 exhortatio
1548 2225 1557 2250 :
1583 2207 1617 2250 si
1641 2221 1732 2250 non

345 2282 584 2330 minaretur
601 2315 612 2335 ‚
637 2279 758 2327 nulla
785 2288 894 2324 esset
921 2279 1152 2338 correptio.
1178 2279 1332 2322 Dicent
1361 2293 1463 2336 ergo
1484 2276 1730 2322 laudatores

347 2352 439 2406 tui,
471 2370 491 2393 «
522 2353 580 2394 Et
599 2350 805 2399 virtutem
832 2349 1195 2406 metuendorum3
1222 2366 1242 2389 ³)
1277 2349 1484 2393 virtutem
1520 2355 1730 2391 creaturae

348 2431 437 2465 tuae
453 2420 673 2481 punientis
689 2429 733 2466 et
753 2419 1027 2479 disciplinam
1046 2419 1188 2465 dantis
1210 2417 1373 2474 dicent,
1390 2433 1479 2462 non
1502 2417 1725 2462 tacebunt.

399 2513 409 2529 ¹
427 2508 522 2539 Prov.
548 2515 651 2548 xxvn,
669 2514 701 2538 2.
722 2521 765 2530 -·
788 2511 801 2528 ²
826 2504 910 2538 Psal.
933 2514 1037 2545 cxmv,
1058 2503 1135 2545 5-7.
