<?xml version="1.0" encoding="UTF-8"?>
<!DOCTYPE html PUBLIC "-//W3C//DTD XHTML 1.0 Transitional//EN"
    "http://www.w3.org/TR/xhtml1/DTD/xhtml1-transitional.dtd">
<html xmlns="http://www.w3.org/1999/xhtml" xml:lang="en" lang="en">
 <head>
  <title>
</title>
<meta http-equiv="Content-Type" content="text/html;charset=utf-8" />
  <meta name='ocr-system' content='tesseract 3.04.00' />
  <meta name='ocr-capabilities' content='ocr_page ocr_carea ocr_par ocr_line ocrx_word'/>
</head>
<body>
  <div class='ocr_page' id='page_1' title='image "./operaomniaaccura12auguuoft_0477.png"; bbox 0 0 1815 3253; ppageno 0'>
   <div class='ocr_carea' id='block_1_1' title="bbox 435 192 1464 232">
    <p class='ocr_par' dir='ltr' id='par_1_1' title="bbox 435 192 1464 232">
     <span class='ocr_line' id='line_1_1' title="bbox 435 192 1464 232; baseline 0.003 -3"><span class='ocrx_word' id='word_1_1' title='bbox 435 201 676 230; x_wconf 78' lang='lat' dir='ltr'>ENARRATIO</span> <span class='ocrx_word' id='word_1_2' title='bbox 708 204 753 231; x_wconf 73' lang='lat' dir='ltr'>m</span> <span class='ocrx_word' id='word_1_3' title='bbox 785 201 989 232; x_wconf 77' lang='lat' dir='ltr'>PsALMUM</span> <span class='ocrx_word' id='word_1_4' title='bbox 1018 205 1161 232; x_wconf 82' lang='lat' dir='ltr'>ch1v.</span> <span class='ocrx_word' id='word_1_5' title='bbox 1378 192 1464 232; x_wconf 79' lang='lat'>467</span> 
     </span>
    </p>
   </div>
   <div class='ocr_carea' id='block_1_2' title="bbox 62 267 1471 2520">
    <p class='ocr_par' dir='ltr' id='par_1_2' title="bbox 62 267 1471 2520">
     <span class='ocr_line' id='line_1_2' title="bbox 139 267 1466 329; baseline 0.002 -16"><span class='ocrx_word' id='word_1_6' title='bbox 139 270 261 313; x_wconf 85' lang='lat' dir='ltr'>XIX.</span> <span class='ocrx_word' id='word_1_7' title='bbox 296 286 317 311; x_wconf 92' lang='lat'>«</span> <span class='ocrx_word' id='word_1_8' title='bbox 341 267 468 313; x_wconf 86' lang='lat' dir='ltr'>Oculi</span> <span class='ocrx_word' id='word_1_9' title='bbox 489 268 687 312; x_wconf 91' lang='lat' dir='ltr'>omnium</span> <span class='ocrx_word' id='word_1_10' title='bbox 707 269 752 313; x_wconf 92' lang='lat' dir='ltr'>in</span> <span class='ocrx_word' id='word_1_11' title='bbox 783 279 827 314; x_wconf 89' lang='lat' dir='ltr'>te</span> <span class='ocrx_word' id='word_1_12' title='bbox 857 279 1032 329; x_wconf 88' lang='lat' dir='ltr'>sperant</span> <span class='ocrx_word' id='word_1_13' title='bbox 1052 305 1062 325; x_wconf 88' lang='lat'>,</span> <span class='ocrx_word' id='word_1_14' title='bbox 1088 279 1130 314; x_wconf 89' lang='lat' dir='ltr'>et</span> <span class='ocrx_word' id='word_1_15' title='bbox 1151 279 1201 314; x_wconf 90' lang='lat' dir='ltr'>tu</span> <span class='ocrx_word' id='word_1_16' title='bbox 1221 269 1298 315; x_wconf 89' lang='lat' dir='ltr'>das</span> <span class='ocrx_word' id='word_1_17' title='bbox 1325 285 1466 315; x_wconf 90' lang='lat' dir='ltr'>escam</span> 
     </span>
     <span class='ocr_line' id='line_1_3' title="bbox 82 338 1466 399; baseline 0.004 -19"><span class='ocrx_word' id='word_1_18' title='bbox 82 356 104 381; x_wconf 88' lang='lat'>»</span> <span class='ocrx_word' id='word_1_19' title='bbox 137 338 221 383; x_wconf 87' lang='lat' dir='ltr'>illis</span> <span class='ocrx_word' id='word_1_20' title='bbox 245 339 289 383; x_wconf 92' lang='lat' dir='ltr'>in</span> <span class='ocrx_word' id='word_1_21' title='bbox 331 339 699 398; x_wconf 81' lang='lat' dir='ltr'>opportunitate¹.</span> <span class='ocrx_word' id='word_1_22' title='bbox 728 357 749 381; x_wconf 93' lang='lat'>»</span> <span class='ocrx_word' id='word_1_23' title='bbox 790 343 969 384; x_wconf 87' lang='lat' dir='ltr'><strong>Prorsus</strong></span> <span class='ocrx_word' id='word_1_24' title='bbox 1001 349 1212 399; x_wconf 85' lang='lat' dir='ltr'><strong>tanquam</strong></span> <span class='ocrx_word' id='word_1_25' title='bbox 1245 341 1466 386; x_wconf 79' lang='lat' dir='ltr'>reficiens?</span> 
     </span>
     <span class='ocr_line' id='line_1_4' title="bbox 78 409 1465 470; baseline 0.002 -18"><span class='ocrx_word' id='word_1_26' title='bbox 78 418 293 468; x_wconf 81' lang='lat' dir='ltr'>aegrotum</span> <span class='ocrx_word' id='word_1_27' title='bbox 311 409 356 453; x_wconf 91' lang='lat' dir='ltr'>in</span> <span class='ocrx_word' id='word_1_28' title='bbox 378 409 727 468; x_wconf 81' lang='lat' dir='ltr'>opportunitate,</span> <span class='ocrx_word' id='word_1_29' title='bbox 752 409 931 470; x_wconf 88' lang='lat' dir='ltr'>quando</span> <span class='ocrx_word' id='word_1_30' title='bbox 952 409 1084 454; x_wconf 90' lang='lat' dir='ltr'>debet</span> <span class='ocrx_word' id='word_1_31' title='bbox 1113 410 1309 469; x_wconf 88' lang='lat' dir='ltr'>accipere</span> <span class='ocrx_word' id='word_1_32' title='bbox 1324 445 1334 465; x_wconf 88' lang='lat'>,</span> <span class='ocrx_word' id='word_1_33' title='bbox 1359 420 1465 455; x_wconf 86' lang='lat' dir='ltr'>tunc</span> 
     </span>
     <span class='ocr_line' id='line_1_5' title="bbox 77 477 1466 540; baseline 0.001 -17"><span class='ocrx_word' id='word_1_34' title='bbox 77 478 176 537; x_wconf 78' lang='lat' dir='ltr'>das3</span> <span class='ocrx_word' id='word_1_35' title='bbox 199 488 242 524; x_wconf 91' lang='lat' dir='ltr'>et</span> <span class='ocrx_word' id='word_1_36' title='bbox 260 477 381 539; x_wconf 85' lang='lat' dir='ltr'>quod</span> <span class='ocrx_word' id='word_1_37' title='bbox 401 478 549 535; x_wconf 79' lang='lat' dir='ltr'>debet,</span> <span class='ocrx_word' id='word_1_38' title='bbox 565 480 648 524; x_wconf 87' lang='lat' dir='ltr'>hoc</span> <span class='ocrx_word' id='word_1_39' title='bbox 669 479 761 524; x_wconf 90' lang='lat' dir='ltr'>das.</span> <span class='ocrx_word' id='word_1_40' title='bbox 780 482 933 540; x_wconf 89' lang='lat' dir='ltr'>Itaque</span> <span class='ocrx_word' id='word_1_41' title='bbox 946 479 1184 540; x_wconf 90' lang='lat' dir='ltr'>aliquando</span> <span class='ocrx_word' id='word_1_42' title='bbox 1195 479 1466 526; x_wconf 88' lang='lat' dir='ltr'>desideratur</span> 
     </span>
     <span class='ocr_line' id='line_1_6' title="bbox 62 549 1467 611; baseline 0.001 -17"><span class='ocrx_word' id='word_1_43' title='bbox 62 549 134 594; x_wconf 90' lang='lat' dir='ltr'>-ab</span> <span class='ocrx_word' id='word_1_44' title='bbox 155 549 254 606; x_wconf 83' lang='lat' dir='ltr'>illo,</span> <span class='ocrx_word' id='word_1_45' title='bbox 279 559 322 595; x_wconf 89' lang='lat' dir='ltr'>et</span> <span class='ocrx_word' id='word_1_46' title='bbox 343 565 433 595; x_wconf 90' lang='lat' dir='ltr'>non</span> <span class='ocrx_word' id='word_1_47' title='bbox 451 549 526 594; x_wconf 88' lang='lat' dir='ltr'>dat</span> <span class='ocrx_word' id='word_1_48' title='bbox 554 571 562 595; x_wconf 88' lang='grc'>;</span> <span class='ocrx_word' id='word_1_49' title='bbox 592 550 713 596; x_wconf 88' lang='lat' dir='ltr'>novit</span> <span class='ocrx_word' id='word_1_50' title='bbox 726 551 879 595; x_wconf 86' lang='lat' dir='ltr'>horam</span> <span class='ocrx_word' id='word_1_51' title='bbox 897 550 1054 606; x_wconf 83' lang='lat' dir='ltr'>dandi,</span> <span class='ocrx_word' id='word_1_52' title='bbox 1080 551 1156 611; x_wconf 91' lang='lat' dir='ltr'>qui</span> <span class='ocrx_word' id='word_1_53' title='bbox 1168 560 1307 595; x_wconf 84' lang='lat' dir='ltr'>curat.</span> <span class='ocrx_word' id='word_1_54' title='bbox 1323 553 1467 604; x_wconf 85' lang='lat' dir='ltr'>Quare</span> 
     </span>
     <span class='ocr_line' id='line_1_7' title="bbox 75 620 1468 682; baseline 0 -18"><span class='ocrx_word' id='word_1_55' title='bbox 75 621 156 665; x_wconf 91' lang='lat' dir='ltr'>ista</span> <span class='ocrx_word' id='word_1_56' title='bbox 176 620 298 676; x_wconf 83' lang='lat' dir='ltr'>dico,</span> <span class='ocrx_word' id='word_1_57' title='bbox 322 620 503 665; x_wconf 82' lang='lat' dir='ltr'>fratres?</span> <span class='ocrx_word' id='word_1_58' title='bbox 524 624 587 667; x_wconf 92' lang='lat' dir='ltr'>Ne</span> <span class='ocrx_word' id='word_1_59' title='bbox 605 621 890 682; x_wconf 87' lang='lat' dir='ltr'>quisquando</span> <span class='ocrx_word' id='word_1_60' title='bbox 912 620 1025 666; x_wconf 90' lang='lat' dir='ltr'>forte</span> <span class='ocrx_word' id='word_1_61' title='bbox 1046 635 1137 665; x_wconf 92' lang='lat' dir='ltr'>non</span> <span class='ocrx_word' id='word_1_62' title='bbox 1159 620 1294 664; x_wconf 86' lang='lat' dir='ltr'>fuerit</span> <span class='ocrx_word' id='word_1_63' title='bbox 1331 636 1468 665; x_wconf 84' lang='lat' dir='ltr'>exau-</span> 
     </span>
     <span class='ocr_line' id='line_1_8' title="bbox 76 689 1466 752; baseline 0.001 -17"><span class='ocrx_word' id='word_1_64' title='bbox 76 691 194 735; x_wconf 91' lang='lat' dir='ltr'>ditus</span> <span class='ocrx_word' id='word_1_65' title='bbox 214 691 379 751; x_wconf 84' lang='lat' dir='ltr'>aliquid</span> <span class='ocrx_word' id='word_1_66' title='bbox 395 693 563 751; x_wconf 84' lang='lat' dir='ltr'>justum</span> <span class='ocrx_word' id='word_1_67' title='bbox 582 701 733 751; x_wconf 90' lang='lat' dir='ltr'>petens</span> <span class='ocrx_word' id='word_1_68' title='bbox 747 707 771 735; x_wconf 90' lang='lat' dir='ltr'>a</span> <span class='ocrx_word' id='word_1_69' title='bbox 792 694 883 736; x_wconf 93' lang='lat' dir='ltr'>Deo</span> <span class='ocrx_word' id='word_1_70' title='bbox 909 711 918 735; x_wconf 88' lang='lat'>:</span> <span class='ocrx_word' id='word_1_71' title='bbox 936 706 1038 735; x_wconf 89' lang='lat' dir='ltr'>nam</span> <span class='ocrx_word' id='word_1_72' title='bbox 1055 689 1234 752; x_wconf 89' lang='lat' dir='ltr'>quando</span> <span class='ocrx_word' id='word_1_73' title='bbox 1252 691 1466 751; x_wconf 81' lang='lat' dir='ltr'>injustum</span> 
     </span>
     <span class='ocr_line' id='line_1_9' title="bbox 76 761 1468 822; baseline 0 -16"><span class='ocrx_word' id='word_1_74' title='bbox 76 761 243 822; x_wconf 88' lang='lat' dir='ltr'>aliquid</span> <span class='ocrx_word' id='word_1_75' title='bbox 265 763 395 822; x_wconf 83' lang='lat' dir='ltr'>petit,</span> <span class='ocrx_word' id='word_1_76' title='bbox 415 763 461 806; x_wconf 90' lang='lat' dir='ltr'>in</span> <span class='ocrx_word' id='word_1_77' title='bbox 478 778 655 822; x_wconf 84' lang='lat' dir='ltr'>poenam</span> <span class='ocrx_word' id='word_1_78' title='bbox 677 777 800 807; x_wconf 91' lang='lat' dir='ltr'>suam</span> <span class='ocrx_word' id='word_1_79' title='bbox 818 762 1076 806; x_wconf 84' lang='lat' dir='ltr'>exauditur:</span> <span class='ocrx_word' id='word_1_80' title='bbox 1099 761 1176 806; x_wconf 91' lang='lat' dir='ltr'>sed</span> <span class='ocrx_word' id='word_1_81' title='bbox 1195 761 1361 822; x_wconf 89' lang='lat' dir='ltr'>aliquid</span> <span class='ocrx_word' id='word_1_82' title='bbox 1378 777 1468 807; x_wconf 87' lang='lat' dir='ltr'>non</span> 
     </span>
     <span class='ocr_line' id='line_1_10' title="bbox 75 831 1467 894; baseline 0.001 -18"><span class='ocrx_word' id='word_1_83' title='bbox 75 832 286 894; x_wconf 89' lang='lat' dir='ltr'>injustum</span> <span class='ocrx_word' id='word_1_84' title='bbox 309 842 460 893; x_wconf 91' lang='lat' dir='ltr'>petens</span> <span class='ocrx_word' id='word_1_85' title='bbox 475 868 486 888; x_wconf 88' lang='lat'>,</span> <span class='ocrx_word' id='word_1_86' title='bbox 516 834 550 878; x_wconf 89' lang='lat' dir='ltr'>si</span> <span class='ocrx_word' id='word_1_87' title='bbox 569 832 680 878; x_wconf 86' lang='lat' dir='ltr'>forte</span> <span class='ocrx_word' id='word_1_88' title='bbox 701 848 791 877; x_wconf 92' lang='lat' dir='ltr'>non</span> <span class='ocrx_word' id='word_1_89' title='bbox 818 831 951 877; x_wconf 88' lang='lat' dir='ltr'>fuerit</span> <span class='ocrx_word' id='word_1_90' title='bbox 971 833 1202 877; x_wconf 88' lang='lat' dir='ltr'>exauditus</span> <span class='ocrx_word' id='word_1_91' title='bbox 1218 866 1230 884; x_wconf 88' lang='lat'><strong>,</strong></span> <span class='ocrx_word' id='word_1_92' title='bbox 1264 848 1356 877; x_wconf 88' lang='lat' dir='ltr'>non</span> <span class='ocrx_word' id='word_1_93' title='bbox 1382 834 1467 877; x_wconf 92' lang='lat' dir='ltr'>mi-</span> 
     </span>
     <span class='ocr_line' id='line_1_11' title="bbox 75 902 1464 963; baseline 0.001 -16"><span class='ocrx_word' id='word_1_94' title='bbox 75 913 239 948; x_wconf 85' lang='lat' dir='ltr'>nuatur</span> <span class='ocrx_word' id='word_1_95' title='bbox 252 905 413 958; x_wconf 74' lang='lat' dir='ltr'>animo,</span> <span class='ocrx_word' id='word_1_96' title='bbox 430 920 517 948; x_wconf 91' lang='lat' dir='ltr'>non</span> <span class='ocrx_word' id='word_1_97' title='bbox 534 904 730 961; x_wconf 74' lang='lat' dir='ltr'>deficiat3</span> <span class='ocrx_word' id='word_1_98' title='bbox 746 912 975 963; x_wconf 81' lang='lat' dir='ltr'>expectent</span> <span class='ocrx_word' id='word_1_99' title='bbox 992 902 1108 947; x_wconf 85' lang='lat' dir='ltr'>oculi</span> <span class='ocrx_word' id='word_1_100' title='bbox 1129 904 1220 963; x_wconf 86' lang='lat' dir='ltr'>ejus</span> <span class='ocrx_word' id='word_1_101' title='bbox 1235 902 1290 948; x_wconf 87' lang='lat' dir='ltr'>ad</span> <span class='ocrx_word' id='word_1_102' title='bbox 1307 919 1464 960; x_wconf 89' lang='lat' dir='ltr'>escam,</span> 
     </span>
     <span class='ocr_line' id='line_1_12' title="bbox 75 973 1468 1034; baseline 0.001 -16"><span class='ocrx_word' id='word_1_103' title='bbox 75 990 208 1034; x_wconf 87' lang='lat' dir='ltr'>quam</span> <span class='ocrx_word' id='word_1_104' title='bbox 226 974 298 1018; x_wconf 88' lang='lat' dir='ltr'>ille</span> <span class='ocrx_word' id='word_1_105' title='bbox 312 974 386 1019; x_wconf 85' lang='lat' dir='ltr'>dat</span> <span class='ocrx_word' id='word_1_106' title='bbox 404 975 448 1018; x_wconf 90' lang='lat' dir='ltr'>in</span> <span class='ocrx_word' id='word_1_107' title='bbox 462 975 804 1033; x_wconf 85' lang='lat' dir='ltr'>opportunitate.</span> <span class='ocrx_word' id='word_1_108' title='bbox 830 974 1017 1027; x_wconf 84' lang='lat' dir='ltr'>Quando</span> <span class='ocrx_word' id='word_1_109' title='bbox 1032 989 1122 1017; x_wconf 90' lang='lat' dir='ltr'>non</span> <span class='ocrx_word' id='word_1_110' title='bbox 1147 973 1238 1029; x_wconf 83' lang='lat' dir='ltr'>dat,</span> <span class='ocrx_word' id='word_1_111' title='bbox 1263 974 1362 1019; x_wconf 85' lang='lat' dir='ltr'>ideo</span> <span class='ocrx_word' id='word_1_112' title='bbox 1378 991 1468 1019; x_wconf 92' lang='lat' dir='ltr'>non</span> 
     </span>
     <span class='ocr_line' id='line_1_13' title="bbox 74 1043 1471 1106; baseline 0.001 -17"><span class='ocrx_word' id='word_1_113' title='bbox 74 1044 150 1089; x_wconf 90' lang='lat' dir='ltr'>dat</span> <span class='ocrx_word' id='word_1_114' title='bbox 165 1061 221 1089; x_wconf 89' lang='lat' dir='ltr'>ne</span> <span class='ocrx_word' id='word_1_115' title='bbox 231 1046 343 1090; x_wconf 89' lang='lat' dir='ltr'>obsit</span> <span class='ocrx_word' id='word_1_116' title='bbox 357 1044 479 1106; x_wconf 86' lang='lat' dir='ltr'>quod</span> <span class='ocrx_word' id='word_1_117' title='bbox 491 1045 580 1089; x_wconf 90' lang='lat' dir='ltr'>dat.</span> <span class='ocrx_word' id='word_1_118' title='bbox 595 1048 746 1105; x_wconf 80' lang='lat' dir='ltr'>Neque</span> <span class='ocrx_word' id='word_1_119' title='bbox 758 1044 874 1088; x_wconf 89' lang='lat' dir='ltr'>enim</span> <span class='ocrx_word' id='word_1_120' title='bbox 892 1043 1058 1104; x_wconf 87' lang='lat' dir='ltr'>aliquid</span> <span class='ocrx_word' id='word_1_121' title='bbox 1069 1044 1277 1104; x_wconf 81' lang='lat' dir='ltr'>injustum</span> <span class='ocrx_word' id='word_1_122' title='bbox 1292 1046 1471 1104; x_wconf 89' lang='lat' dir='ltr'>petebat</span> 
     </span>
     <span class='ocr_line' id='line_1_14' title="bbox 73 1113 1468 1176; baseline -0.001 -15"><span class='ocrx_word' id='word_1_123' title='bbox 73 1116 308 1175; x_wconf 88' lang='lat' dir='ltr'>Apostolus</span> <span class='ocrx_word' id='word_1_124' title='bbox 323 1151 334 1171; x_wconf 79' lang='lat'>‚</span> <span class='ocrx_word' id='word_1_125' title='bbox 363 1114 541 1176; x_wconf 86' lang='lat' dir='ltr'>quando</span> <span class='ocrx_word' id='word_1_126' title='bbox 558 1115 741 1173; x_wconf 83' lang='lat' dir='ltr'>rogabat</span> <span class='ocrx_word' id='word_1_127' title='bbox 762 1123 812 1158; x_wconf 87' lang='lat' dir='ltr'>ut</span> <span class='ocrx_word' id='word_1_128' title='bbox 834 1113 1082 1158; x_wconf 84' lang='lat' dir='ltr'>auferretur</span> <span class='ocrx_word' id='word_1_129' title='bbox 1104 1114 1160 1157; x_wconf 91' lang='lat' dir='ltr'>ab</span> <span class='ocrx_word' id='word_1_130' title='bbox 1183 1130 1234 1158; x_wconf 92' lang='lat' dir='ltr'>eo</span> <span class='ocrx_word' id='word_1_131' title='bbox 1267 1115 1468 1160; x_wconf 89' lang='lat' dir='ltr'>stimulus</span> 
     </span>
     <span class='ocr_line' id='line_1_15' title="bbox 73 1184 1470 1245; baseline 0 -14"><span class='ocrx_word' id='word_1_132' title='bbox 73 1186 229 1242; x_wconf 82' lang='lat' dir='ltr'>carnis,</span> <span class='ocrx_word' id='word_1_133' title='bbox 255 1185 432 1244; x_wconf 81' lang='lat' dir='ltr'>angelus</span> <span class='ocrx_word' id='word_1_134' title='bbox 459 1188 628 1230; x_wconf 80' lang='lat' dir='ltr'>Satanae</span> <span class='ocrx_word' id='word_1_135' title='bbox 651 1200 676 1229; x_wconf 89' lang='lat' dir='ltr'>a</span> <span class='ocrx_word' id='word_1_136' title='bbox 697 1199 787 1245; x_wconf 87' lang='lat' dir='ltr'>quo</span> <span class='ocrx_word' id='word_1_137' title='bbox 819 1184 1176 1244; x_wconf 84' lang='lat' dir='ltr'>colaphizabatur</span> <span class='ocrx_word' id='word_1_138' title='bbox 1202 1204 1211 1229; x_wconf 92' lang='lat'>:</span> <span class='ocrx_word' id='word_1_139' title='bbox 1248 1195 1291 1230; x_wconf 92' lang='lat' dir='ltr'>et</span> <span class='ocrx_word' id='word_1_140' title='bbox 1321 1195 1470 1231; x_wconf 87' lang='lat' dir='ltr'>tamen</span> 
     </span>
     <span class='ocr_line' id='line_1_16' title="bbox 73 1254 1469 1316; baseline 0.001 -16"><span class='ocrx_word' id='word_1_141' title='bbox 73 1257 267 1316; x_wconf 79' lang='lat' dir='ltr'>rogavit,</span> <span class='ocrx_word' id='word_1_142' title='bbox 290 1266 332 1300; x_wconf 90' lang='lat' dir='ltr'>et</span> <span class='ocrx_word' id='word_1_143' title='bbox 354 1272 444 1301; x_wconf 90' lang='lat' dir='ltr'>non</span> <span class='ocrx_word' id='word_1_144' title='bbox 473 1256 669 1315; x_wconf 74' lang='lat' dir='ltr'>accepit3</span> <span class='ocrx_word' id='word_1_145' title='bbox 696 1255 797 1315; x_wconf 83' lang='lat' dir='ltr'>quia</span> <span class='ocrx_word' id='word_1_146' title='bbox 839 1263 1008 1314; x_wconf 89' lang='lat' dir='ltr'>tempus</span> <span class='ocrx_word' id='word_1_147' title='bbox 1043 1254 1188 1299; x_wconf 89' lang='lat' dir='ltr'>adhuc</span> <span class='ocrx_word' id='word_1_148' title='bbox 1220 1265 1312 1299; x_wconf 92' lang='lat' dir='ltr'>erat</span> <span class='ocrx_word' id='word_1_149' title='bbox 1345 1272 1469 1301; x_wconf 86' lang='lat' dir='ltr'>exer-</span> 
     </span>
     <span class='ocr_line' id='line_1_17' title="bbox 74 1325 1464 1384; baseline -0.001 -13"><span class='ocrx_word' id='word_1_150' title='bbox 74 1326 226 1372; x_wconf 82' lang='lat' dir='ltr'>cendae</span> <span class='ocrx_word' id='word_1_151' title='bbox 260 1326 549 1380; x_wconf 67' lang='lat' dir='ltr'>infirmitatis,</span> <span class='ocrx_word' id='word_1_152' title='bbox 581 1341 672 1370; x_wconf 92' lang='lat' dir='ltr'>non</span> <span class='ocrx_word' id='word_1_153' title='bbox 693 1340 802 1369; x_wconf 83' lang='lat' dir='ltr'>escae</span> <span class='ocrx_word' id='word_1_154' title='bbox 835 1325 1189 1384; x_wconf 77' lang='lat' dir='ltr'>opportunitatis.</span> <span class='ocrx_word' id='word_1_155' title='bbox 1219 1344 1239 1367; x_wconf 91' lang='lat'>«</span> <span class='ocrx_word' id='word_1_156' title='bbox 1273 1327 1464 1382; x_wconf 83' lang='lat' dir='ltr'>Sufficit,</span> 
     </span>
     <span class='ocr_line' id='line_1_18' title="bbox 77 1394 1468 1458; baseline 0.003 -21"><span class='ocrx_word' id='word_1_157' title='bbox 77 1415 99 1439; x_wconf 85' lang='lat'>»</span> <span class='ocrx_word' id='word_1_158' title='bbox 133 1398 303 1458; x_wconf 75' lang='lat' dir='ltr'>inquit,</span> <span class='ocrx_word' id='word_1_159' title='bbox 329 1398 409 1442; x_wconf 89' lang='lat' dir='ltr'>tibi</span> <span class='ocrx_word' id='word_1_160' title='bbox 432 1397 565 1455; x_wconf 80' lang='lat' dir='ltr'>gratia</span> <span class='ocrx_word' id='word_1_161' title='bbox 587 1411 705 1453; x_wconf 79' lang='lat' dir='ltr'>mea3</span> <span class='ocrx_word' id='word_1_162' title='bbox 732 1410 834 1439; x_wconf 91' lang='lat' dir='ltr'>nam</span> <span class='ocrx_word' id='word_1_163' title='bbox 857 1394 994 1439; x_wconf 87' lang='lat' dir='ltr'>virtus</span> <span class='ocrx_word' id='word_1_164' title='bbox 1004 1395 1049 1438; x_wconf 91' lang='lat' dir='ltr'>in</span> <span class='ocrx_word' id='word_1_165' title='bbox 1061 1395 1313 1440; x_wconf 87' lang='lat' dir='ltr'>infirmitate</span> <span class='ocrx_word' id='word_1_166' title='bbox 1333 1398 1468 1456; x_wconf 83' lang='lat' dir='ltr'>perfi—</span> 
     </span>
     <span class='ocr_line' id='line_1_19' title="bbox 74 1463 1464 1526; baseline 0.001 -16"><span class='ocrx_word' id='word_1_167' title='bbox 74 1486 96 1511; x_wconf 87' lang='lat'>»</span> <span class='ocrx_word' id='word_1_168' title='bbox 131 1469 286 1513; x_wconf 78' lang='lat' dir='ltr'>citur2.</span> <span class='ocrx_word' id='word_1_169' title='bbox 314 1487 334 1510; x_wconf 74' lang='lat' dir='ltr'>n</span> <span class='ocrx_word' id='word_1_170' title='bbox 363 1467 492 1512; x_wconf 76' lang='lat' dir='ltr'>Petiit</span> <span class='ocrx_word' id='word_1_171' title='bbox 512 1467 597 1511; x_wconf 87' lang='lat' dir='ltr'>Job</span> <span class='ocrx_word' id='word_1_172' title='bbox 635 1463 895 1510; x_wconf 88' lang='lat' dir='ltr'>tentandum</span> <span class='ocrx_word' id='word_1_173' title='bbox 916 1464 1118 1509; x_wconf 84' lang='lat' dir='ltr'>diabolus</span> <span class='ocrx_word' id='word_1_174' title='bbox 1138 1500 1149 1520; x_wconf 80' lang='grc'>,</span> <span class='ocrx_word' id='word_1_175' title='bbox 1189 1475 1232 1510; x_wconf 91' lang='lat' dir='ltr'>et</span> <span class='ocrx_word' id='word_1_176' title='bbox 1253 1468 1419 1526; x_wconf 89' lang='lat' dir='ltr'>accepit</span> <span class='ocrx_word' id='word_1_177' title='bbox 1433 1469 1464 1513; x_wconf 77' lang='lat'>³.</span> 
     </span>
     <span class='ocr_line' id='line_1_20' title="bbox 73 1535 1466 1595; baseline -0.001 -11"><span class='ocrx_word' id='word_1_178' title='bbox 73 1539 321 1595; x_wconf 81' lang='lat' dir='ltr'>Attendite,</span> <span class='ocrx_word' id='word_1_179' title='bbox 346 1537 501 1583; x_wconf 90' lang='lat' dir='ltr'>fratres</span> <span class='ocrx_word' id='word_1_180' title='bbox 523 1537 634 1591; x_wconf 84' lang='lat' dir='ltr'>mei,</span> <span class='ocrx_word' id='word_1_181' title='bbox 658 1550 872 1594; x_wconf 84' lang='lat' dir='ltr'>magnum</span> <span class='ocrx_word' id='word_1_182' title='bbox 893 1535 1175 1592; x_wconf 76' lang='lat' dir='ltr'>mysterium,</span> <span class='ocrx_word' id='word_1_183' title='bbox 1190 1535 1466 1594; x_wconf 85' lang='lat' dir='ltr'>discendum,</span> 
     </span>
     <span class='ocr_line' id='line_1_21' title="bbox 72 1598 1466 1672; baseline -0.003 -16"><span class='ocrx_word' id='word_1_184' title='bbox 72 1609 360 1672; x_wconf 89' lang='lat' dir='ltr'>repetendum</span> <span class='ocrx_word' id='word_1_185' title='bbox 375 1645 386 1665; x_wconf 88' lang='lat'>,</span> <span class='ocrx_word' id='word_1_186' title='bbox 406 1607 647 1653; x_wconf 87' lang='lat' dir='ltr'>tenendum</span> <span class='ocrx_word' id='word_1_187' title='bbox 662 1606 807 1650; x_wconf 87' lang='lat' dir='ltr'>animo</span> <span class='ocrx_word' id='word_1_188' title='bbox 821 1641 833 1661; x_wconf 83' lang='lat'>‚</span> <span class='ocrx_word' id='word_1_189' title='bbox 852 1620 1082 1665; x_wconf 89' lang='lat' dir='ltr'>nunquam</span> <span class='ocrx_word' id='word_1_190' title='bbox 1104 1598 1466 1665; x_wconf 66' lang='lat' dir='ltr'>obliviscendum,</span> 
     </span>
     <span class='ocr_line' id='line_1_22' title="bbox 71 1676 1468 1744; baseline -0.003 -16"><span class='ocrx_word' id='word_1_191' title='bbox 71 1692 250 1744; x_wconf 89' lang='lat' dir='ltr'>propter</span> <span class='ocrx_word' id='word_1_192' title='bbox 282 1680 598 1726; x_wconf 86' lang='lat' dir='ltr'>abundantiam</span> <span class='ocrx_word' id='word_1_193' title='bbox 630 1678 923 1723; x_wconf 87' lang='lat' dir='ltr'>tentationum</span> <span class='ocrx_word' id='word_1_194' title='bbox 945 1677 992 1721; x_wconf 92' lang='lat' dir='ltr'>in</span> <span class='ocrx_word' id='word_1_195' title='bbox 1020 1676 1104 1722; x_wconf 90' lang='lat' dir='ltr'>isto</span> <span class='ocrx_word' id='word_1_196' title='bbox 1136 1677 1311 1722; x_wconf 83' lang='lat' dir='ltr'>saeculo.</span> <span class='ocrx_word' id='word_1_197' title='bbox 1350 1680 1468 1732; x_wconf 75' lang='lat' dir='ltr'>Quid</span> 
     </span>
     <span class='ocr_line' id='line_1_23' title="bbox 72 1747 1468 1809; baseline -0.004 -10"><span class='ocrx_word' id='word_1_198' title='bbox 72 1755 244 1800; x_wconf 78' lang='lat' dir='ltr'>dicam?</span> <span class='ocrx_word' id='word_1_199' title='bbox 266 1755 434 1797; x_wconf 87' lang='lat' dir='ltr'>Revera</span> <span class='ocrx_word' id='word_1_200' title='bbox 457 1747 777 1809; x_wconf 89' lang='lat' dir='ltr'>comparandus</span> <span class='ocrx_word' id='word_1_201' title='bbox 800 1748 1035 1808; x_wconf 86' lang='lat' dir='ltr'>Apostolus</span> <span class='ocrx_word' id='word_1_202' title='bbox 1057 1747 1234 1792; x_wconf 89' lang='lat' dir='ltr'>diabolo</span> <span class='ocrx_word' id='word_1_203' title='bbox 1247 1750 1265 1791; x_wconf 72' lang='lat'>‘3</span> <span class='ocrx_word' id='word_1_204' title='bbox 1278 1752 1468 1809; x_wconf 89' lang='lat' dir='ltr'>Aposto-</span> 
     </span>
     <span class='ocr_line' id='line_1_24' title="bbox 72 1817 1466 1883; baseline -0.003 -13"><span class='ocrx_word' id='word_1_205' title='bbox 72 1824 142 1870; x_wconf 90' lang='lat' dir='ltr'>lus</span> <span class='ocrx_word' id='word_1_206' title='bbox 162 1833 308 1883; x_wconf 79' lang='lat' dir='ltr'>rogat,</span> <span class='ocrx_word' id='word_1_207' title='bbox 333 1831 378 1867; x_wconf 91' lang='lat' dir='ltr'>et</span> <span class='ocrx_word' id='word_1_208' title='bbox 391 1837 482 1866; x_wconf 92' lang='lat' dir='ltr'>non</span> <span class='ocrx_word' id='word_1_209' title='bbox 510 1820 668 1880; x_wconf 84' lang='lat' dir='ltr'>accipit</span> <span class='ocrx_word' id='word_1_210' title='bbox 689 1840 700 1877; x_wconf 81' lang='lat'>3</span> <span class='ocrx_word' id='word_1_211' title='bbox 725 1817 926 1863; x_wconf 90' lang='lat' dir='ltr'>diabolus</span> <span class='ocrx_word' id='word_1_212' title='bbox 947 1818 1084 1878; x_wconf 82' lang='lat' dir='ltr'>petit,</span> <span class='ocrx_word' id='word_1_213' title='bbox 1109 1828 1153 1863; x_wconf 91' lang='lat' dir='ltr'>et</span> <span class='ocrx_word' id='word_1_214' title='bbox 1182 1819 1352 1879; x_wconf 89' lang='lat' dir='ltr'>accipit.</span> <span class='ocrx_word' id='word_1_215' title='bbox 1380 1821 1466 1866; x_wconf 90' lang='lat' dir='ltr'>Sed</span> 
     </span>
     <span class='ocr_line' id='line_1_25' title="bbox 72 1886 1468 1953; baseline -0.003 -13"><span class='ocrx_word' id='word_1_216' title='bbox 72 1911 162 1940; x_wconf 90' lang='lat' dir='ltr'>non</span> <span class='ocrx_word' id='word_1_217' title='bbox 185 1894 352 1953; x_wconf 88' lang='lat' dir='ltr'>accepit</span> <span class='ocrx_word' id='word_1_218' title='bbox 373 1890 607 1952; x_wconf 87' lang='lat' dir='ltr'>Apostolus</span> <span class='ocrx_word' id='word_1_219' title='bbox 630 1898 808 1949; x_wconf 87' lang='lat' dir='ltr'>propter</span> <span class='ocrx_word' id='word_1_220' title='bbox 828 1886 1143 1948; x_wconf 87' lang='lat' dir='ltr'>perfectionem</span> <span class='ocrx_word' id='word_1_221' title='bbox 1170 1905 1316 1945; x_wconf 85' lang='lat' dir='ltr'>suam,</span> <span class='ocrx_word' id='word_1_222' title='bbox 1348 1906 1468 1936; x_wconf 89' lang='lat' dir='ltr'>acce-</span> 
     </span>
     <span class='ocr_line' id='line_1_26' title="bbox 71 1960 1466 2027; baseline -0.002 -16"><span class='ocrx_word' id='word_1_223' title='bbox 71 1967 139 2027; x_wconf 88' lang='lat' dir='ltr'>pit</span> <span class='ocrx_word' id='word_1_224' title='bbox 170 1963 371 2010; x_wconf 89' lang='lat' dir='ltr'>diabolus</span> <span class='ocrx_word' id='word_1_225' title='bbox 404 1961 458 2006; x_wconf 86' lang='lat' dir='ltr'>ad</span> <span class='ocrx_word' id='word_1_226' title='bbox 486 1961 813 2005; x_wconf 86' lang='lat' dir='ltr'>damnationem</span> <span class='ocrx_word' id='word_1_227' title='bbox 842 1974 981 2003; x_wconf 89' lang='lat' dir='ltr'>suam.</span> <span class='ocrx_word' id='word_1_228' title='bbox 1022 1960 1220 2020; x_wconf 89' lang='lat' dir='ltr'>Denique</span> <span class='ocrx_word' id='word_1_229' title='bbox 1255 1960 1346 2020; x_wconf 91' lang='lat' dir='ltr'>ipse</span> <span class='ocrx_word' id='word_1_230' title='bbox 1379 1963 1466 2008; x_wconf 87' lang='lat' dir='ltr'>Job</span> 
     </span>
     <span class='ocr_line' id='line_1_27' title="bbox 72 2030 1466 2096; baseline -0.003 -15"><span class='ocrx_word' id='word_1_231' title='bbox 72 2037 238 2096; x_wconf 90' lang='lat' dir='ltr'>accepit</span> <span class='ocrx_word' id='word_1_232' title='bbox 257 2034 487 2079; x_wconf 90' lang='lat' dir='ltr'>sanitatem</span> <span class='ocrx_word' id='word_1_233' title='bbox 510 2032 556 2075; x_wconf 91' lang='lat' dir='ltr'>in</span> <span class='ocrx_word' id='word_1_234' title='bbox 570 2031 912 2090; x_wconf 79' lang='lat' dir='ltr'>opportunitate.</span> <span class='ocrx_word' id='word_1_235' title='bbox 930 2030 1098 2074; x_wconf 86' lang='lat' dir='ltr'>Dilatus</span> <span class='ocrx_word' id='word_1_236' title='bbox 1116 2039 1263 2075; x_wconf 90' lang='lat' dir='ltr'>tamen</span> <span class='ocrx_word' id='word_1_237' title='bbox 1278 2066 1290 2087; x_wconf 83' lang='lat'>‚</span> <span class='ocrx_word' id='word_1_238' title='bbox 1306 2041 1356 2075; x_wconf 91' lang='lat' dir='ltr'>ut</span> <span class='ocrx_word' id='word_1_239' title='bbox 1369 2048 1466 2092; x_wconf 91' lang='lat' dir='ltr'>pro-</span> 
     </span>
     <span class='ocr_line' id='line_1_28' title="bbox 72 2100 1466 2164; baseline -0.003 -10"><span class='ocrx_word' id='word_1_240' title='bbox 72 2111 273 2162; x_wconf 83' lang='lat' dir='ltr'>baretur‚</span> <span class='ocrx_word' id='word_1_241' title='bbox 293 2115 336 2151; x_wconf 86' lang='lat' dir='ltr'>et</span> <span class='ocrx_word' id='word_1_242' title='bbox 358 2104 436 2149; x_wconf 91' lang='lat' dir='ltr'>diu</span> <span class='ocrx_word' id='word_1_243' title='bbox 458 2104 568 2148; x_wconf 87' lang='lat' dir='ltr'>sedit</span> <span class='ocrx_word' id='word_1_244' title='bbox 589 2103 635 2146; x_wconf 87' lang='lat' dir='ltr'>in</span> <span class='ocrx_word' id='word_1_245' title='bbox 655 2102 859 2155; x_wconf 88' lang='lat' dir='ltr'>vulnere,</span> <span class='ocrx_word' id='word_1_246' title='bbox 886 2110 929 2145; x_wconf 84' lang='lat' dir='ltr'>et</span> <span class='ocrx_word' id='word_1_247' title='bbox 951 2100 1089 2146; x_wconf 89' lang='lat' dir='ltr'>multa</span> <span class='ocrx_word' id='word_1_248' title='bbox 1111 2100 1220 2146; x_wconf 83' lang='lat' dir='ltr'>dixit</span> <span class='ocrx_word' id='word_1_249' title='bbox 1241 2123 1252 2159; x_wconf 79' lang='lat'>3</span> <span class='ocrx_word' id='word_1_250' title='bbox 1277 2112 1321 2147; x_wconf 93' lang='lat' dir='ltr'>et</span> <span class='ocrx_word' id='word_1_251' title='bbox 1337 2119 1466 2164; x_wconf 85' lang='lat' dir='ltr'>roga-</span> 
     </span>
     <span class='ocr_line' id='line_1_29' title="bbox 71 2172 1464 2226; baseline -0.004 0"><span class='ocrx_word' id='word_1_252' title='bbox 71 2181 149 2226; x_wconf 84' lang='lat' dir='ltr'>bat</span> <span class='ocrx_word' id='word_1_253' title='bbox 162 2183 304 2224; x_wconf 89' lang='lat' dir='ltr'>Deum</span> <span class='ocrx_word' id='word_1_254' title='bbox 324 2185 375 2220; x_wconf 89' lang='lat' dir='ltr'>ut</span> <span class='ocrx_word' id='word_1_255' title='bbox 397 2174 672 2219; x_wconf 81' lang='lat' dir='ltr'>auferrentur</span> <span class='ocrx_word' id='word_1_256' title='bbox 693 2173 749 2216; x_wconf 88' lang='lat' dir='ltr'>ab</span> <span class='ocrx_word' id='word_1_257' title='bbox 767 2187 818 2216; x_wconf 89' lang='lat' dir='ltr'>eo</span> <span class='ocrx_word' id='word_1_258' title='bbox 839 2172 919 2216; x_wconf 90' lang='lat' dir='ltr'>ista</span> <span class='ocrx_word' id='word_1_259' title='bbox 938 2206 949 2226; x_wconf 88' lang='lat'>‚</span> <span class='ocrx_word' id='word_1_260' title='bbox 976 2181 1020 2216; x_wconf 92' lang='lat' dir='ltr'>et</span> <span class='ocrx_word' id='word_1_261' title='bbox 1041 2175 1155 2216; x_wconf 91' lang='lat' dir='ltr'>Deus</span> <span class='ocrx_word' id='word_1_262' title='bbox 1178 2188 1269 2216; x_wconf 92' lang='lat' dir='ltr'>non</span> <span class='ocrx_word' id='word_1_263' title='bbox 1290 2173 1464 2220; x_wconf 82' lang='lat' dir='ltr'>aufere-</span> 
     </span>
     <span class='ocr_line' id='line_1_30' title="bbox 71 2241 1464 2304; baseline -0.005 -7"><span class='ocrx_word' id='word_1_264' title='bbox 71 2251 164 2296; x_wconf 87' lang='lat' dir='ltr'>bat.</span> <span class='ocrx_word' id='word_1_265' title='bbox 190 2249 327 2295; x_wconf 86' lang='lat' dir='ltr'>Citius</span> <span class='ocrx_word' id='word_1_266' title='bbox 351 2244 578 2290; x_wconf 80' lang='lat' dir='ltr'>diabolum</span> <span class='ocrx_word' id='word_1_267' title='bbox 599 2241 819 2287; x_wconf 85' lang='lat' dir='ltr'>exaudivit</span> <span class='ocrx_word' id='word_1_268' title='bbox 841 2241 895 2286; x_wconf 90' lang='lat' dir='ltr'>ad</span> <span class='ocrx_word' id='word_1_269' title='bbox 913 2257 1013 2285; x_wconf 91' lang='lat' dir='ltr'>eum</span> <span class='ocrx_word' id='word_1_270' title='bbox 1024 2241 1308 2298; x_wconf 84' lang='lat' dir='ltr'>tentandum,</span> <span class='ocrx_word' id='word_1_271' title='bbox 1329 2260 1464 2304; x_wconf 90' lang='lat' dir='ltr'>quam</span> 
     </span>
     <span class='ocr_line' id='line_1_31' title="bbox 71 2313 1464 2383; baseline -0.006 -15"><span class='ocrx_word' id='word_1_272' title='bbox 71 2324 216 2383; x_wconf 88' lang='lat' dir='ltr'>ipsum</span> <span class='ocrx_word' id='word_1_273' title='bbox 243 2319 328 2364; x_wconf 90' lang='lat' dir='ltr'>Job</span> <span class='ocrx_word' id='word_1_274' title='bbox 360 2317 415 2361; x_wconf 90' lang='lat' dir='ltr'>ad</span> <span class='ocrx_word' id='word_1_275' title='bbox 447 2313 705 2360; x_wconf 88' lang='lat' dir='ltr'>sanandum.</span> <span class='ocrx_word' id='word_1_276' title='bbox 738 2313 894 2357; x_wconf 86' lang='lat' dir='ltr'>Discite</span> <span class='ocrx_word' id='word_1_277' title='bbox 928 2326 1029 2370; x_wconf 84' lang='lat' dir='ltr'>ergo</span> <span class='ocrx_word' id='word_1_278' title='bbox 1060 2328 1151 2356; x_wconf 92' lang='lat' dir='ltr'>non</span> <span class='ocrx_word' id='word_1_279' title='bbox 1189 2328 1464 2360; x_wconf 86' lang='lat' dir='ltr'>murmurare</span> 
     </span>
     <span class='ocr_line' id='line_1_32' title="bbox 75 2381 1465 2444; baseline -0.006 -5"><span class='ocrx_word' id='word_1_280' title='bbox 75 2394 278 2439; x_wconf 89' lang='lat' dir='ltr'>adversus</span> <span class='ocrx_word' id='word_1_281' title='bbox 312 2392 471 2441; x_wconf 82' lang='lat' dir='ltr'>Deum,</span> <span class='ocrx_word' id='word_1_282' title='bbox 498 2394 541 2429; x_wconf 93' lang='lat' dir='ltr'>et</span> <span class='ocrx_word' id='word_1_283' title='bbox 562 2382 740 2444; x_wconf 87' lang='lat' dir='ltr'>quando</span> <span class='ocrx_word' id='word_1_284' title='bbox 766 2399 856 2428; x_wconf 93' lang='lat' dir='ltr'>non</span> <span class='ocrx_word' id='word_1_285' title='bbox 882 2381 1178 2437; x_wconf 80' lang='lat' dir='ltr'>exaudimini,</span> <span class='ocrx_word' id='word_1_286' title='bbox 1211 2397 1268 2426; x_wconf 90' lang='lat' dir='ltr'>ne</span> <span class='ocrx_word' id='word_1_287' title='bbox 1290 2382 1465 2431; x_wconf 88' lang='lat' dir='ltr'>deficiat</span> 
     </span>
     <span class='ocr_line' id='line_1_33' title="bbox 74 2451 1461 2520; baseline -0.006 -10"><span class='ocrx_word' id='word_1_288' title='bbox 74 2465 121 2510; x_wconf 89' lang='lat' dir='ltr'>in</span> <span class='ocrx_word' id='word_1_289' title='bbox 142 2462 267 2509; x_wconf 86' lang='lat' dir='ltr'>vobis</span> <span class='ocrx_word' id='word_1_290' title='bbox 284 2458 405 2520; x_wconf 87' lang='lat' dir='ltr'>quod</span> <span class='ocrx_word' id='word_1_291' title='bbox 418 2471 547 2517; x_wconf 88' lang='lat' dir='ltr'>supra</span> <span class='ocrx_word' id='word_1_292' title='bbox 568 2454 777 2514; x_wconf 88' lang='lat' dir='ltr'>scriptum</span> <span class='ocrx_word' id='word_1_293' title='bbox 795 2462 880 2509; x_wconf 82' lang='lat' dir='ltr'>est,</span> <span class='ocrx_word' id='word_1_294' title='bbox 910 2472 931 2495; x_wconf 87' lang='lat'>«</span> <span class='ocrx_word' id='word_1_295' title='bbox 956 2455 1038 2496; x_wconf 88' lang='lat' dir='ltr'>Per</span> <span class='ocrx_word' id='word_1_296' title='bbox 1060 2451 1254 2511; x_wconf 83' lang='lat' dir='ltr'>singulos</span> <span class='ocrx_word' id='word_1_297' title='bbox 1268 2451 1358 2500; x_wconf 87' lang='lat' dir='ltr'>dies</span> <span class='ocrx_word' id='word_1_298' title='bbox 1379 2455 1461 2501; x_wconf 87' lang='lat' dir='ltr'>be-</span> 
     </span>
    </p>
   </div>
   <div class='ocr_carea' id='block_1_3' title="bbox 122 2535 1089 2586">
    <p class='ocr_par' dir='ltr' id='par_1_3' title="bbox 122 2535 1089 2586">
     <span class='ocr_line' id='line_1_34' title="bbox 122 2535 1089 2586; baseline -0.013 -5"><span class='ocrx_word' id='word_1_299' title='bbox 122 2556 132 2573; x_wconf 86' lang='lat'>¹</span> <span class='ocrx_word' id='word_1_300' title='bbox 154 2547 234 2581; x_wconf 85' lang='lat' dir='ltr'>Psal.</span> <span class='ocrx_word' id='word_1_301' title='bbox 258 2555 363 2586; x_wconf 54' lang='lat' dir='ltr'>cxxiv,</span> <span class='ocrx_word' id='word_1_302' title='bbox 387 2541 438 2576; x_wconf 90' lang='lat'>15.</span> <span class='ocrx_word' id='word_1_303' title='bbox 460 2558 501 2565; x_wconf 95' lang='lat'>—</span> <span class='ocrx_word' id='word_1_304' title='bbox 522 2547 535 2565; x_wconf 88' lang='lat'><em>2</em></span> <span class='ocrx_word' id='word_1_305' title='bbox 553 2549 573 2573; x_wconf 89' lang='lat'><strong>2</strong></span> <span class='ocrx_word' id='word_1_306' title='bbox 591 2542 666 2574; x_wconf 86' lang='lat' dir='ltr'>Cor.</span> <span class='ocrx_word' id='word_1_307' title='bbox 684 2546 793 2581; x_wconf 70' lang='lat' dir='ltr'>xn‚&#39;9.</span> <span class='ocrx_word' id='word_1_308' title='bbox 815 2553 857 2562; x_wconf 91' lang='lat'>·-</span> <span class='ocrx_word' id='word_1_309' title='bbox 878 2535 892 2561; x_wconf 83' lang='lat'><strong>3</strong></span> <span class='ocrx_word' id='word_1_310' title='bbox 911 2536 1037 2577; x_wconf 28' lang='lat' dir='ltr'>Jobfln,</span> <span class='ocrx_word' id='word_1_311' title='bbox 1055 2547 1089 2579; x_wconf 89' lang='lat'>9.</span> 
     </span>
    </p>
   </div>
   <div class='ocr_carea' id='block_1_4' title="bbox 1209 2590 1277 2631">
    <p class='ocr_par' dir='ltr' id='par_1_4' title="bbox 1209 2590 1277 2631">
     <span class='ocr_line' id='line_1_35' title="bbox 1209 2590 1277 2631; baseline 0 0"><span class='ocrx_word' id='word_1_312' title='bbox 1209 2590 1277 2631; x_wconf 87' lang='lat'>30.</span> 
     </span>
    </p>
   </div>
  </div>
 </body>
</html>
