1815 3253
360 182 602 213 ENAnnAzrio
634 187 679 213 IN
712 184 915 214 PsALMUM
945 186 1040 214 cn..
1318 177 1397 215 381

24 260 165 296 tecum
187 258 296 294 esset
316 264 454 310 usque
475 251 531 294 ad
553 259 765 308 mortem,
791 252 958 296 audivit
979 251 1158 312 quidem
1183 267 1207 296 a
1234 251 1405 298 medico

19 322 127 383 quid
159 321 206 366 in
233 337 277 366 se
312 330 512 380 ageretur
551 332 753 380 aegrotus.
788 327 821 368 F
826 324 997 367 ebriens
1033 322 1150 366 enim
1179 338 1334 367 sanum
1361 340 1406 368 se

19 391 212 447 dixerat,
244 391 386 436 cordis
412 408 565 437 venam
587 392 660 437 ille
682 394 905 453 tangebat.
932 396 1123 438 Ventum
1145 402 1209 438 est
1229 394 1284 438 ad
1309 403 1406 437 ten-

20 463 252 517 tationem,
279 470 461 508 ventum
497 471 561 506 est
590 463 645 507 ad
667 463 996 523 probationem,
1040 472 1224 508 ventum
1261 472 1327 507 est
1351 462 1406 506 ad

19 532 364 590 accusationem3
395 541 439 576 et
466 533 558 592 jam
584 533 675 593 ipse
714 534 1029 591 interrogatus,
1062 548 1151 577 non
1183 534 1238 576 ab
1261 532 1406 592 aliqua

19 619 173 662 magna
187 613 399 663 potestate
415 639 426 660 ,
447 603 523 648 sed
537 605 591 648 ab
609 605 762 650 infimo
778 604 996 663 mancipio
1013 638 1023 658 ,
1046 612 1090 649 et
1105 604 1189 648 hoc
1205 602 1403 658 foemina,

19 673 74 733 ab
95 673 251 718 ancilla
267 674 559 733 interrogatus
581 674 829 719 succubuit.
850 674 1033 733 Negavit
1054 683 1133 717 ter.
1163 673 1305 718 Semel
1325 689 1406 717 ne-

20 752 120 803 gato
137 778 148 799 ,
163 758 264 788 cum
280 753 594 789 memoraretur
616 745 792 804 negavit
812 745 969 789 iterum
990 763 998 788 :
1024 744 1088 788 bis
1109 753 1284 803 negato,
1305 758 1407 787 cum

17 823 330 858 memoraretur
347 849 358 870 ,
381 814 556 873 negavit
579 815 722 860 tertio.
761 817 855 860 Hoc
876 814 1136 875 praedixerat
1155 814 1366 860 Dominus
1394 832 1404 858 ε

18 899 107 929 non
120 893 401 944 praeceperat,
417 900 508 929 non
525 888 740 944 coegerat.
753 888 839 930 Aut
851 885 885 929 si
902 894 1130 944 propterea
1143 893 1322 944 putatur
1331 887 1410 928 Pe-

19 964 111 1016 trus
140 964 257 1000 recte
277 954 452 1010 fecisse,
492 956 596 1015 quia
617 957 701 1001 hoc
723 955 985 1017 praedixerat
1022 956 1232 1001 Dominus
1259 975 1267 1000 :
1293 964 1410 1000 recte

17 1023 123 1072 fecit
143 1036 188 1071 et
223 1029 247 1071 J
252 1025 359 1071 udas
381 1026 460 1086 qui
490 1026 672 1072 tradidit
691 1044 792 1073 eum
808 1063 820 1083 ,
842 1028 946 1088 quia
970 1036 1013 1072 et
1045 1028 1129 1071 hoc
1150 1024 1410 1086 praedixerat

19 1098 244 1142 Dominus.
262 1096 392 1141 Absit
406 1131 417 1152 ,
444 1095 597 1141 fratres
618 1099 718 1141 mei.
747 1101 851 1142 Haec
874 1113 957 1141 vox
972 1097 1149 1142 illorum
1170 1096 1410 1140 electorum

10 1167 11 1177 ³
27 1177 106 1224 st,
132 1168 209 1229 qui
228 1168 357 1212 etiam
376 1176 552 1227 peccata
566 1183 643 1211 sua
665 1166 913 1212 defendunt
934 1167 1080 1227 potius
1095 1202 1106 1222 ,
1125 1183 1257 1227 quam
1275 1165 1410 1210 faten-

11 1248 105 1284 tur.
126 1242 305 1284 Petrum
333 1238 476 1298 ipsum
496 1238 640 1298 potius
670 1238 961 1283 attendamus,
997 1238 1041 1283 Si
1062 1237 1171 1281 nihil
1187 1237 1408 1297 peccavit,

10 1314 13 1325 ’“
50 1325 153 1354 uare
184 1310 323 1354 flevit?
355 1311 454 1355 Non
487 1309 805 1368 interrogemus
822 1308 877 1352 de
903 1312 1058 1363 Petro,
1087 1307 1169 1352 nisi
1199 1308 1412 1365 lacrymas

11 1412 15 1439 3
44 1381 170 1439 petri:
206 1378 421 1424 fideliores
442 1387 571 1424 testes
604 1379 659 1424 de
698 1378 774 1423 illo
809 1394 900 1423 non
934 1379 1194 1423 invenimus.
1227 1378 1414 1422 «Flevit

10 1456 206 1498 ¹».amare
220 1486 231 1506 ,
250 1451 396 1511 inquit
412 1453 443 1494 1.
458 1469 479 1492 »
500 1450 708 1496 Nondum
729 1450 914 1495 idoneus
936 1460 1028 1495 erat
1050 1450 1241 1509 passioni
1261 1465 1269 1490 :
1295 1468 1315 1492 «
1334 1452 1412 1494 Se-

9 1508 44 1564 ³..)
58 1522 203 1582 queris
217 1537 287 1565 me
308 1530 457 1581 postea
470 1524 533 1576 2,»
553 1520 617 1565 illi
635 1520 802 1565 dictum
819 1529 925 1565 erat.
943 1520 1102 1565 Adhuc
1125 1519 1300 1565 futurus
1322 1529 1414 1565 erat

13 1568 170 1637 {armus
188 1627 199 1648 ,
231 1593 513 1638 confirmatus
535 1591 705 1636 Domini
726 1590 1057 1635 resurrectione.

78 1665 219 1708 XXV.
244 1665 361 1722 Ergo
374 1663 574 1707 nondum
592 1670 684 1706 erat
704 1669 955 1721 tempus,ut
976 1660 1415 1721 dispergerenturilla

14 1756 41 1776 2·
69 1750 114 1780 sa
141 1736 266 1795 juxta
293 1732 530 1778 infernum.
555 1736 666 1779 Nam
686 1733 832 1778 videte
855 1748 987 1793 quam
1008 1733 1137 1777 multi
1160 1732 1417 1778 defecerunt

18 1830 20 1834 =
54 1822 161 1867 sque
183 1805 239 1851 ad
260 1806 374 1865 ipsos
395 1805 558 1865 primos
581 1806 795 1849 haerentes
814 1803 878 1850 ori
898 1806 989 1865 ejus
1011 1823 1020 1849 2
1045 1805 1176 1849 etiam
1190 1804 1273 1864 ipsi
1289 1804 1415 1849 defe-

17 1899 23 1907 Α
48 1886 190 1929 erunt.
225 1879 369 1930 Quare
391 1877 508 1923 hoe?
542 1895 564 1919 «
590 1874 828 1935 Singularis
864 1889 945 1933 ego
976 1890 1095 1931 sum,
1128 1875 1268 1920 donec
1295 1885 1418 1920 tran-

0 1973 2 2017 s
23 1965 50 2004 v‚›
81 1962 213 1991 seam.
242 1965 263 1989 »
297 1949 391 1992 Hoc
413 1946 531 1990 enim
558 1945 754 2006 sequitur
779 1946 825 1989 in
846 1945 1034 1990 Psalmo.
1067 1947 1206 2005 Supra
1227 1945 1413 2002 dixerat,

0 2060 3 2074 ι
26 2036 58 2073 .‹¹
82 2017 265 2063 Custodi
290 2032 384 2073 me,
415 2016 622 2072 Domine,
648 2032 672 2060 a
695 2015 963 2076 muscipula,
999 2032 1133 2077 quam
1170 2025 1418 2061 statuerunt

0 2083 50 2131 s)
81 2088 213 2143 mihi,
239 2097 283 2132 et
305 2088 360 2132 ab
391 2086 602 2132 scandalis
631 2088 708 2148 qui
738 2096 976 2147 operantur
1009 2087 1301 2148 iniquitatem.
1336 2091 1419 2133 »A

19 2179 24 2199 ε
52 2152 264 2218 ιὐεοὶριὼι
278 2193 289 2214 ,
314 2167 358 2202 et
392 2159 448 2202 ab
470 2157 708 2215 scandalis,
732 2148 776 2202 et
798 2175 823 2202 a
844 2159 1109 2203 terrentibus
1123 2193 1134 2214 ,
1160 2167 1204 2202 et
1224 2175 1249 2203 a
1269 2158 1413 2219 lapsis.

32 2231 112 2275 ed
131 2231 232 2290 quia
249 2230 295 2273 in
313 2231 405 2289 ejus
427 2229 624 2288 passione
643 2229 774 2274 etiam
794 2229 858 2273 illi
868 2229 997 2289 primi
1009 2264 1020 2284 ,
1045 2230 1123 2290 qui
1137 2228 1276 2274 futuri
1294 2239 1418 2275 erant

26 2381 193 2416 actum
216 2380 307 2416 erat
339 2370 461 2431 quod
494 2371 553 2414 ait
573 2370 619 2414 in
641 2371 726 2415 alio
764 2371 960 2426 Psalmo,
996 2390 1016 2413 «
1041 2373 1135 2430 Ego
1167 2372 1421 2416 confirmavi

20 2460 53 2482 η
86 2442 311 2487 columnas
328 2443 418 2502 ejus
429 2442 462 2486 3.
485 2459 505 2482 »
529 2441 646 2494 Quid
662 2442 739 2486 ait?
755 2460 776 2483 «
792 2441 1028 2501 Singularis
1042 2457 1123 2501 ego
1141 2458 1259 2498 sum,
1280 2442 1420 2487 donec

79 2534 85 2549 ¹
111 2527 225 2560 Matth.
245 2539 336 2569 xxw,
353 2527 466 2568 31-75.
488 2543 528 2549 -—
550 2532 561 2549 ²
582 2528 673 2559 Joan.
696 2537 764 2567 xlix,
788 2526 817 2558 3.
844 2543 885 2550 —
906 2525 919 2550 3
939 2527 1018 2560 Psal.
1043 2538 1151 2568 Lxxiv,
1170 2527 1202 2568 4.
