1815 3253
1307 187 1325 209 ἱ

375 221 456 259 188
799 233 832 259 s.
868 229 1099 260 Aucus‘nm
1129 233 1312 261 EPISCOPI

370 312 471 340 nem
498 296 820 341 commendavit
841 296 972 342 modo
995 297 1142 342 dicens
1167 318 1176 343 ε
1213 317 1233 341 «
1263 300 1510 353 Memento,
1536 298 1717 343 Domine
1734 335 1745 356 ,

372 384 393 408 »
429 367 588 422 David,
623 376 665 411 et
687 368 826 411 omnis
858 367 1200 412 mansuetudinis
1229 368 1332 428 ejus.
1356 385 1376 409 »
1399 370 1492 412 Hoc
1513 368 1750 414 secundum

369 453 515 481 rerum
539 447 752 497 gestarum
776 437 906 481 fidem
923 473 933 492 ,
969 453 1101 498 quam
1126 439 1345 498 Scriptura
1366 437 1535 493 divina,
1568 447 1618 481 ut
1640 437 1749 482 dixi·
1779 436 1781 448 '

369 524 488 563 mus,
516 508 725 552 continet.
769 508 851 552 Sed
888 507 1074 552 solemus
1107 509 1153 552 in
1181 507 1358 553 Psalmis
1381 524 1470 553 non
1492 507 1546 552 ad
1566 508 1748 554 litteram

369 578 609 633 attendere,
626 578 736 622 sicut
758 578 802 621 in
826 579 944 622 omni
964 578 1208 637 prophetia,
1230 578 1305 622 sed
1326 594 1403 637 per
1424 577 1611 623 litteram
1634 594 1751 623 scru-

367 649 447 692 tari
466 649 681 706 mysteria.
704 651 761 692 Et
784 647 982 691 meminit
1003 648 1197 692 Charitas
1213 651 1383 703 Vestra,
1401 648 1503 707 quia.
1526 648 1749 708 cujusdam

369 718 554 762 hominis
581 733 730 762 vocem
755 718 800 761 in
823 717 1025 761 omnibus
1049 717 1227 761 Psalmis
1249 718 1437 761 solemus
1470 719 1619 761 audire
1640 738 1648 763 :
1677 719 1750 778 qui
1771 758 1772 763 ,

366 804 481 832 unus
502 788 636 832 habet
662 797 792 848 caput
822 798 865 833 et
896 803 1069 848 corpus.
1102 789 1246 847 Caput
1274 797 1418 832 autem
1447 788 1493 832 in
1514 787 1628 833 coelo
1665 798 1747 845 est,

366 874 522 918 corpus
545 859 589 902 in
620 868 748 903 terra.
777 859 861 904 Sed
890 875 978 920 quo
1000 860 1215 919 praecessit
1241 869 1399 918 caput,
1435 868 1479 903 et
1500 875 1658 918 corpus
1683 875 1749 903 se-

366 938 575 974 cuturum
596 938 674 973 est.
702 933 758 974 Et
772 931 863 990 jam
887 946 976 974 non
1001 929 1098 975 dico
1119 930 1214 991 quis
1237 939 1369 989 caput
1390 930 1444 973 sit
1461 964 1472 985 ,
1498 930 1574 990 qui
1596 945 1750 989 corpus
1814 956 1815 960 =

366 1000 453 1045 sint
473 1019 480 1044 :
507 1000 610 1060 quia
631 1000 865 1045 scientibus
883 1000 1054 1061 loquor.

425 1073 507 1114 ΙΙΙ.
522 1071 864 1116 Commendatur
882 1087 984 1131 ergo
1002 1071 1221 1115 humilitas
1240 1070 1395 1125 David,
1421 1069 1750 1115 commendatur
1769 1049 1771 1081 5

364 1140 657 1185 mansuetudo
680 1141 844 1198 David,
865 1151 908 1185 et
931 1142 1090 1186 dicitur
1107 1146 1219 1188 Deo:
1248 1144 1524 1196 «Memento,
1550 1142 1746 1197 Domine,

367 1229 388 1253 »
424 1211 592 1267 David,
618 1221 661 1256 et
683 1213 821 1256 omnis
844 1213 1187 1257 mansuetudinis
1222 1214 1381 1273 ejus.»
1408 1211 1476 1256 Ad
1503 1228 1634 1272 quam
1661 1211 1769 1257 rem?

368 1300 388 1324 «
422 1247 672 1337 Memento,
694 1282 908 1338 Domine,
930 1283 1102 1327 David?
1129 1284 1248 1328 Sicut
1260 1282 1422 1343 juravit
1444 1282 1651 1338 Domino
1671 1297 1749 1327 vo-

365 1370 386 1394 »
423 1361 518 1396 tum
540 1352 660 1397 vovit
682 1356 770 1396 Deo
788 1354 940 1397 Jacob.
965 1372 984 1394 »
1014 1357 1128 1411 Ergo
1152 1353 1206 1397 ad
1229 1355 1312 1397 hoc
1334 1362 1555 1397 memento
1573 1388 1584 1408 ,
1608 1362 1659 1397 ut
1674 1353 1765 1415 im-1
1808 1355 1813 1381 '³

357 1422 476 1482 pleat
498 1423 618 1483 quod
640 1423 853 1483 promisit.
889 1426 986 1483 Ipse
1008 1423 1147 1468 David
1167 1423 1287 1468 vovit
1308 1433 1518 1483 tanquam
1540 1424 1585 1466 in
1607 1420 1765 1482 potes-3³

360 1503 448 1539 tate
474 1495 641 1538 habens
659 1530 670 1550 ,
705 1504 748 1538 et
785 1504 907 1553 rogat
929 1499 1068 1540 Deum
1089 1505 1139 1540 ut
1160 1494 1344 1555 impleat
1370 1494 1491 1555 quod
1515 1495 1650 1539 vovit.
1676 1497 1748 1540 Est

361 1564 537 1608 devotio
553 1565 766 1619 voventis,
783 1565 859 1609 sed
881 1574 943 1609 est
959 1565 1180 1610 humilitas
1196 1565 1482 1625 deprecantis.
1495 1567 1632 1610 Nemo
1644 1581 1749 1624 prae·
1812 1561 1814 1575 ³

360 1644 502 1678 sumat
521 1634 688 1678 viribus
706 1635 791 1678 suis
816 1650 859 1679 se
883 1635 1063 1679 reddere
1085 1636 1205 1695 quod
1225 1636 1407 1680 voverit.
1434 1635 1519 1689 Qui
1541 1644 1581 1679 te
1602 1636 1748 1680 horta·

361 1713 432 1749 tur
464 1715 513 1749 ut
536 1720 691 1749 voveas
710 1740 720 1760 ,
750 1705 842 1763 ipse
877 1705 1054 1765 adjuvat
1084 1714 1132 1749 ut
1168 1704 1339 1749 reddas.
1367 1704 1485 1758 Quid
1508 1720 1610 1764 ergo
1631 1706 1759 1765 vovit1

359 1774 585 1820 videamus
605 1810 615 1830 ,
652 1784 694 1819 et
725 1776 828 1819 hinc
858 1775 1140 1834 intelligimus
1163 1773 1535 1835 quemadmodum
1559 1775 1613 1819 sit
1635 1775 1758 1842 acci·l
1807 1786 1809 1799 *

360 1845 545 1904 piendus
566 1846 611 1888 in
628 1845 764 1903 figura
779 1844 932 1890 David.
947 1846 1084 1890 David
1108 1854 1253 1890 autem
1276 1846 1602 1905 interpretatur,
1615 1861 1758 1893 manu.
1806 1864 1807 1867 ¹

360 1915 496 1960 fortis.
510 1919 617 1960 Erat
633 1917 748 1960 enim
767 1931 948 1974 magnus
966 1916 1259 1975 belligerator.
1277 1919 1546 1960 Praesumens
1569 1915 1755 1976 quidem

360 1986 415 2029 de
438 1987 623 2031 Domino
640 1989 731 2030 Deo
752 2002 830 2031 suo
847 2022 857 2041 ,
879 1986 1067 2030 confecit
1088 1985 1201 2030 bella
1218 1986 1379 2040 omnia,
1395 1985 1627 2044 prostravit
1649 2002 1744 2030 om-

361 2071 436 2099 nes
458 2056 653 2100 inimicos
679 2072 800 2111 suos,
827 2059 916 2100 Deo
938 2071 982 2100 se
1017 2056 1249 2116 adjuvante
1266 2091 1276 2110 ,
1306 2055 1679 2116 quemadmodum
1702 2071 1745 2100 se

360 2126 552 2188 habebat
570 2124 684 2169 illius
701 2124 869 2184 imperii
892 2125 1152 2184 dispensatio
1167 2126 1469 2184 :praefigurans
1495 2135 1638 2170 tamen
1655 2126 1742 2170 for—

362 2204 448 2238 tem
468 2211 600 2239 manu
623 2194 858 2255 quemdam
882 2194 935 2238 ad
957 2195 1239 2239 debellandos
1268 2195 1466 2240 inimicos
1483 2231 1493 2249 ,
1520 2195 1750 2250 diabolum

360 2275 404 2310 et
421 2266 595 2325 angelos
616 2268 720 2326 ejus.
747 2269 833 2310 Hos
855 2275 1000 2310 autem
1021 2266 1218 2310 inimicos
1246 2266 1436 2310 Ecclesia
1458 2265 1664 2311 debellat.
1690 2258 1749 2310 Εἴ

360 2338 580 2397 quomodo
613 2336 838 2381 debellat?
870 2336 1222 2381 Mansuetudine.
1258 2336 1594 2381 Mansuetudine
1628 2337 1748 2380 enim:

359 2408 449 2466 ipse
475 2423 549 2451 rex
581 2417 725 2451 noster
758 2407 859 2452 vicit
881 2406 1120 2451 diabolum.
1150 2407 1360 2451 Seeviebat
1382 2407 1480 2459 ille,
1507 2407 1586 2450 iste
1609 2407 1748 2451 suff&

361 2477 499 2521 rebat.
525 2477 673 2521 Victus
695 2486 758 2522 est
794 2477 870 2537 qui
902 2477 1137 2531 saeviebat,
1172 2477 1273 2521 vicit
1309 2477 1384 2537 qui
1409 2476 1658 2525 sufferebat.
1691 2473 1745 2536 ln}

360 2547 438 2591 ista
461 2548 794 2592 mansuetudine
814 2563 969 2606 corpus
993 2547 1150 2593 Christi
1165 2582 1175 2603 ,
1190 2546 1310 2606 quod
1332 2556 1394 2591 est
1417 2546 1622 2600 Ecclesia,
1642 2546 1738 2591 vin-

1751 2048 1754 2072 Ι
