1815 3253
384 211 627 243 munau-10
659 214 705 242 IN
736 212 940 242 PsALMUM
970 211 1108 240 cxxvr.
1352 199 1435 239 117

14 291 15 336 j
57 300 78 324 »
103 280 284 325 exieritis
298 280 353 323 de
371 280 543 324 civitate
556 279 601 323 in
619 295 706 339 qua
718 294 808 323 non
825 278 1011 322 audiunt
1026 291 1124 330 vos,
1143 276 1329 320 excutite
1341 276 1438 336 pul-

14 367 15 370 *
56 370 77 395 »
101 366 246 396 vercm
272 350 326 394 de
349 350 536 409 pedibus
570 350 763 394 vestris¹.
787 368 805 390 »
831 349 915 394 Sed
938 349 995 391 ait
1017 346 1125 390 alius
1141 380 1151 400 ‚
1177 365 1196 386 «
1221 349 1320 391 Non
1336 362 1439 405 ergo

13 428 15 455 ἒ
58 443 75 464 »
100 421 176 466 filii
199 435 477 465 excussorum
499 439 518 461 »
544 418 629 463 dici
645 416 1089 473 debuerunt‚settfilii
1108 416 1435 460 excutientium.

53 492 327 536 Excutientes
350 490 466 534 enim
487 489 582 534 illos
611 488 714 534 fecit
741 489 967 542 Dominus,
994 486 1154 547 quibus
1169 486 1298 540 dixit,
1324 488 1440 529 «Ex-

55 579 76 603 »
102 561 235 605 cutite
267 559 492 619 pulverem
523 558 578 604 de
606 559 793 618 pedibus
828 557 979 602 vestris
1006 576 1014 600 :
1044 574 1062 596 »
1102 571 1189 600 non
1220 570 1435 599 excussos.

55 629 275 676 Subtiliter
312 629 490 689 quidem
528 630 652 689 quasi
685 627 981 674 contradicere
1011 626 1149 670 voluit
1178 623 1442 684 praecedenti

52 701 299 754 sententiae,
335 699 407 743 illc
439 715 462 743 a
495 716 583 760 quo
613 701 704 760 jam
738 700 817 743 ista
847 706 1028 742 tractata
1070 705 1114 740 et
1141 695 1256 740 dicta
1285 704 1438 738 erant:

53 779 352 814 verumtamen
375 784 474 823 nos,
497 779 713 829 quantum
733 767 910 828 adjuvat
935 766 1143 811 Dominus
1160 801 1170 821 ‚
1198 773 1442 825 quaerentes

51 839 273 901 quomodo
306 848 422 883 recte
460 838 545 883 dici
579 840 802 899 potuerint
824 839 954 883 etiam
978 837 1165 892 excussi,
1201 836 1361 896 quibus
1385 834 1444 879 ait

51 910 259 955 Dominus
275 944 285 964 ,
315 928 335 951 «
360 909 562 953 Excutite
580 911 805 968 pulverem
828 910 883 953 dc
905 908 1089 968 pedibus
1115 907 1266 952 vestris
1290 925 1299 951 ε
1328 925 1347 947 »
1371 905 1442 949 in-

51 981 245 1026 venimus
282 994 373 1026 non
400 978 588 1023 absurde
623 979 709 1024 dici
741 980 946 1038 potuisse,
973 978 1179 1031 Quamvis
1210 977 1327 1020 enim
1363 975 1444 1034 ipsi

52 1058 324 1104 excuterent,
351 1064 394 1093 se
410 1049 525 1107 ipsos
549 1048 844 1093 excutiebant.
869 1051 962 1092 Hoc
985 1047 1084 1091 dico
1109 1065 1118 1091 z
1144 1046 1230 1098 Qui
1253 1045 1442 1100 excutit,

13 1125 16 1133 '
52 1131 126 1166 aut
147 1136 190 1165 se
212 1120 390 1174 excutit,
407 1118 662 1180 autaliquid
685 1118 804 1163 aliud
828 1139 835 1163 :
857 1120 890 1162 si
913 1116 1078 1177 aliquid
1092 1115 1211 1160 aliud
1234 1116 1440 1171 excutiat,

52 1192 270 1237 excutiens
290 1200 374 1244 est,
400 1206 601 1235 excussus
623 1206 713 1235 non
736 1200 799 1235 est
826 1209 834 1234 :
864 1189 899 1233 si
922 1198 1067 1233 autem
1091 1204 1133 1232 se
1157 1188 1372 1240 excutiat,
1400 1196 1445 1231 θῖ

54 1263 270 1308 excutiens
294 1272 357 1306 θεῖ
378 1272 421 1306 et
442 1277 659 1306 excussus.
687 1260 908 1306 Intendite
924 1296 934 1315 ‚
971 1261 1055 1304 hoc
1078 1259 1249 1318 planius
1273 1258 1415 1301 dicam
1431 1292 1443 1314 ,

51 1334 84 1378 si
104 1343 304 1393 potuero.
328 1333 370 1377 Si
386 1331 502 1376 aliud
521 1332 735 1386 excutiat,
762 1330 983 1375 excutiens
999 1339 1086 1385 cst,
1113 1345 1204 1373 non
1218 1343 1443 1372 excussus:

51 1404 84 1448 si
106 1404 160 1448 ab
184 1404 268 1449 alio
292 1404 537 1448 excutiatur
552 1438 563 1458 ,
590 1418 790 1447 excussus
814 1412 901 1455 est,
928 1417 1017 1446 non
1029 1401 1249 1445 excutiens
1277 1419 1285 1443 ε
1311 1399 1345 1442 si
1368 1415 1447 1442 au-

14 1471 16 1517 }
52 1483 140 1519 tcm
161 1475 352 1518 excutiat
374 1490 418 1518 se
439 1474 584 1533 ipsum
600 1508 611 1528 ,
637 1474 857 1517 excutiens
877 1481 963 1526 est,
990 1471 1092 1530 quia
1111 1469 1295 1514 excussit
1315 1484 1382 1526 se3
1404 1478 1448 1513 et

14 1543 17 1578 ἶ
52 1559 249 1588 excussus
266 1579 276 1598 ‚
302 1544 404 1603 quia
424 1544 642 1588 excutitur
672 1559 695 1587 a
718 1558 775 1586 se.
801 1542 1019 1595 Quaeritur
1036 1555 1138 1597 ergo
1161 1554 1269 1598 quos
1292 1554 1446 1582 excus-

14 1650 17 1664 ,
52 1615 183 1658 serint
205 1613 430 1672 Apostoli?
449 1613 608 1673 Utique
631 1613 801 1671 seipsos
824 1631 832 1655 ι
854 1628 875 1655 a
895 1611 1082 1670 pedibus
1099 1610 1214 1653 enim
1239 1609 1324 1652 suis
1346 1611 1447 1668 pul-

52 1698 196 1728 verem
219 1691 510 1727 excusserunt.
540 1682 625 1727 Sed
658 1682 715 1725 ait
738 1681 891 1741 aliquis
908 1715 918 1735 ,
948 1683 1047 1725 Non
1069 1695 1113 1724 se
1135 1687 1445 1732 excusserunt,

51 1754 126 1798 sed
139 1754 378 1813 pulverem.
396 1756 489 1797 Hoc
512 1752 641 1812 plane
663 1752 932 1796 calumniose
947 1750 1122 1795 dicitur.
1136 1751 1316 1794 Duobus
1330 1749 1447 1793 enim

15 1816 17 1887 ζ
51 1826 190 1870 modis
213 1824 396 1869 dicimus
415 1824 580 1884 aliquid
603 1825 747 1869 excuti
766 1845 776 1880 3
807 1824 895 1867 sive
917 1822 1030 1866 illud
1053 1821 1174 1881 quod
1190 1821 1293 1864 inde
1312 1836 1448 1864 excu-

16 1895 17 1898 ’
52 1897 180 1950 titur,
212 1896 299 1940 sive
339 1894 451 1938 illud
484 1893 602 1938 unde
624 1895 854 1938 excutitur.
896 1895 1005 1938 Nam
1032 1902 1096 1947 et,
1132 1895 1349 1935 Excussus
1383 1899 1448 1934 est

15 1959 17 1991 ²
53 1966 214 2026 pulvis,
241 1964 423 2009 dicimus
444 2000 454 2019 ‚
498 1973 541 2008 et
578 1979 751 2008 excussa
774 1973 838 2008 est
858 1965 1004 2008 vestis.
1047 1966 1217 2007 Tenent
1249 1961 1383 2020 aliqui
1405 1971 1450 2005 et

55 2036 281 2080 excutiunt
294 2044 481 2089 vestem,
506 2044 549 2078 et
563 2034 682 2078 exilit
698 2034 798 2078 inde
817 2033 958 2093 pulvis
972 2033 1048 2093 qui
1065 2033 1311 2077 inhaeserat.
1331 2030 1449 2083 Quid

55 2105 160 2150 dicis
181 2104 236 2150 de
250 2105 459 2165 pulvere?
476 2108 693 2150 Excussus
711 2114 773 2149 est
789 2104 945 2164 pulvis.
968 2103 1082 2157 Quid
1102 2102 1207 2146 dicis
1229 2102 1284 2146 de
1299 2103 1450 2146 veste?

34 2224 36 2227 .
56 2179 243 2220 Excussa
270 2185 332 2220 est
354 2176 495 2220 vestis.
524 2176 567 2221 Si
584 2192 686 2235 ergo
703 2185 746 2220 et
759 2174 880 2236 quod
894 2173 995 2218 inde
1012 2171 1272 2218 excutiendo
1297 2172 1446 2227 exiliit,

57 2254 99 2290 et
120 2244 231 2289 illud
262 2245 380 2290 unde
401 2246 535 2290 exiliit
576 2245 696 2305 quod
716 2246 947 2289 inhaeserat
963 2279 975 2300 ,
1008 2257 1238 2287 excussum
1261 2243 1447 2298 dicitur3

57 2324 100 2360 et
134 2315 276 2375 pulvis
300 2330 500 2360 excussus
522 2325 612 2370 est⁷
649 2325 692 2360 et
725 2314 921 2374 Apostoli
957 2313 1123 2358 excussi
1154 2321 1270 2356 sunt.
1303 2315 1448 2365 Quare

16 2439 18 2447 Ι
59 2400 160 2444 ergo
182 2401 270 2429 non
285 2385 484 2429 dicantur
512 2405 527 2425 «
552 2385 653 2430 Filii
670 2400 964 2439 excussorum,
981 2383 1087 2427 »filii
1109 2382 1450 2441 Apostolorum?

16 2452 18 2454 ’
115 2458 195 2500 XI.
225 2454 309 2500 Sed
327 2464 390 2499 est
404 2455 484 2499 alia
507 2455 721 2500 sententia
735 2490 748 2510 ,
772 2471 905 2515 quam
927 2453 1258 2514 praetermittere
1275 2468 1362 2497 non
1379 2452 1451 2495 de-

110 2557 117 2571 “
139 2550 251 2582 Manli.
268 2561 301 2591 x,
328 2549 378 2589 ri.
