1815 3253
334 150 416 191 142
762 161 796 190 s.
831 160 1061 192 Aneusnm
1093 165 1276 193 Emscom

327 228 441 271 facta
464 227 741 272 tribulatione
757 263 767 282 ,
792 227 903 273 sicut
921 239 1029 273 aestu
1046 229 1143 274 solis
1163 265 1174 284 ‚
1196 237 1421 286 arescunt3
1447 239 1522 274 aut
1538 231 1614 291 qui
1636 247 1708 276 co-

328 297 608 355 gitationibus
646 307 689 342 et
725 297 839 341 curis
871 307 914 341 et
943 299 1236 343 sollicitudine
1258 300 1387 359 hujus
1408 299 1586 355 mundi,
1612 310 1710 345 tan-

324 382 458 427 quam
490 366 620 426 spinis
642 367 829 411 avaritiae
861 367 1057 412 offocant
1079 368 1200 429 quod
1222 370 1267 413 in
1293 369 1377 413 illis
1399 379 1591 429 coeperat
1613 386 1711 429 ger-

325 438 507 481 minare.
538 441 614 482 Est
646 447 792 482 autem
817 437 947 482 etiam
981 447 1093 482 terra
1126 439 1240 483 bona
1260 474 1271 494 ‚
1307 455 1395 499 quo
1429 455 1577 483 semen
1611 456 1712 485 cum

328 507 556 562 ceciderit,
588 508 716 553 affert
736 508 931 552 fructum
946 543 959 564 ‚
985 507 1104 552 aliud
1125 509 1341 553 tricenum
1361 545 1372 565 ‚
1399 509 1516 553 aliud
1539 526 1713 569 sexage-

328 594 436 622 num
456 614 467 634 ‚
489 578 609 623 aliud
630 589 864 624 centenum
887 599 895 624 :
921 579 1008 623 sive
1030 595 1200 638 parum,
1223 581 1310 624 sive
1333 580 1538 636 multum,
1565 596 1712 626 omnes

329 650 375 693 in
396 650 552 694 horreo
575 660 718 694 erunt.
733 653 842 695 Sunt
858 665 960 708 ergo
977 649 1099 705 tales,
1114 659 1159 695 et
1180 660 1354 710 propter
1375 653 1454 696 hos
1475 650 1710 712 loquimur.

332 722 516 779 Propter
544 721 623 764 hos
659 719 856 780 loquitur
892 720 1138 779 Scriptura,
1170 729 1348 780 propter
1376 721 1453 765 hos
1486 737 1575 765 non
1603 730 1715 766 tacet

330 790 633 848 Evangelium.
653 790 738 835 Sed
760 800 803 834 et
818 790 882 834 illi
904 791 1099 845 audiant,
1120 807 1176 834 ne
1197 791 1308 836 forte
1328 791 1447 835 aliud
1465 792 1550 835 sint
1565 791 1711 847 hodie,

332 858 451 903 aliud
473 875 564 904 cras
580 881 592 917 3
611 875 667 904 ne
688 859 801 904 forte
823 869 1049 904 mutentur
1066 859 1286 904 audiendo
1301 895 1312 916 ,
1338 870 1414 904 aut
1436 871 1560 904 arent
1576 861 1711 916 viam,

332 937 408 972 aut
432 928 594 988 lapides
622 939 811 989 purgent
827 964 838 985 ‚
876 939 952 973 aut
983 930 1125 989 spinas
1148 929 1351 974 evellant.
1385 930 1510 974 Dicat
1534 930 1716 989 Spiritus

331 1000 408 1043 Dei
428 1035 440 1055 ‚
460 1000 575 1044 dicat
596 1000 745 1055 nobis,
762 1010 909 1045 cantet
930 1001 1056 1045 nobis
1077 1022 1088 1058 3
1110 1000 1197 1045 sive
1216 1000 1401 1046 velimus
1425 1001 1579 1045 saltare
1594 1036 1605 1056 ‚
1630 1001 1716 1045 sive

330 1070 518 1115 nolimus
533 1106 544 1126 ‚
566 1080 711 1115 cantet
727 1071 831 1131 ipse.
861 1071 981 1116 Sicut
1001 1072 1114 1116 enim
1139 1071 1215 1131 qui
1237 1071 1383 1127 saltat,
1409 1072 1605 1115 membra
1627 1087 1716 1116 mo-

330 1150 404 1187 vet
420 1140 475 1185 ad
492 1150 671 1185 cantum
698 1161 707 1185 :
733 1141 791 1185 sic
813 1141 888 1201 qui
911 1141 1068 1185 saltant
1084 1142 1139 1186 ad
1156 1151 1423 1201 praeceptum
1450 1142 1555 1196 Dei,
1581 1141 1716 1201 operi-

331 1211 413 1255 bus
448 1212 754 1272 obtemperant
777 1227 899 1256 son0.
932 1212 1038 1256 Ideo
1072 1212 1149 1272 qui
1171 1212 1408 1256 noluerunt
1428 1213 1512 1256 hoc
1542 1211 1682 1256 facere
1700 1247 1712 1267 ‚

330 1281 439 1342 quid
460 1281 543 1326 illis
567 1282 776 1325 Dominus
798 1281 903 1325 dicit
926 1282 972 1325 in
994 1281 1233 1340 Evangelio
1251 1283 1269 1325 Ρ
1294 1301 1314 1324 «
1339 1282 1617 1326 Cantavimus
1637 1297 1715 1326 vo·
1760 1330 1762 1346 ‚

333 1369 354 1392 »
391 1351 457 1394 bis
475 1384 486 1406 ,
508 1360 551 1394 et
573 1367 663 1395 non
679 1351 862 1395 saltastis
885 1371 895 1408 3
921 1350 1187 1410 planximus,
1207 1360 1249 1394 et
1269 1367 1358 1395 non
1379 1351 1713 1396 lamentastis1.»

330 1423 489 1466 Cantet
506 1437 609 1480 ergo
635 1440 644 1466 :
670 1421 885 1466 credimus
912 1421 959 1465 in
982 1421 1058 1465 Dei
1080 1421 1418 1466 misericordiam
1434 1456 1450 1477 ,
1472 1422 1574 1481 quia
1591 1430 1718 1467 erunt

331 1490 387 1534 de
405 1491 564 1550 quibus
587 1507 665 1535 nos
687 1491 951 1535 consoletur.
977 1494 1086 1536 Nam
1108 1491 1184 1551 qui
1206 1492 1446 1550 pertinaces
1468 1500 1591 1546 sunt,
1616 1507 1717 1551 per-

331 1570 575 1604 severantes
596 1561 642 1604 in
664 1559 842 1615 malitia,
864 1561 1062 1620 quamvis
1079 1560 1260 1604 audiant
1279 1561 1463 1605 verbum
1485 1561 1580 1616 Dei,
1596 1576 1717 1605 scan-

331 1629 439 1674 dalis
461 1630 657 1690 quotidie
687 1631 948 1690 perturbant
969 1629 1223 1674 Ecclesiam.
1249 1632 1311 1674 De
1333 1629 1491 1674 talibus
1514 1629 1619 1674 dicit
1639 1631 1717 1674 iste
1756 1686 1758 1692 γ
1813 1659 1815 1674 2

332 1700 554 1758 Psalmus3
578 1701 637 1744 sic
659 1701 775 1744 enim
796 1701 929 1760 coepit
955 1720 964 1745 :

389 1773 448 1815 II.
477 1790 497 1813 «
527 1773 648 1830 Saepe
671 1780 1031 1830 expugnaverunt
1052 1786 1121 1815 me
1144 1787 1168 1815 a
1183 1772 1415 1832 juventute
1431 1786 1526 1815 mea
1539 1774 1572 1814 Ἰ.
1593 1788 1612 1812 »
1637 1773 1717 1815 Ec·
1813 1794 1815 1813 ,ι

331 1839 462 1884 clesia
486 1840 681 1902 loquitur
702 1840 756 1885 de
775 1841 839 1893 his
855 1857 964 1901 quos
985 1841 1164 1896 tolerat,
1184 1851 1228 1886 et
1246 1851 1451 1902 tanquam
1469 1841 1711 1886 diceretur:

326 1910 551 1970 Numquid
585 1910 748 1955 modo?
785 1910 900 1955 Olim
934 1921 996 1954 est
1028 1910 1221 1955 Ecclesia
1250 1930 1259 1955 :
1296 1926 1347 1954 ex
1379 1926 1468 1970 quo
1504 1919 1714 1954 vocantur

330 1981 494 2035 sancti,
520 1989 583 2023 est
600 1979 793 2024 Ecclesia
821 1981 868 2023 in
887 1993 1016 2024 terra.
1037 1979 1286 2039 Aliquando
1315 1980 1360 2023 in
1381 1979 1473 2024 solo
1495 1978 1607 2024 Abel
1629 1982 1714 2024 Ec-

328 2048 456 2094 clesia
469 2058 576 2104 erat,
595 2059 637 2093 et
654 2059 925 2109 expugnatus
945 2059 1008 2093 est
1022 2066 1045 2093 a
1063 2049 1195 2093 fratre
1209 2049 1323 2093 malo
1340 2059 1382 2093 et
1400 2049 1571 2108 perdito
1585 2051 1710 2094 Ca'in.
1752 2038 1754 2047 ’

328 2118 579 2180 Aliquando
601 2120 645 2162 in
675 2119 767 2164 solo
794 2120 949 2164 Enoch
972 2119 1165 2164 Ecclesia
1187 2129 1304 2175 erat,
1331 2129 1375 2164 et
1405 2118 1633 2164 translatus
1652 2128 1714 2164 est

329 2189 384 2233 ab
403 2189 560 2249 iniquis
574 2191 605 2232 3.
621 2188 870 2249 Aliquando
893 2190 939 2232 in
962 2189 1051 2233 sola
1073 2189 1204 2234 domo
1226 2193 1316 2236 Noe
1341 2190 1531 2234 Ecclesia
1549 2199 1656 2246 erat,
1672 2198 1714 2234 et
1750 2183 1752 2189 ¹

327 2258 509 2319 pertulit
529 2274 679 2302 omnes
698 2259 772 2318 qui
793 2258 958 2303 diluvio
984 2259 1230 2318 perierunt,
1257 2269 1300 2303 et
1320 2259 1410 2303 sola
1432 2275 1528 2304 arca
1551 2259 1714 2304 natavit
1749 2311 1750 2315 Ἰ

330 2331 376 2373 in
419 2330 654 2384 fluctibus,
690 2338 733 2372 et
767 2330 900 2373 evasit
933 2330 988 2373 ad
1015 2330 1176 2374 siccum
1195 2331 1225 2373 4.
1258 2330 1506 2391 Aliquando
1539 2331 1586 2373 in
1622 2329 1711 2374 solo
1748 2356 1750 2372 ι
1807 2356 1815 2383 ‘s

379 2431 388 2447 ¹
410 2425 521 2457 Matth.
543 2435 588 2466 xi,
611 2436 661 2467 17.
685 2441 725 2446 —
746 2431 758 2447 ²
777 2424 856 2456 Psal.
871 2435 1006 2463 exxvm,
1031 2436 1059 2456 1.
1081 2441 1122 2447 —
1146 2423 1159 2447 3
1181 2427 1259 2458 Gen.
1279 2435 1325 2466 iv,
1343 2425 1375 2459 8.
1397 2441 1437 2448 --
1462 2423 1478 2454 4
1497 2426 1574 2458 Gen.
1591 2435 1624 2466 v,
1643 2423 1683 2466 24
1698 2447 1708 2465 ‚
1747 2471 1748 2474 Ἰ
1810 2434 1813 2444 ¹

332 2484 366 2513 et
382 2479 426 2522 v1‚'
445 2480 477 2512 8.
