1815 3253
611 221 950 258 Annon-nonne.
1397 210 1482 256 523

97 290 360 337 damnatus
385 286 732 334 catholicorum
747 288 956 334 Patr-um
973 296 1222 349 perpetuo,
1238 302 1486 347 nunquam

99 359 170 405 ad
189 360 571 404 communionem
586 357 760 405 dicitur
779 368 930 412 morte
960 359 1298 409 interveniente
1316 373 1485 417 perve-

97 433 238 475 nisse.
254 431 304 475 A
308 429 396 473 lius
420 445 531 473 vero
551 445 640 488 pel·
660 438 811 472 totam
838 427 1045 473 Orientis
1064 429 1306 491 regionem
1335 427 1486 489 digna

98 511 143 546 et
163 499 670 551 consimilimuletatus
687 509 756 544 est
769 514 936 559 poena.
955 497 1059 551 Sed
1072 498 1299 557 sialiqaz's
1317 496 1488 543 horum

98 570 176 616 vel
192 570 424 627 allorum,
450 580 500 615 ut
523 570 630 620 dix-,i
642 606 653 622 ‚
681 568 907 630 deceptus
931 571 1110 619 erroris
1131 570 1372 626 vaesania,
1395 567 1488 614 ali-

98 642 218 701 quid
235 643 392 687 mimas
411 643 460 687 in
486 642 539 687 F
538 641 618 687 ilio
625 678 640 698 ,
661 651 774 697 aut,
792 650 880 686 ete.

510 781 766 823 ΑΝΝΟΤΑΤΙΟ
785 779 850 837 (7)
871 791 969 838 pag.
997 783 1067 821 19.

155 914 235 959 Hie
261 914 519 959 Parisienses
540 923 583 958 et
612 916 791 958 Venetae
814 914 1078 973 antiquiores
1115 911 1328 959 editiones
1348 911 1394 956 id
1416 912 1488 955 in·-

95 993 257 1029 sertum
280 984 443 1028 habent
459 1020 470 1039 ,
495 984 573 1029 De
596 983 686 1028 hoe
725 983 824 1028 sole
858 992 1004 1043 pater·
1029 980 1335 1028 Athanasius
1368 980 1488 1026 Ale-

95 1053 370 1100 oeandrimcs
392 1058 640 1117 episeopus
663 1056 731 1100 im
750 1054 951 1115 pulchre
977 1054 1159 1099 loeutus
1187 1063 1257 1098 est
1274 1089 1282 1104 ‚
1301 1051 1484 1109 Filius,

96 1127 265 1183 inquit,
282 1125 379 1170 Dei
391 1143 423 1170 α
440 1127 594 1179 Patre
607 1125 707 1171 solo
724 1136 791 1170 est
803 1148 824 1181 ,·
841 1126 1146 1188 nonfaetus,
1169 1140 1257 1169 nee
1275 1133 1484 1179 creatus,

95 1195 186 1241 sed
201 1196 476 1259 genitusEx
499 1212 588 1257 quo
617 1195 818 1241 videlicet
841 1195 1096 1240 Possevinus
1117 1195 1163 1238 in
1190 1197 1351 1254 Appar.
1382 1209 1489 1238 voce

95 1265 430 1322 Athanasius,
470 1276 513 1310 et
547 1267 767 1310 Torrensis
795 1267 842 1310 in
874 1264 1044 1326 praefat.
1079 1264 1134 1310 ad
1157 1264 1490 1310 Confessionem

96 1340 211 1396 Aug.
233 1353 282 1381 ae
314 1336 600 1380 Bellarminus
622 1337 667 1380 in
688 1336 765 1381 lib.
788 1344 828 1385 2.
857 1336 912 1380 de
933 1336 1106 1381 Christo
1128 1351 1224 1395 cap.
1262 1340 1332 1379 25.
1362 1337 1491 1393 Sym-

95 1407 249 1451 bolum
276 1406 409 1466 vulgo
439 1407 663 1451 Athanasii
680 1406 871 1461 dictum,
898 1406 1039 1451 eidem
1062 1407 1142 1467 ipsi
1165 1415 1376 1451 assertum
1398 1409 1491 1450 Au-

88 1478 256 1536 -gustini
275 1478 531 1524 auctoritate
546 1487 718 1547 putant.
735 1479 898 1522 Contra
923 1494 1026 1522 vero
1054 1478 1256 1529 Petavius
1277 1477 1323 1529 in,
1346 1477 1491 1526 Theo-

95 1548 184 1608 log.
225 1547 418 1607 dogmat.
447 1547 503 1592 de
529 1548 681 1592 Trinit.
710 1551 744 1599 1.
768 1554 810 1603 7,
831 1564 869 1592 c.
899 1555 940 1601 8,
961 1564 1013 1607 n,
1046 1554 1087 1604 7,
1124 1548 1257 1592 verba
1288 1547 1362 1600 illa
1384 1547 1490 1591 dicit

96 1618 228 1663 {uisse
245 1620 489 1684 Augustino
508 1628 671 1663 temere
701 1628 845 1664 assuta
863 1639 871 1664 :
895 1636 994 1684 quae
1015 1635 1163 1670 revera
1179 1620 1338 1664 absunt
1356 1635 1379 1662 a
1394 1634 1490 1663 nos-

98 1691 170 1735 tris
186 1690 387 1744 omnibus
398 1692 523 1737 MSS.
536 1706 616 1736 nec
629 1691 905 1751 reperiuntur
917 1691 963 1736 in
976 1691 1102 1736 editis
1113 1694 1212 1736 Am.
1231 1693 1306 1735 Er.
1318 1699 1361 1735 et
1378 1693 1487 1735 Lov.

492 1827 749 1870 ΑΝΝοΤΑΤΙο
780 1827 840 1883 (8)
872 1840 974 1890 pap.
1013 1830 1082 1869 57.

154 1958 259 2003 Edit
277 1993 288 2014 ‚
319 1958 758 2021 Paragozigamar.
782 1960 907 2013 MSS.
943 1959 1090 2020 plures
1109 1994 1121 2016 ,
1154 1958 1490 2022 Panegorz'za-

96 2045 237 2074 mur:
263 2029 334 2074 alii
355 2045 484 2086 vero,
519 2030 964 2093 Paregorz'zamur:
995 2029 1051 2075 ad
1082 2031 1204 2091 quod
1236 2031 1421 2075 verbum
1442 2031 1488 2076 in

97 2100 414 2145 Christinaeano
431 2103 524 2146 MS.
563 2101 765 2156 additur,
792 2100 846 2145 id
866 2110 956 2156 est,
983 2099 1256 2145 mulcemur.
1277 2104 1443 2161 Nempe
1465 2117 1490 2147 a

96 2180 305 2226 παρηγορεῖν,
330 2171 451 2231 quod
472 2181 535 2216 est
564 2172 832 2228 consolari,
858 2171 1078 2216 duxerunt
1102 2187 1173 2216 me
1202 2172 1287 2216 dici
1308 2187 1490 2232 parego-

97 2257 220 2296 zaoe,
256 2258 335 2301 pro
371 2243 619 2305 mitzgare,
655 2242 802 2288 lenire
831 2253 874 2288 et
910 2252 1194 2304 temperare.
1229 2246 1490 2302 Anonymus

97 2311 291 2356 medicus
314 2329 337 2357 a
358 2316 411 2357 V.
429 2316 479 2358 C.
497 2315 662 2377 Cangio
675 2315 721 2358 in
737 2314 953 2360 Glossario
965 2314 1141 2370 relatus,
1158 2314 1488 2378 Paregoziea,

98 2381 157 2426 ait
172 2416 184 2438 ‚
208 2391 342 2440 sunt,
363 2392 470 2443 qace
487 2384 835 2447 paregorizant
846 2421 862 2448 Δ,
879 2401 940 2431 ne
953 2383 1139 2430 malam
1158 2393 1347 2431 creseat
1358 2421 1374 2443 ,
1390 2400 1487 2430 non

99 2461 295 2497 sanant.
