1815 3253
330 194 412 232 268
760 204 794 232 s.
829 200 1059 232 Avens'rnu
1093 205 1275 234 Emscom

330 271 448 315 Sion.
483 269 526 314 Si
548 267 818 314 recordando
853 270 955 315 SIon
977 271 1075 327 fles,
1100 281 1144 316 et
1159 271 1337 333 quando
1364 270 1445 316 tibi
1467 272 1707 319 seeundum

326 339 611 398 Babyloniam
629 341 741 384 bene
758 349 822 385 est
838 350 1009 400 oportet
1026 350 1076 385 ut
1096 341 1212 386 fleas.
1232 346 1465 402 Propterea
1486 341 1647 387 dicitur
1662 345 1708 389 in

326 411 517 472 quodam
540 412 710 456 Psalmo
737 431 746 457 ε
776 431 794 453 «
823 413 1165 458 Tribulationem
1187 424 1230 459 et
1251 414 1447 459 dolorem
1468 414 1644 470 inveni,
1666 425 1710 462 et

329 500 348 523 »
384 498 546 527 nomen
567 482 740 527 Domini
763 483 1043 528 invocavi1.»
1069 484 1185 537 Quid
1207 493 1270 529 est
1293 484 1412 545 quod
1439 483 1570 530 dicit:
1601 503 1623 527 «
1642 487 1708 530 In·
1770 495 1773 537 ,1

327 572 348 596 »
382 556 512 600 veni?
537 573 558 596 »
579 555 731 600 Nescio
752 570 885 615 quam
908 555 1234 600 tribulationem
1252 556 1375 617 quasi
1397 556 1677 617 quaerendam
1692 591 1705 614 ,

324 626 490 670 invenit
509 635 719 686 tanquam
737 626 978 686 quaesitam.
1005 628 1063 671 Et
1084 642 1186 671 cum
1203 627 1450 682 invenisset,
1476 643 1565 688 quo
1585 627 1707 673 lucro
1770 641 1772 646 ’

323 696 518 741 invenit?
532 699 701 742 Nomen
717 697 892 741 Domini
912 697 1143 743 invocavit.
1155 697 1347 743 Multum
1364 698 1543 743 interest
1558 707 1709 744 utrum

321 766 514 812 invenias
537 766 865 812 tribulationem
880 802 892 823 ,
916 783 972 812 an
991 768 1222 813 inveniaris
1243 784 1267 813 a
1286 767 1583 814 tribulatione.
1596 769 1709 815 Dicit

321 837 438 880 enim
460 836 544 882 alio
565 836 663 882 loco
689 856 699 883 :
729 856 750 880 «
770 837 949 882 Dolores
971 838 1132 883 inferni
1160 839 1421 884 invenerunt
1441 854 1526 883 me.
1549 858 1570 881 »
1596 838 1709 893 Quid
1769 843 1771 851 '

320 917 384 952 est
401 943 411 963 ,
436 927 457 951 «
484 911 754 954 Invenerunt
777 925 846 953 me
864 909 1034 954 dolores
1056 908 1216 954 inferni
1235 912 1253 954 Ρ
1270 910 1416 964 »Quid
1437 919 1501 954 est
1521 909 1708 955 tribula-

321 996 342 1020 »
378 979 542 1023 tionem
565 989 608 1024 et
629 979 825 1025 dolorem
839 981 986 1025 inveni
1003 984 1021 1008 2
1036 982 1055 1024 Ρ
1070 999 1091 1022 »
1109 980 1296 1035 Quando
1317 990 1360 1025 te
1381 990 1561 1040 repente
1582 997 1708 1026 occu-

318 1059 394 1109 pat
425 1051 626 1107 tristitia,
657 1051 920 1111 perturbatis
953 1051 1033 1095 tibi
1070 1052 1200 1096 rebus
1232 1051 1509 1096 saecularibus
1547 1052 1706 1111 quibus
1767 1059 1769 1091 ἰ
1812 1092 1815 1099 ,

318 1121 605 1166 oblectabaris
633 1142 641 1167 :
668 1122 846 1183 quando
867 1132 910 1167 te
938 1124 1165 1182 repentina
1187 1125 1279 1183 ipsa
1306 1124 1473 1168 invenit
1507 1124 1702 1179 tristitia,
1767 1182 1769 1186 y
1812 1160 1815 1170 ,

316 1192 435 1237 unde
458 1203 501 1237 te
520 1210 606 1238 non
628 1194 812 1252 putabas
834 1210 957 1253 posse
978 1194 1071 1237 fieri
1093 1195 1261 1238 tristem
1279 1229 1290 1246 ,
1310 1193 1482 1248 accidit,
1511 1203 1554 1238 et
1576 1195 1706 1239 tristis
1766 1213 1769 1247 ξ

319 1263 522 1317 efficeris,
547 1263 714 1312 invenit
735 1272 778 1307 te
816 1263 942 1308 dolor
977 1262 1151 1307 inferni.
1180 1267 1238 1308 Te
1258 1264 1374 1308 enim
1397 1279 1567 1308 sursum
1584 1274 1706 1324 puta-

314 1334 391 1378 bas
407 1369 419 1389 ,
453 1343 755 1378 verumtamen
776 1334 978 1379 deorsum
1001 1350 1093 1379 eras
1116 1355 1125 1380 ε
1151 1344 1194 1380 et
1215 1351 1316 1380 cum
1338 1344 1381 1379 te
1399 1334 1524 1380 dolor
1546 1335 1706 1380 inferni
1765 1385 1767 1399 .

313 1405 555 1459 inveniret,
587 1404 647 1448 ibi
671 1413 715 1448 te
736 1405 940 1449 invenisti
963 1405 1167 1450 deorsum
1182 1441 1193 1461 ,
1218 1406 1294 1466 qui
1316 1415 1359 1450 te
1380 1421 1551 1455 sursum
1574 1416 1705 1465 puta-
1812 1442 1815 1445 <

312 1476 404 1519 bas.
438 1476 647 1520 Invenisti
676 1476 792 1519 enim
815 1485 858 1520 te
881 1475 1031 1520 dolore
1062 1477 1269 1520 affectum
1293 1477 1478 1535 graviter
1497 1513 1508 1532 ,
1532 1476 1705 1522 tristitia
1764 1527 1765 1534 ἵ

312 1545 495 1607 alicujus
518 1546 620 1590 mali
636 1582 646 1601 ,
672 1547 792 1590 unde
815 1545 929 1591 forte
950 1562 1283 1606 praesumpseras
1305 1556 1349 1591 te
1368 1563 1457 1591 non
1481 1546 1575 1592 fore
1605 1548 1706 1592 tris-

313 1625 401 1660 tem
429 1636 437 1661 :
462 1617 628 1661 invenit
645 1625 688 1660 te
710 1615 835 1660 dolor
860 1615 1035 1661 inferni.
1069 1619 1182 1662 Cum
1200 1627 1341 1662 autem
1366 1617 1478 1661 bene
1506 1627 1570 1662 est
1591 1618 1700 1673 tibi,

313 1687 506 1732 arrident
535 1686 678 1732 omnia
705 1686 949 1743 saeeularia,
981 1687 1128 1732 nullus
1156 1696 1334 1732 tuorum
1361 1687 1494 1744 obiit,
1528 1687 1637 1732 nihil
1657 1689 1703 1733 in
1762 1697 1765 1747 J

311 1749 438 1802 vinea
460 1768 534 1802 tua
553 1757 665 1802 forte
687 1757 756 1802 vel
778 1758 912 1813 aruit,
938 1757 1007 1802 vel
1030 1757 1337 1817 grandinatum
1356 1767 1420 1802 est
1435 1793 1446 1814 ,
1471 1757 1541 1803 vel
1559 1758 1702 1802 sterile
1809 1797 1812 1801 .

313 1830 515 1889 apparuit
532 1865 543 1884 ,
579 1845 669 1874 non
699 1829 815 1873 acuit
836 1844 945 1889 cupa
977 1838 1053 1873 tua
1070 1864 1081 1885 ,
1108 1845 1198 1874 non
1220 1829 1422 1874 abortum
1444 1844 1617 1889 passum
1639 1837 1703 1874 est
1809 1852 1814 1878 ς

312 1916 444 1960 pecus
467 1910 596 1947 tuum
616 1936 627 1955 ,
665 1916 755 1945 non
778 1901 1070 1945 exhonoratus
1093 1916 1137 1944 es
1163 1900 1209 1943 in
1233 1899 1378 1961 aliqua
1398 1899 1608 1958 dignitate
1634 1915 1702 1944 se-
1760 1903 1763 1936 ῑ
1810 1891 1813 1894 ’

312 1971 508 2016 cundum
524 1971 732 2016 saeculum
751 1971 1028 2026 constitutus,
1049 1971 1245 2031 undique
1265 1970 1390 2014 amici
1406 1971 1471 2014 tui
1489 1979 1532 2014 et
1547 1971 1702 2015 vivunt

312 2052 356 2087 et
379 2052 552 2087 servant
574 2042 655 2086 tibi
677 2042 906 2086 amicitiam
921 2077 931 2097 ,
958 2042 1136 2086 clientes
1164 2057 1253 2086 non
1271 2040 1451 2097 desunt,
1470 2041 1548 2084 filii
1571 2042 1700 2086 obse-
1759 2067 1761 2101 i
1810 2065 1815 2106 3

311 2123 535 2174 (luuntur,
562 2114 670 2157 servi
692 2113 1033 2157 contremiscunt
1053 2147 1064 2167 ,
1100 2113 1257 2171 conjux
1280 2127 1457 2156 concors
1474 2147 1485 2166 ,
1511 2110 1612 2155 felix
1629 2111 1699 2156 di-
1758 2115 1761 2172 ξ
1810 2142 1815 2159 ι,

311 2186 425 2230 citur
449 2186 604 2229 domus
632 2204 641 2229 ι
673 2184 734 2227 ibi
761 2184 907 2228 inveni
929 2183 1257 2228 tribulationem
1275 2219 1285 2237 ,
1311 2183 1345 2227 si
1363 2182 1526 2243 aliquid
1548 2192 1669 2242 potes
1684 2218 1695 2239 ,
1758 2225 1759 2246 ἶ

311 2265 376 2311 ut,
403 2256 577 2299 inventa
601 2253 900 2308 tribulatione,
926 2253 1099 2298 invoces
1121 2268 1283 2298 nomen
1306 2253 1492 2297 Domini.
1520 2256 1699 2297 Perver-
1758 2257 1759 2277 *

310 2341 407 2371 sum
430 2324 595 2385 aliquid
616 2325 789 2370 videtur
811 2323 966 2368 docere
994 2340 1134 2375 sermo
1157 2323 1329 2368 divinus
1348 2359 1358 2379 ,
1395 2324 1499 2367 flere
1521 2324 1565 2366 in
1591 2323 1699 2367 laeti-
1756 2335 1759 2388 j
1809 2316 1815 2369 f

312 2397 395 2450 tia,
429 2405 472 2440 et
508 2397 552 2440 in
582 2410 768 2439 moerore
801 2394 952 2439 laetari.
995 2394 1110 2438 Audi
1140 2394 1185 2436 in
1215 2409 1402 2438 moerore
1437 2393 1655 2436 laetantem
1684 2413 1693 2438 ε
1756 2414 1757 2452 3

316 2486 336 2508 «
371 2465 643 2521 Gloriamur,
667 2465 836 2525 inquit,
857 2465 902 2508 in
921 2463 1316 2508 tribulationibusss.
1345 2482 1365 2505 »
1395 2462 1590 2507 Flentem
1615 2478 1694 2506 au-
1756 2454 1757 2496 Ῑ

360 2558 368 2574 ¹
395 2551 571 2591 Psal.cx1v,
593 2551 624 2593 3,
644 2549 675 2592 4
698 2566 740 2573 —-
765 2550 844 2581 21d.
866 2560 944 2591 xvn,
966 2549 998 2581 G.
1024 2547 1094 2573 —*-·3
1118 2552 1208 2582 Rom.
1230 2560 1263 2589 v,
1286 2548 1315 2580 3.
