1815 3253
381 199 464 237 336
825 212 858 237 s.
894 209 1057 240 Aueus'i
1060 214 1124 240 mr
1155 213 1335 242 Enscom
1793 51 1798 227 l

378 273 691 317 suirectionem
728 272 947 330 suturam,
979 276 1025 319 in
1055 292 1141 337 qua
1168 278 1280 337 perit
1308 278 1448 322 omnis
1479 278 1664 337 gemitus
1682 314 1693 336 ,
1718 290 1771 326 et
1791 229 1815 336 ¹2}

376 343 470 387 laus
493 344 711 399 succedit,
737 345 782 389 in
815 361 901 405 qua
923 346 1062 390 omnis
1085 347 1307 392 tribulatio
1329 348 1564 404 morietur,
1602 358 1646 393 et
1680 350 1762 395 erit
1796 358 1800 393 ὲ

378 413 468 457 sine
490 413 577 458 fine
592 414 836 460 exultatio:
857 415 1057 460 nondum
1072 431 1172 475 ergo
1190 418 1398 462 habentes
1420 418 1534 462 hoc
1523 434 1569 462 1n
1592 434 1665 473 re,
1686 337 1794 586 sedl

378 495 526 531 tamen
544 492 739 529 tenentes
759 486 806 529 in
827 501 902 545 spe
916 522 927 541 ,
957 496 1138 544 gemunt
1157 503 1209 530 ex
1235 486 1446 532 desiderio
1474 453 1665 548 quodani
1682 523 1694 544 ,
1719 337 1797 586 etl

378 567 504 603 orant
524 573 568 602 se
588 556 762 600 liberari
785 556 839 600 ab
857 557 1107 600 hominibus
1129 556 1253 601 malis
1274 592 1283 612 ,
1306 558 1420 601 inter
1447 574 1555 618 quos
1589 573 1760 603 necesse

377 637 442 672 est
465 629 606 673 vivere
633 636 677 672 et
698 627 839 671 bonis.
867 629 964 672 Non
996 627 1110 670 enim
1133 629 1344 687 separatio
1363 630 1454 689 jam
1476 629 1635 689 cuique
1666 638 1796 674 tuta;

377 707 455 742 est.
477 698 598 742 Illius
618 697 738 753 enim
760 697 842 740 erit
859 696 1095 756 separatio,
1120 698 1197 758 qui
1217 713 1306 742 non
1323 699 1445 744 novit
1464 715 1619 743 errare.
1645 698 1762 752 Quid

377 777 440 812 est
457 803 468 823 ,
493 768 678 828 quinon
701 767 822 811 novit
844 769 1011 811 errare?
1035 769 1091 811 Ut
1112 783 1192 811 nec
1210 767 1373 812 malum
1387 762 1569 829 trajiciat
1587 769 1642 813 ad
1663 768 1782 812 dex-

380 847 538 893 teram,
565 854 645 882 nec
666 838 833 882 bonum
856 836 911 881 ad
943 837 1172 882 sinistram.
1198 840 1285 884 Nos
1314 848 1459 883 autem
1487 840 1532 883 in
1563 839 1642 883 hac
1674 839 1761 884 vita

378 908 557 954 difficile
572 918 703 953 estut
725 925 803 953 nos
826 910 938 968 ipsos
970 909 1245 965 noverimus,
1271 920 1435 970 quanto
1462 911 1607 954 minus
1629 910 1763 954 debe-

376 995 472 1024 mus
495 979 549 1024 de
571 994 793 1040 quoquam
816 994 1137 1039 piaeproperam
1160 978 1273 1023 ferre
1290 981 1577 1024 sententiam?
1597 980 1707 1033 Quia
1728 980 1777 1024 si

375 1050 506 1095 hodie
522 1050 687 1094 malum
709 1050 935 1105 novimus,
955 1066 1046 1094 cras
1061 1049 1200 1110 qualis
1214 1049 1389 1095 futurus
1407 1051 1461 1095 sit
1477 1051 1757 1109 ionoramus:

375 1130 419 1165 et
440 1120 552 1165 forte
574 1136 705 1181 quem
733 1121 1013 1166 vehementer
1036 1121 1233 1176 odimus,
1260 1120 1393 1165 frater
1425 1130 1571 1165 noster
1592 1131 1685 1175 est,
1718 1129 1761 1165 et

365 1192 606 1236 nescimus.
628 1192 775 1236 Securi
798 1207 900 1250 ergo
922 1190 1092 1235 odimus
1116 1191 1160 1235 in
1181 1191 1304 1236 malis
1327 1192 1560 1246 malitiam,
1590 1201 1633 1236 et
1659 1132 1783 1245 dili-l

377 1263 518 1321 gimus
541 1272 783 1307 creaturam
806 1282 815 1306 z
837 1271 886 1305 ut
906 1262 1026 1321 quod
1047 1261 1109 1305 ibi
1131 1261 1232 1305 fecit
1255 1266 1368 1307 Deus
1395 1278 1587 1307 amemus
1602 1297 1613 1318 ,
1640 1260 1761 1322 quod
1814 1295 1815 1298 η

374 1333 436 1376 ibi
471 1332 606 1378 fecit
596 1348 685 1392 ipse
712 1334 869 1387 homo,
906 1331 1139 1376 oderimus.
1176 1336 1299 1377 Fecit
1332 1333 1448 1377 enim
1486 1337 1597 1378 Deus
1619 1333 1793 1392 ipsum
1813 1350 1815 1366 1

374 1403 626 1458 hominem,
658 1403 763 1447 fecit
784 1412 929 1446 autem
950 1402 1083 1446 homo
1104 1413 1344 1461 peccatum
1365 1403 1502 1461 Dilige
1522 1402 1643 1481 quod
1658 1401 1761 1446 fecit

373 1477 520 1529 Deus,
546 1474 686 1526 odeiis
707 1473 829 1534 quod
849 1473 954 1517 fecit
968 1473 1115 1518 homo
1142 1473 1210 1518 Sic
1222 1476 1336 1518 enim
1356 1474 1624 1534 persequeris
1640 1454 1783 1538 quodi
1808 1486 1815 1512 ³

372 1542 475 1588 iecit
498 1509 651 1598 liomo,
677 1553 727 1588 ut
741 1543 953 1587 liberetur
973 1542 1093 1602 quod
1113 1543 1218 1587 lecit
1242 1547 1369 1588 Deus.

433 1617 515 1657 III.
544 1633 563 1655 «
596 1617 648 1657 In
669 1615 800 1657 finem
824 1612 1017 1657 Psalmus
1039 1613 1120 1672 ipsi
1142 1612 1324 1658 David1.
1352 1632 1372 1655 >›
1399 1614 1551 1658 Finem
1579 1629 1669 1658 non
1696 1613 1766 1657 ino
1808 1633 1809 1643 2

375 1683 523 1728 tendas
546 1683 682 1738 aliud,
701 1699 831 1744 quam
844 1684 924 1727 tibi
942 1684 996 1727 ab
1013 1683 1222 1742 Apostolo
1242 1685 1534 1743 praestitutum
1556 1693 1634 1728 est.
1653 1703 1673 1726 «
1690 1683 1760 1728 Fi·
1788 1672 1803 1733 l

340 1778 345 1784 ·
376 1772 395 1795 »
431 1754 496 1797 nis
515 1754 629 1798 enim
649 1755 774 1812 Legis
796 1754 992 1798 Christus
1011 1788 1021 1808 ,
1047 1753 1102 1796 ad
1112 1754 1326 1812 justitiam
1339 1754 1458 1798 omni
1473 1754 1666 1798 credenti
1680 1757 1712 1797 2.
1733 1771 1753 1795 »
1792 1748 1811 1802 if

371 1826 488 1882 Ergo
518 1839 619 1868 cum
650 1822 774 1867 audis
801 1823 1021 1867 Psalmum
1053 1823 1223 1879 dicere,
1254 1842 1274 1865 «
1307 1827 1358 1868 In
1386 1824 1517 1868 finem
1535 1859 1546 1879 ,
1575 1842 1594 1865 »
1627 1822 1757 1868 corda
1790 1827 1815 1871 ti

371 1903 681 1939 convertantur
700 1893 755 1937 ad
772 1894 1009 1938 Christum.
1045 1896 1271 1954 Tanquam
1293 1895 1409 1938 enim
1431 1911 1575 1954 praeco
1599 1890 1767 1944 Psalmi!
1792 1896 1815 1940 M

371 1975 457 2021 est,
483 1966 633 2010 titulus
657 1964 837 2019 Psalmi,
862 1965 997 2009 veluti
1015 1964 1162 2009 dicens
1178 2000 1189 2020 ,
1218 1969 1330 2010 Ecce
1352 1967 1517 2020 veniet,
1546 1965 1647 2009 inde
1668 1965 1756 2009 dic·
1787 1974 1810 2008 511

371 2046 495 2081 turus
516 2052 610 2080 sum
626 2071 637 2091 ,
663 2035 717 2080 de
735 2036 908 2080 Christo
925 2044 1193 2080 cantaturus.
1210 2039 1318 2081 Nam
1333 2045 1396 2090 et,
1418 2055 1438 2077 «
1459 2036 1546 2095 Ipsi
1561 2036 1710 2090 David,
1731 2052 1751 2076 »
1797 2049 1806 2077 s:

371 2123 459 2152 non
474 2106 669 2164 intelligo
687 2107 767 2149 nisi
788 2106 929 2165 ipsum
949 2106 1025 2165 qui
1048 2104 1185 2149 factus
1206 2115 1268 2150 est
1289 2122 1341 2149 cx
1363 2106 1525 2150 semine
1537 2105 1674 2150 David
1695 2120 1756 2149 se·
1779 2108 1814 2149 sti

371 2177 566 2221 cundum
581 2177 791 2220 Cal'nem3.
809 2176 987 2219 Interim
1003 2184 1179 2234 propter
1197 2191 1332 2234 genus
1355 2177 1557 2234 congruit
1574 2191 1749 2220 nomen.
1796 2190 1807 2218 ca

371 2249 517 2291 Genus
537 2245 708 2290 carnale
723 2261 745 2288 a
759 2244 913 2299 David,
930 2260 1063 2302 genus
1074 2245 1265 2303 spiritale
1279 2261 1408 2304 supra
1422 2246 1574 2290 David.
1593 2249 1649 2290 Et
1664 2260 1752 2290 non
1803 2266 1812 2288 ,ε

369 2317 511 2361 solum
528 2325 627 2361 ante
649 2315 809 2370 David,
843 2314 918 2359 sed
951 2324 1050 2358 ante
1073 2314 1297 2358 Abraham
1312 2316 1350 2372 ⁴3
1384 2332 1464 2360 nec
1490 2324 1590 2359 ante
1612 2316 1751 2359 Abra·
1804 2316 1815 2356 Ji

369 2389 470 2432 ham
493 2397 663 2432 tantum
685 2422 695 2441 ,
726 2385 801 2430 sed
829 2395 928 2430 ante
958 2384 1122 2443 Adam,
1147 2401 1227 2429 nec
1256 2395 1355 2430 ante
1378 2386 1517 2430 Adam
1543 2395 1711 2429 tantum
1733 2419 1747 2439 ,.
1796 2389 1811 2429 :i

368 2459 443 2502 sed
479 2468 578 2502 ante
610 2458 770 2502 coelum
795 2466 838 2500 et
867 2466 1049 2511 terram,
1087 2465 1187 2500 ante
1214 2472 1362 2501 omnes
1399 2457 1610 2516 Angelos,
1649 2465 1754 2528 ante1
1805 2485 1815 2512 5,

420 2542 520 2575 ¹Psal.
541 2553 665 2583 cxxxix,
689 2553 718 2573 1.
743 2558 784 2563 —
805 2543 974 2582 21'1011).x‚
995 2539 1026 2581 4.
1048 2557 1088 2563 -
1107 2538 1214 2581 31d.1,
1232 2540 1261 2572 3.
1280 2557 1321 2563 —-
1335 2540 1350 2570 4
1368 2543 1460 2573 ι10011.
1479 2551 1543 2581 vm,
1565 2540 1618 2572 58.
1750 2529 1754 2572 i
1802 2548 1809 2571 :i

1810 1415 1815 1442 l
