1815 3253
347 178 428 218 152
780 187 815 216 s.
850 187 1081 217 ,mausum
1113 188 1294 216 Enseom

342 270 451 314 opus
467 254 512 298 in
530 269 655 314 agro,
672 254 742 298 vel
757 254 798 297 in
824 253 948 298 vinea
965 288 976 308 ‚
1018 252 1088 298 vel
1109 254 1154 297 in
1172 268 1307 297 messe
1325 288 1336 307 ‚
1368 252 1437 296 vel
1454 252 1618 313 aliquid
1634 254 1720 298 hu-

337 320 529 386 jusmodi
562 345 571 370 :
608 341 696 370 non
730 324 890 368 licebat
934 324 1114 368 transire
1151 325 1241 368 sine
1278 323 1595 368 benedictione.
1636 324 1720 370 Alii

340 405 442 440 sunt
464 396 538 455 qui
569 395 813 454 manipulos
835 392 1067 452 colligunt,
1087 393 1156 437 alii
1178 403 1280 437 sunt
1298 402 1567 437 transeuntes
1587 394 1716 439 viam.
1760 402 1763 448 ξ

339 467 424 519 Qui
442 466 685 525 manipulos
700 464 937 521 colligunt,
958 478 1048 506 non
1062 463 1116 506 de
1129 462 1210 507 illis
1232 462 1401 522 replent
1416 478 1568 507 manus
1585 484 1596 521 3
1620 465 1720 523 quia

337 553 426 581 non
444 537 663 594 colligitur
683 536 738 580 ad
754 537 959 579 horreum
978 533 1145 577 foenum
1161 543 1392 578 tectorum.
1415 534 1500 587 Qui
1523 543 1625 578 sunt
1644 535 1720 594 qui

337 608 582 667 manipulos
598 607 836 666 colligunt?
857 609 1079 651 Messores.
1100 605 1185 658 Qui
1201 614 1303 649 sunt
1317 606 1552 649 messores?
1573 607 1721 649 Domi-

336 693 418 722 nus
441 677 548 721 dixit
569 696 578 722 :
602 680 845 722 «Messores
865 684 1012 719 autem
1027 674 1180 732 Angeli
1196 677 1339 719 sunt1.
1354 693 1374 715 »
1393 675 1478 727 Qui
1492 684 1593 719 sunt
1606 684 1722 719 tran-

336 749 541 792 seuntes‘?
564 746 634 791 Illi
656 747 732 806 qui
748 747 839 806 jam
870 761 948 805 per
969 745 1083 788 viam
1105 744 1227 788 istam
1241 780 1252 797 ,
1291 744 1338 789 id
1359 754 1422 788 est
1441 780 1452 800 ,
1482 760 1559 804 per
1586 745 1720 789 vitam
1759 779 1768 789 .,

335 819 461 862 istam
496 817 761 861 transierunt
784 816 886 860 hinc
921 814 976 859 ad
997 815 1196 874 patriam.
1228 815 1423 874 Apostoli
1451 824 1720 860 transeuntes

278 915 282 923 ‹
335 896 459 932 erant
475 888 519 930 in
534 888 615 931 ista
631 887 718 931 vita
734 921 744 941 ‚
766 886 995 945 Prophetae
1010 894 1281 930 transeuntes
1296 894 1431 929 erant.
1454 887 1571 938 Quos
1589 886 1720 929 bene·
1759 930 1761 957 ἦ

335 958 538 1002 dixerunt
574 957 804 1016 Prophetae
826 964 868 999 et
890 954 1122 1014 Apostoli?
1147 953 1248 998 Illos
1269 955 1314 998 in
1336 955 1496 1015 quibus
1531 953 1720 1000 radicem
1759 985 1768 1028 a'

334 1029 555 1073 charitatis
570 1027 790 1073 viderunt.
818 1029 936 1080 Quos
954 1035 1100 1070 autem
1123 1026 1384 1070 invenerunt
1404 1027 1449 1069 in
1471 1026 1593 1070 tectis
1610 1027 1722 1070 emi-
1758 1032 1761 1070 ὲ

333 1115 436 1145 nere
451 1109 495 1144 et
511 1100 736 1159 superbire
752 1099 799 1142 in
815 1098 979 1142 cervice
995 1097 1106 1141 scuti
1121 1097 1186 1141 sui
1202 1132 1214 1152 ‚
1231 1095 1436 1141 dixerunt
1456 1106 1606 1142 contra
1623 1097 1720 1143 illos
1758 1102 1760 1124 f

333 1168 455 1230 quod
478 1168 617 1214 futuri
645 1177 789 1223 erant,
821 1167 1171 1212 benedictionem
1194 1176 1339 1211 autem
1368 1183 1497 1227 super
1530 1183 1609 1212 eos
1630 1183 1721 1213 non
1758 1207 1760 1223 ζ

334 1238 567 1284 dederunt.
594 1242 711 1297 Ergo
737 1253 888 1282 omnes
908 1237 1010 1281 istos
1031 1236 1168 1282 malos
1193 1253 1303 1298 quos
1332 1247 1477 1297 portat
1496 1236 1687 1282 Ecclesia
1703 1272 1715 1293 ,
1758 1256 1760 1277 ι

330 1310 408 1369 qui
427 1309 568 1367 legitis
602 1309 648 1352 in
670 1308 928 1367 Scripturis‚
955 1307 1158 1352 invenitis
1190 1307 1443 1353 maledictos
1472 1307 1719 1367 designatos
1758 1327 1760 1372 ᾗ
1800 1297 1815 1312 'w

331 1378 387 1423 ad
409 1379 726 1423 Antichristum
739 1377 974 1437 pertinere,
1001 1375 1057 1422 ad
1077 1376 1302 1421 diabolum
1318 1379 1550 1438 pertinere,
1567 1377 1622 1422 ad
1639 1393 1718 1437 pa·

330 1448 444 1493 leam
458 1448 673 1508 pertinere
687 1483 698 1501 ‚
719 1447 775 1491 ad
795 1447 955 1491 zizania
978 1447 1208 1506 pertinere.
1235 1450 1292 1492 Et
1312 1449 1450 1493 multa
1466 1449 1718 1493 innumera·
1758 1476 1759 1484 κ

330 1519 433 1562 bilia
455 1534 532 1578 per
549 1517 878 1562 similitudinem
899 1515 1107 1561 dicuntur
1123 1517 1177 1561 de
1191 1516 1273 1562 illis
1293 1537 1304 1565 z
1333 1537 1352 1560 «
1377 1519 1488 1573 Quia
1514 1534 1603 1564 non
1617 1534 1717 1564 om-

334 1608 353 1630 »
389 1589 453 1633 nis
475 1587 551 1648 qui
576 1588 683 1632 dicit
694 1588 822 1642 mihi,
844 1587 1042 1642 Domine,
1058 1588 1255 1643 Domine,
1272 1589 1453 1633 intrabit
1466 1590 1511 1633 in
1531 1605 1716 1648 regnum
1757 1584 1758 1598 ¹

333 1676 353 1700 »
389 1658 605 1702 coelorum
619 1661 652 1701 ².
682 1675 702 1698 »
724 1655 897 1702 Nullam
925 1657 1091 1701 invenis
1115 1658 1402 1717 Scripturam,
1428 1675 1525 1719 quae
1548 1658 1602 1702 de
1630 1659 1714 1704 illis
1756 1656 1758 1694 Ῑ

332 1728 445 1771 bene
462 1728 684 1787 loquatur,
705 1727 807 1787 quia
830 1735 1101 1770 transeuntes
1117 1727 1232 1771 viam
1247 1743 1336 1772 non
1358 1727 1453 1772 illos
1477 1727 1715 1773 benedixe-
1756 1756 1757 1772 ³

331 1806 450 1841 runt.
472 1801 759 1841 Transeuntes
778 1797 1007 1855 Prophetae
1029 1797 1173 1840 omnia
1187 1795 1242 1840 de
1257 1796 1340 1841 illis
1358 1797 1471 1841 mala
1493 1797 1709 1842 dixerunt.

331 1870 445 1911 Ecce
463 1876 505 1911 et
527 1867 606 1911 iste
628 1882 760 1927 quem
781 1875 1026 1926 portamus,
1052 1865 1191 1911 David
1213 1868 1379 1911 transiit
1396 1868 1511 1912 viam
1532 1889 1543 1925 3
1569 1868 1714 1912 audis-

331 1938 384 1981 tis
405 1938 512 1997 quid
530 1938 584 1981 de
598 1937 681 1981 illis
702 1937 809 1982 dixit
836 1956 844 1981 :
870 1956 890 1979 «
914 1937 1124 1981 Dominus
1135 1938 1276 1997 justus
1297 1939 1498 1982 concidet
1526 1939 1712 1983 cervices

332 2025 353 2048 >›
388 2016 682 2066 peccatorum.
716 2006 1078 2062 Confundantur‚
1099 2017 1142 2051 et
1177 2018 1426 2053 avertantur
1449 2017 1709 2065 retrorsum,
1739 2022 1755 2039 ’κ

331 2095 351 2118 »
387 2092 535 2120 omnes
558 2077 633 2136 qui
648 2075 836 2120 oderunt
855 2077 972 2121 Sion.
999 2077 1126 2120 Fiant
1144 2078 1255 2122 sicut
1275 2076 1442 2123 foenum
1466 2087 1680 2123 tectorum
1697 2114 1708 2135 ‚

330 2164 350 2187 »
386 2146 506 2205 quod
529 2147 646 2205 prius
673 2161 805 2206 quam
820 2145 1029 2190 evellatur
1056 2147 1182 2190 aruit.
1208 2150 1306 2192 Non
1331 2147 1510 2207 replevit
1532 2164 1709 2193 manum
1753 2164 1755 2186 ³

328 2234 348 2257 »
384 2231 504 2259 suam
519 2231 680 2260 messor
697 2251 707 2270 ,
733 2225 777 2260 et
797 2216 940 2259 sinum
959 2231 1086 2259 suum
1109 2217 1184 2276 qui
1212 2217 1455 2277 manipulos
1476 2218 1654 2276 colligit.
1683 2236 1704 2260 »

323 2288 427 2329 Haec
450 2284 503 2329 de
525 2285 607 2330 illis
629 2285 751 2330 dixit.
778 2288 874 2331 Non
897 2301 999 2344 ergo
1021 2302 1149 2345 supra
1172 2286 1268 2332 illos
1294 2289 1371 2332 iste
1393 2289 1604 2332 transiens
1627 2289 1710 2333 be-

319 2354 483 2399 nedixit
503 2391 513 2410 ,
540 2365 583 2400 et
599 2355 828 2414 impletum
852 2365 914 2400 est
936 2358 1064 2401 etiam
1085 2373 1162 2416 per
1184 2358 1309 2402 illum
1325 2395 1335 2413 ‚
1373 2359 1494 2419 quod
1516 2360 1605 2418 ipse
1632 2358 1704 2403 di-

318 2425 398 2479 xit,
424 2443 444 2467 «
464 2428 520 2469 Et
534 2441 623 2469 non
640 2425 842 2470 dixerunt
864 2435 1135 2472 transeuntes
1152 2428 1287 2485 viam,
1307 2429 1609 2474 Benediximus
1625 2443 1700 2474 vos

375 2515 382 2530 ¹
405 2509 606 2551 Matrl1.x1n‚
624 2510 676 2551 39.
698 2528 739 2533 --
761 2517 772 2532 ²
793 2511 838 2544 Id.
860 2521 918 2552 vu,
939 2519 992 2542 21.
