1815 3253
402 299 649 331 munau-10
681 304 726 329 m
757 300 961 330 PsALMUM
991 301 1121 328 cxxx.
1363 284 1444 324 ²171

54 366 224 430 justitia
259 363 624 413 Christianorum.
657 370 714 412 At
745 366 820 411 ubi
851 365 960 411 vidit
987 380 1064 425 per
1092 379 1245 408 manus
1261 363 1453 422 'imposi-

60 440 224 484 tionem
248 438 557 497 Apostolorum
594 447 637 481 et
666 453 743 497 per
776 437 990 481 orationes
1009 449 1160 480 eorum
1184 437 1323 478 Deum
1346 433 1449 476 dare

58 508 258 563 fidelibus
284 509 490 567 Spiritum
513 518 734 561 sanctum,
761 517 804 551 et
827 507 928 566 quia
952 515 1056 549 tunc
1075 519 1153 564 per
1185 502 1448 547 miraculum

58 578 440 624 demonstrabatur
463 579 674 622 adventus
712 577 895 637 Spiritus
924 575 1090 630 sancti,
1126 583 1177 618 ut
1195 573 1355 632 linguis
1377 573 1446 616 lo—

57 658 311 709 querentur,
333 665 439 708 quas
453 664 542 693 uon
566 649 823 702 didicerant,
849 660 999 691 omnes
1017 661 1147 704 super
1164 659 1274 704 quos
1295 643 1446 687 venie-

57 718 133 763 bat
157 720 338 778 Spiritus
359 729 532 763 sanctus
551 739 559 764 ε
579 722 596 777 (
617 722 704 764 Nec
722 718 820 762 ideo
842 716 972 762 modo
995 731 1084 760 non
1107 714 1238 759 datur
1262 713 1448 772 Spiritus

55 799 254 845 sanctus,
291 790 392 850 quia
432 790 590 848 linguis
613 805 702 833 non
731 788 974 848 loquuntur
1000 788 1076 847 qui
1109 786 1311 831 credunt.
1341 784 1446 828 Ideo

57 861 171 904 enim
201 869 307 904 tunc
340 862 570 918 oportebat
592 870 642 904 ut
672 860 830 917 linguis
855 858 1141 919 loquerentur
1158 891 1169 911 ,
1194 866 1245 900 ut
1280 855 1446 913 signifi-

55 940 204 975 carent
233 945 383 974 omnes
412 930 584 988 linguas
616 931 790 975 Christo
819 929 1071 973 credituras.
1108 927 1190 972 Ubi
1216 924 1445 984 impletum

56 1011 119 1046 est
154 1002 274 1061 quod
305 1001 654 1059 significabatur,
681 1001 940 1045 miraculum
981 999 1175 1043 ablatum
1200 1003 1309 1052 est.)
1332 999 1443 1041 Cum

55 1074 252 1132 ergohoc
269 1072 434 1116 videret
454 1072 617 1125 Simon,
641 1070 890 1115 voluittalia
904 1070 1047 1115 facere
1061 1104 1071 1122 ‚
1090 1084 1180 1113 non
1199 1067 1294 1111 talis
1312 1069 1442 1110 esse1.

55 1146 112 1188 Et
133 1144 264 1188 nostis
291 1144 392 1203 quia
415 1143 543 1186 etiam
565 1143 745 1201 pecunia
780 1142 950 1200 putavit
977 1138 1319 1199 comparandum
1346 1138 1445 1196 Spi-

56 1214 187 1257 ritum
206 1223 418 1258 sanctum.
445 1215 549 1256 Erat
569 1228 672 1271 ergo
695 1211 750 1255 de
772 1211 954 1265 talibus,
979 1211 1056 1270 qui
1075 1211 1121 1253 in
1142 1208 1356 1267 templum
1381 1208 1447 1251 in-

56 1293 174 1328 trant
195 1283 247 1328 ad
271 1283 507 1327 emendum
530 1293 572 1327 et
593 1281 873 1326 vendendum
902 1301 911 1326 :
931 1296 1075 1325 emere
1097 1279 1296 1333 volebat,
1323 1278 1443 1338 quod

55 1353 244 1398 vendere
266 1353 541 1413 disponebat.
574 1357 630 1398 Et
656 1368 758 1397 vere
768 1388 783 1408 ,
808 1353 961 1396 fratres
988 1351 1073 1394 mei
1098 1386 1108 1405 ,
1129 1350 1232 1410 quia
1253 1349 1349 1393 talis
1371 1348 1445 1393 ille

55 1433 168 1479 erat,
202 1434 245 1468 et
273 1425 333 1468 sic
355 1424 592 1468 intraverat
621 1424 674 1468 ad
708 1438 795 1467 eos.
822 1424 1032 1466 Dominus
1058 1421 1154 1465 illos
1191 1419 1357 1479 expulit
1389 1419 1444 1463 de

54 1494 219 1554 templo
238 1495 314 1555 qui
335 1495 561 1539 columbas
585 1494 862 1538 vendebant2
890 1513 898 1538 ;
926 1493 1130 1538 columba
1150 1500 1295 1536 autem
1312 1491 1445 1550 Spiri-

0 1573 5 1611 ἷ-
56 1573 147 1609 tum
171 1574 370 1609 sanctum
401 1565 616 1623 significat
641 1584 650 1609 :
676 1563 852 1609 volebat
887 1579 990 1621 ergo
1016 1563 1166 1608 Simon
1200 1574 1343 1605 emere
1365 1576 1442 1605 co-

54 1634 250 1679 lumbam
266 1671 277 1691 ,
299 1645 341 1679 et
361 1636 550 1679 vendere
564 1634 814 1679 columbam
829 1635 844 1659 3
867 1649 875 1675 ε
896 1633 1072 1677 accessit
1087 1632 1298 1676 Dominus
1319 1634 1443 1674 Jesus

53 1697 271 1760 Cliristus,
306 1706 382 1765 qui
423 1705 645 1749 habitabat
677 1704 721 1747 in
750 1707 905 1758 Petro,
942 1713 986 1747 et
1021 1701 1194 1762 flagello
1228 1700 1443 1746 resticulae

55 1774 218 1835 expulit
239 1775 352 1820 foras
375 1774 541 1818 malum
559 1784 843 1819 mercatorem
864 1776 895 1817 4.

113 1847 189 1889 VI.
217 1848 333 1904 Ergo
362 1855 465 1890 sunt
486 1846 683 1890 homines
700 1880 711 1900 ,
745 1860 855 1904 quos
877 1843 1065 1887 delectat
1095 1842 1355 1887 miraculum
1375 1842 1442 1886 fa—

54 1930 177 1972 cere,
202 1926 246 1961 et
278 1918 334 1961 ab
371 1917 430 1960 eis
468 1917 544 1976 qui
572 1915 854 1971 profecerunt
886 1916 932 1958 in
954 1913 1144 1959 Ecclesia
1181 1913 1442 1957 miraculum

56 1985 255 2044 exigunt,
281 1996 325 2030 et
350 1987 431 2046 ipsi
465 1987 541 2047 qui
572 1987 695 2047 quasi
710 1985 947 2046 ,profecisse
969 1985 1050 2029 sibi
1080 1984 1310 2039 videntur,
1342 1983 1443 2027 talia

56 2055 210 2101 volunt
231 2056 394 2113 facere,
420 2068 464 2102 et
484 2067 642 2118 putant
663 2073 706 2102 se
729 2057 783 2102 ad
803 2060 941 2101 Deum
964 2072 1053 2100 non
1070 2055 1287 2115 pertinere
1303 2055 1337 2099 si
1354 2070 1444 2098 non

54 2124 249 2172 fecerint.
277 2129 486 2172 Dominus
504 2139 650 2172 autem
673 2131 787 2172 Deus
804 2137 950 2171 noster
970 2162 981 2181 ,
1001 2127 1077 2186 qui
1101 2126 1222 2170 novit
1243 2125 1351 2186 quid
1372 2125 1445 2169 cui

54 2197 241 2251 tribuat,
265 2209 307 2242 et
328 2208 380 2242 ut
396 2208 590 2243 servetur
607 2213 820 2257 compago
837 2197 1029 2256 corporis
1048 2197 1093 2240 in
1111 2212 1234 2256 pace,
1255 2195 1444 2256 alloqui-

53 2276 125 2311 tur
147 2268 383 2312 Ecclesiam
414 2285 491 2328 per
513 2269 772 2329 Apostolum
799 2288 808 2313 ;
838 2288 858 2311 (ι,
882 2272 981 2313 Non
1004 2278 1146 2327 potest
1172 2267 1315 2311 dicere
1338 2283 1448 2311 ocu-

57 2355 77 2379 »
101 2337 168 2381 lus
194 2339 340 2381 manui
361 2374 371 2393 ,
397 2341 516 2399 Opus
531 2350 574 2384 te
596 2357 685 2384 non
708 2341 851 2384 habeo
873 2360 884 2396 3
909 2350 983 2383 aut
1001 2340 1158 2382 iterum
1172 2347 1304 2398 caput
1322 2338 1445 2397 pedi-

57 2425 78 2448 »
114 2409 216 2463 bus,
256 2410 376 2467 Opus
397 2410 519 2454 vobis
546 2426 635 2454 non
655 2411 814 2455 habeo.
844 2411 887 2455 Si
908 2420 1051 2454 totum
1074 2425 1230 2468 corpus
1260 2409 1414 2453 oculus
1429 2444 1441 2464 ,

57 2495 78 2519 n
113 2478 190 2521 ubi
207 2479 410 2522 auditus?
430 2481 473 2524 Si
497 2490 637 2524 totum
648 2496 805 2539 corpus
820 2481 1015 2536 auditus,
1049 2481 1122 2524 ubi
1145 2480 1404 2524 odoratus5‘?
1420 2498 1440 2521 »

102 2579 111 2596 ¹
126 2576 204 2621 Act.
218 2586 288 2615 vm,
312 2575 408 2606 18.—
428 2574 440 2597 3
454 2575 568 2608 Matth.
592 2587 656 2617 xxi,
680 2585 776 2608 122—-
795 2575 808 2599 3
828 2578 981 2618 Act.viu‚
1005 2577 1101 2609 18.—
1116 2575 1130 2606 4
1147 2578 1240 2609 11οω1Α
1258 2587 1298 2617 11,
1319 2574 1371 2617 15,
1387 2574 1440 2607 16.

57 2645 98 2651 —
122 2624 134 2641 ²
152 2642 163 2661 1
185 2631 256 2662 Cor.
278 2642 336 2672 x11,
361 2642 411 2672 17.
