1815 3253
0 2495 5 2583 b

368 257 609 288 ENAnnAzrto
640 259 687 287 ΙΝ
717 257 922 287 rsALMUM
952 259 1118 286 cxxxu.
1341 248 1422 286 211

44 338 200 373 vovere
213 359 226 380 ,
249 339 382 385 quam
402 339 559 369 vovere
581 332 625 367 et
645 322 826 367 reddere
840 325 870 366 ¹.
890 321 975 368 Sed
987 322 1118 366 debet
1138 335 1230 366 esse
1244 321 1429 382 impiger

43 478 174 513 neum
197 475 322 526 putat
333 465 388 510 ad
405 463 678 509 reddendum
693 500 704 520 ,
724 465 843 524 piger
857 464 912 508 sit
932 462 987 507 ad
1009 462 1274 507 vovendum.
1297 461 1431 507 Plane

4 543 11 599 ς’
44 552 270 598 nunquam
295 535 470 590 reddet,
495 536 529 580 si
546 536 601 579 de
623 551 701 579 suo
723 550 767 580 se
788 534 1006 594 putaverit
1026 533 1317 577 redditurum.

102 611 183 652 111.
202 611 267 652 Ex
278 622 383 652 voce
395 608 526 667 hujus
553 606 708 650 Psalmi
735 605 942 665 appellati
959 613 1117 648 suntet
1135 604 1353 659 monachi,
1374 619 1430 648 ne

43 680 138 740 quis
155 679 280 724 vobis
297 679 351 723 de
372 679 454 722 isto
481 678 658 722 nomine
681 676 860 721 insultet
881 675 1130 722 Catholicis.
1156 675 1344 728 Quando
1357 689 1433 720 vos

44 759 161 795 recte
188 750 402 794 haereticis
431 748 486 793 de
507 748 840 794 Circellionibus
875 746 1084 791 insultare
1112 745 1358 805 coeperitis,
1384 754 1435 789 ut

4 830 11 878 ᾗ
44 821 342 866 erubescendo
370 820 616 877 salventur,
637 819 702 864 illi
722 819 846 864 vobis
877 817 1091 862 insultant
1112 817 1167 862 de
1187 816 1428 862 monachis.

47 892 191 937 Primo
219 892 253 935 si
277 890 559 951 comparandi
580 899 683 935 sunt
699 925 710 945 ,
746 905 823 935 vos
843 889 989 934 videte
1015 908 1024 933 :
1049 888 1084 932 si
1114 888 1258 933 verbis
1286 887 1438 932 vestris

4 965 11 978 ”
47 976 155 1024 opus
177 971 239 1007 est
255 998 266 1018 ,
286 964 378 1023 jam
399 962 620 1007 laboratis.
645 964 744 1007 Non
761 976 872 1020 opus
887 970 972 1015 est,
998 960 1081 1004 nisi
1104 969 1153 1004 ut
1167 959 1437 1004 admoneatis

6 1081 9 1087 ,
47 1042 480 1094 unumquemqueut
500 1032 698 1076 attendat
721 1051 730 1076 z
748 1026 891 1076 solum
909 1029 1123 1085 attendat,
1140 1039 1185 1073 et
1195 1038 1434 1088 comparet.

47 1103 163 1159 Quid
180 1119 288 1165 opus
310 1112 375 1147 est
395 1102 538 1147 verbis
566 1102 748 1147 vestris?
784 1104 1107 1160 Comparentur
1141 1099 1298 1144 ebriosi
1335 1114 1438 1144 cum

7 1171 9 1174 ¹
49 1174 221 1230 sobriis,
241 1174 483 1233 praecipites
501 1187 601 1217 cum
623 1172 924 1225 consideratis,
940 1171 1136 1215 furentes
1156 1185 1256 1214 cum
1277 1169 1440 1229 simpli·

7 1283 9 1287 .
49 1246 192 1301 cibus,
217 1254 420 1305 vagantes
449 1260 551 1289 cum
568 1244 855 1303 congregatis.
884 1241 970 1288 Sed
993 1252 1139 1286 tamen
1163 1242 1307 1286 dicere
1338 1257 1442 1286 con-

48 1325 310 1372 sueverunt3
337 1314 455 1369 Quid
478 1314 560 1358 sibi
581 1314 676 1358 vult
706 1329 868 1358 nomen
890 1313 1239 1372 monachorum?
1264 1315 1440 1365 Quanto

48 1388 202 1431 melius
223 1385 406 1430 dicimus
422 1401 499 1429 nos
515 1420 525 1440 ,
551 1385 668 1438 Quid
687 1385 766 1428 sibi
793 1384 890 1428 vult
913 1398 1075 1427 nomen
1093 1376 1405 1428 Circellionum
1422 1384 1440 1426 Ξ)

55 1457 140 1503 Sed
160 1472 250 1501 non
263 1492 274 1512 ,
294 1456 517 1515 inquiunt,
537 1465 750 1499 vocantur
763 1453 1060 1500 Circelliones.
1082 1457 1214 1498 Forte
1235 1463 1443 1512 corrupto

53 1543 160 1572 sono
188 1526 375 1571 nominis
407 1541 479 1570 eos
514 1524 797 1585 appellamus.
826 1525 991 1568 Dicturi
1013 1539 1162 1568 sumus
1184 1524 1306 1568 vobis
1328 1525 1443 1584 inte—

55 1613 176 1658 grum
202 1612 362 1641 nomen
384 1597 574 1655 ipsorum
593 1598 611 1639 Ρ
629 1599 760 1639 Forte
790 1593 1173 1639 Circumcelliones
1195 1603 1409 1638 vocantur
1427 1628 1438 1649 ,

54 1683 143 1714 non
179 1666 470 1713 Circelliones.
500 1665 631 1710 Plane
667 1666 701 1709 si
723 1666 807 1709 hoc
828 1674 1044 1709 vocantur
1062 1698 1074 1718 ,
1101 1673 1322 1722 exponant
1335 1664 1444 1723 quid

56 1739 168 1784 sint?
189 1740 297 1784 Nam
319 1735 700 1782 Circumcelliones
721 1734 827 1779 dicti
844 1744 947 1779 sunt
963 1770 974 1789 ,
1000 1734 1102 1794 quia
1124 1736 1290 1778 circum
1313 1733 1444 1779 cellas

56 1818 280 1869 vagantur.
308 1807 457 1853 Solent
483 1807 598 1850 enim
616 1806 786 1850 irehac
817 1804 943 1859 illac,
979 1820 1198 1865 nusquam
1231 1805 1444 1848 habentes

0 1900 6 1916 ν
59 1879 199 1936 sede33
223 1887 267 1923 et
287 1877 430 1923 facere
465 1892 564 1937 quae
603 1875 760 1931 nostis,
797 1885 841 1920 et
862 1890 961 1936 quae
991 1873 1055 1918 illi
1092 1883 1282 1930 norunt,
1308 1873 1447 1919 velint

0 1962 4 1997 ἱ
59 1950 214 1995 nolint.

118 2022 192 2065 lv.
212 2021 541 2072 Verumtamen,
561 2016 822 2071 charissimi,
841 2024 944 2060 sunt
965 2024 1009 2060 et
1027 2015 1104 2076 qui
1128 2016 1331 2059 monachi
1349 2014 1446 2060 falsi

61 2099 186 2148 suntz,
210 2099 253 2134 et
269 2105 348 2133 nos
364 2089 564 2133 novimus
585 2086 691 2131 tales
713 2106 723 2132 ε
742 2085 817 2130 sed
834 2101 924 2131 non
940 2086 1069 2146 periit
1088 2086 1338 2130 fraternitas
1357 2086 1443 2145 pia,

0 2153 2 2159 ’
60 2171 235 2222 propter
263 2176 334 2204 eos
362 2160 439 2219 qui
473 2159 737 2218 profitentur
757 2158 879 2217 quod
916 2173 1006 2201 non
1037 2166 1155 2201 sunt.
1197 2160 1301 2200 Tam
1343 2166 1446 2201 sunt

61 2234 174 2277 enim
194 2231 393 2276 monachi
414 2229 508 2274 falsi
524 2266 534 2284 ‚
561 2245 693 2290 quam
711 2239 754 2273 et
775 2229 919 2273 clerici
942 2227 1036 2273 falsi
1052 2264 1063 2282 ,
1097 2238 1140 2272 et
1163 2227 1313 2272 fideles
1329 2228 1441 2272 falsi.

62 2302 214 2357 Omnia
246 2316 431 2360 genera,
463 2299 614 2344 fratres
643 2299 758 2353 mei,
796 2300 876 2342 tria
910 2315 1010 2358 quae
1044 2298 1281 2358 aliquando
1322 2299 1446 2343 vobis

63 2369 488 2423 commendavimus,
528 2378 572 2413 et
602 2379 653 2413 ut
672 2379 781 2428 puto
803 2384 892 2412 non
919 2367 1051 2412 semel
1070 2403 1082 2422 ‚
1112 2370 1280 2412 habent
1309 2369 1448 2412 bonos

64 2445 186 2488 suos²
202 2477 213 2497 ,
237 2442 404 2485 habent
424 2438 561 2483 malos
581 2454 694 2482 suos.
722 2442 783 2482 De
804 2439 942 2482 tribus
965 2438 1081 2481 enim
1099 2438 1201 2496 ipsis
1215 2440 1447 2496 generibus,

67 2511 231 2558 dictum
252 2519 316 2555 est
334 2545 346 2565 ,
375 2529 395 2552 «
420 2513 518 2554 Duo
533 2509 579 2552 in
601 2523 726 2566 agro,
751 2523 865 2551 unus
884 2517 1126 2552 assumetur
1145 2542 1155 2562 ,
1181 2517 1223 2552 et
1245 2524 1359 2552 unus
1377 2524 1446 2552 re—

61 2632 65 2640 ,
114 2602 123 2619 ¹
149 2594 248 2628 Eccli.
268 2605 302 2636 v,
322 2592 354 2635 [3.
372 2609 414 2616 —
435 2599 448 2616 ²
466 2592 545 2625 Vide
561 2601 656 2634 supra
671 2591 704 2623 in
723 2590 805 2623 Psal.
821 2601 903 2632 mm,
932 2600 984 2632 12,
1006 2591 1057 2623 13.

1170 2645 1235 2684 14.
