1815 3253
374 279 614 310 mummio
648 283 691 309 m
725 280 925 310 PsALMnM
958 282 1076 309 cxxx.
1313 274 1395 311 177

4 348 65 408 jlis
87 347 218 392 habet
238 362 357 406 spem
375 382 386 401 ,
412 347 447 391 si
469 362 629 391 nomen
650 348 743 406 ejus
775 363 864 391 non
891 356 954 392 est
970 347 1180 406 scriptum
1202 348 1246 391 in
1264 347 1394 393 coelo.

15 419 221 464 Omnium
249 417 446 462 fidelium
474 418 551 478 qui
573 417 761 475 diligunt
783 418 1024 472 Christum,
1062 418 1138 478 qui
1171 419 1401 462 ambulant

16 489 128 535 viam
150 490 241 548 ejus
263 488 487 533 humiliter
502 523 513 544 ,
549 504 682 548 quam
706 489 795 549 ipse
819 488 969 533 docuit
990 488 1166 532 humilis
1187 524 1197 542 ,
1223 490 1402 533 nomina

17 560 171 620 scripta
193 569 294 604 sunt
313 560 359 604 in
382 558 508 604 coelo.
536 560 735 619 Cujusvis
752 558 1091 618 contemptibilis
1111 559 1158 602 in
1180 560 1371 604 Ecclesia
1388 595 1399 615 ,

17 631 92 693 qui
111 630 250 675 credit
270 632 317 675 in
337 632 560 676 Christum
575 666 585 686 ,
618 640 661 675 et
683 630 825 691 diligit
850 631 1094 687 Christum,
1121 641 1164 676 et
1185 642 1301 677 amat
1322 648 1402 692 pa·-

18 717 110 747 eem
132 701 308 757 Christi,
325 717 486 747 nomen
503 702 712 761 scriptum
731 711 794 747 est
815 703 859 745 in
877 702 989 747 coelo
1007 702 1261 762 ,cujuslibet
1273 718 1406 764 quem

18 774 274 818 contemnis.
295 776 351 818 Et
374 773 482 834 quid
500 773 636 818 simile
655 774 736 833 ipsi
751 783 794 818 et
814 774 1031 834 Apostolis
1046 809 1058 830 ,
1083 775 1160 835 qui
1183 784 1303 820 tanta
1328 775 1410 819 mi-

20 844 165 889 racula
197 843 426 889 fecerunt?
452 848 509 889 Et
538 854 683 889 tamen
707 844 903 905 Apostoli
939 845 1239 905 reprimuntur
1272 861 1324 890 ex
1356 861 1408 890 eo

21 914 140 975 quod
163 914 217 958 de
240 915 356 959 bono
378 915 555 974 proprio
579 914 850 973 gaudebant,
883 924 925 960 et
938 915 1152 976 jubentur
1172 916 1276 962 hinc
1299 932 1409 976 gau-

20 983 146 1040 dere,
167 985 286 1028 unde
304 984 465 1043 gaudet
485 993 529 1027 et
550 984 624 1029 ille
645 985 1005 1046 contemptibilis.

82 1057 160 1099 IX.
196 1057 294 1100 Non
321 1054 564 1109 immerito,
602 1054 756 1099 fratres
788 1057 901 1111 mei,
932 1071 1034 1100 cum
1055 1057 1135 1100 ista
1162 1056 1411 1101 humilitate

25 1125 129 1170 dicit
149 1144 158 1169 ε
188 1144 208 1167 «
234 1124 439 1179 Domine,
465 1140 555 1169 non
573 1133 637 1169 est
658 1124 893 1169 exaltatum
911 1141 987 1170 cor
1008 1141 1156 1170 meum
1173 1161 1185 1182 ,
1204 1142 1348 1187 neque
1370 1128 1415 1172 in

12 1205 49 1239 '»
83 1196 219 1240 altum
237 1195 337 1240 elati
354 1194 587 1240 suntoculi
604 1196 689 1239 mei
705 1216 716 1252 3
731 1211 875 1257 neque
889 1196 1106 1256 ingressus
1119 1213 1216 1241 sum
1238 1198 1284 1242 in
1300 1213 1417 1258 mag-

29 1285 50 1310 i»
83 1267 170 1322 nis,
209 1282 352 1327 neque
380 1267 424 1310 in
446 1265 718 1311 mirabilibus
740 1283 869 1326 super
891 1282 975 1311 me.
1007 1268 1050 1312 Si
1078 1283 1168 1313 non
1190 1268 1416 1313 humiliter

29 1356 50 1380 n
83 1337 350 1393 sentiebam,
382 1336 458 1382 sed
490 1337 673 1381 exaltavi
704 1337 893 1381 animam
926 1353 1094 1396 meam,
1125 1339 1416 1399 quemadmo-

29 1427 50 1450 »
85 1409 192 1453 dum
215 1408 292 1468 qui
321 1408 492 1452 ablatus
520 1417 583 1452 est
619 1424 643 1451 a
675 1407 787 1451 lacte
815 1423 945 1467 super
977 1418 1162 1453 matrem
1184 1426 1335 1469 suam3
1358 1411 1418 1455 sic

31 1498 51 1521 »
85 1479 316 1524 retributio
355 1479 402 1522 in
436 1478 625 1523 animam
652 1493 794 1521 meam
822 1480 852 1521 ¹.
887 1495 908 1519 »
936 1478 1121 1523 Videtur
1150 1480 1265 1524 enim
1296 1481 1419 1525 velut

0 1555 2 1558 ’
29 1550 260 1595 maledicto
285 1566 329 1594 se
351 1550 643 1595 obstrinxisse.
671 1549 903 1603 Quomodo
929 1549 1013 1594 alio
1043 1551 1140 1596 loco
1166 1551 1212 1596 in
1246 1552 1419 1598 Psalmo

29 1622 134 1667 dicit
159 1644 169 1681 3
197 1643 218 1666 «
242 1622 426 1666 Domine
448 1624 562 1665 Deus
578 1631 716 1674 meu's,
742 1619 776 1663 si
795 1619 880 1664 feci
902 1620 1019 1664 istud
1034 1655 1045 1676 ,
1070 1622 1105 1665 si
1127 1630 1191 1666 est
1209 1622 1418 1683 iniquitas

32 1713 52 1737 »
87 1695 132 1739 in
152 1694 352 1739 manibus
370 1691 500 1746 meis,
525 1691 560 1735 si
583 1690 754 1735 reddidi
777 1690 1122 1737 retribuentibus
1145 1693 1251 1737 mihi
1273 1693 1387 1738 mala
1406 1714 1418 1751 3

35 1784 53 1807 »
86 1766 282 1811 decidam
304 1764 458 1809 merito
482 1762 537 1806 ab
552 1761 736 1805 inimicis
758 1761 864 1805 meis
885 1761 1023 1806 inanis
1040 1766 1058 1790 ²
1073 1798 1084 1818 ,
1113 1781 1133 1804 »
1157 1773 1201 1808 et
1223 1773 1380 1809 caetera
1405 1783 1416 1808 ι

30 1837 88 1881 sic
108 1836 279 1881 videtur
300 1844 344 1879 et
363 1835 435 1879 hic
457 1833 611 1877 dixisse
638 1851 647 1876 ε
676 1851 697 1874 «
724 1832 766 1877 Si
789 1848 880 1877 non
896 1832 1121 1878 humiliter
1147 1835 1387 1880 sentiebam
1404 1870 1415 1891 ,

23 1925 54 1950 ¹»
88 1908 161 1952 sed
178 1907 359 1952 exaltavi
379 1905 568 1950 animam
583 1918 771 1947 meam.»
793 1906 908 1961 Age:
929 1905 1052 1964 quasi
1069 1905 1266 1950 dicturus
1289 1915 1415 1962 esset,

24 1977 148 2043 iIllud
163 1978 271 2022 mihi
293 1976 532 2034 contingat.
555 1972 784 2027 Quomodo
806 1982 850 2017 et
872 1973 933 2017 ibi
953 1993 961 2019 :
986 1993 1007 2016 «
1034 1975 1076 2019 Si
1098 1975 1271 2020 reddidi
1294 1976 1420 2020 retri-

24 2045 54 2090 '»
89 2048 324 2093 buentibus
358 2045 467 2090 mihi
494 2044 633 2099 mala,
669 2043 895 2102 contingat
926 2044 1033 2088 mihi
1061 2044 1201 2102 illud,
1231 2064 1251 2087 »
1278 2045 1420 2107 quid?

37 2139 53 2160 ι(
88 2118 291 2164 Decidam
329 2117 485 2162 merito
512 2115 570 2159 ab
593 2113 777 2158 inimicis
796 2114 902 2158 meis
923 2115 1063 2159 inanis
1089 2135 1098 2161 ε
1121 2134 1141 2158 >›
1174 2117 1232 2161 sic
1256 2126 1300 2161 et
1321 2116 1414 2172 hie,

36 2210 56 2232 «
91 2190 235 2235 Sinon
247 2187 470 2232 humiliter
483 2185 739 2239 sentiebam,
752 2183 827 2228 sed
840 2184 1024 2230 exaltavi
1037 2186 1226 2230 animam
1249 2202 1391 2231 meam
1403 2208 1416 2246 3

34 2278 54 2303 »
89 2256 460 2321 quemadmodum
488 2256 564 2316 qui
592 2254 762 2299 ablatus
784 2263 848 2299 est
883 2270 907 2298 a
941 2255 1053 2300 lacte
1075 2272 1206 2316 super
1234 2266 1417 2302 matrem

35 2349 56 2373 »
90 2345 228 2384 suam,
249 2328 307 2372 sic
329 2326 553 2371 retributio
571 2326 616 2369 in
633 2324 822 2369 animam
843 2340 1001 2368 meam.
1023 2343 1043 2366 »
1061 2326 1418 2373 Intendite.Nos-

35 2402 86 2446 tis
106 2402 208 2462 quia
230 2398 491 2460 quibusdam
519 2396 699 2440 infirmis
717 2395 821 2440 dicit
842 2395 1076 2456 Apostolus
1101 2415 1110 2442 :
1140 2416 1160 2440 «
1187 2401 1272 2443 Lac
1293 2400 1418 2445 vobis

38 2490 58 2515 »
92 2481 244 2532 potum
267 2468 396 2524 dedi,
421 2483 509 2512 non
533 2481 675 2510 escam
700 2484 710 2511 ι
734 2465 934 2511 nondum
957 2467 1073 2510 enim
1095 2469 1318 2527 poteratis,
1343 2470 1420 2515 sed

29 2470 33 2508 Ι

29 2509 33 2533 1

30 2537 34 2606 l
84 2573 94 2592 ¹
112 2566 191 2601 Psal.
212 2576 308 2607 cxxx,
334 2575 364 2606 1,
380 2572 412 2596 2.
432 2580 473 2586 —
493 2569 505 2585 ²
528 2562 574 2594 Id·
591 2571 647 2603 vu,
663 2559 697 2603 4,
713 2562 744 2595 5.

32 2621 35 2703 ξ
247 2641 370 2672 cxix.
1208 2628 1258 2667 12

34 2712 35 2731 l

34 2735 35 2761 l
