1815 3253
310 236 364 276 54
758 250 791 275 s.
828 246 1058 276 AUGUSTINI
1089 250 1270 278 Emscom

307 314 396 374 jam
417 312 494 356 filii
519 312 597 357 Dei
611 312 742 357 simus
758 315 799 371 13
831 313 931 373 quia
951 314 1038 358 vita
1065 324 1211 360 nostra
1233 316 1485 363 abscondita
1506 325 1570 361 est
1591 330 1692 360 cum

309 383 482 429 Christo
493 383 539 427 in
553 389 637 428 Deo
655 385 693 428 2;
711 402 728 424 (ι.
743 382 915 443 Repleti
932 399 1080 429 sumus
1096 385 1388 446 despectione,
1403 387 1481 431 »id
1497 396 1575 441 est,
1587 398 1692 431 con>-

309 460 498 514 ternptu,
514 455 569 499 ab
591 454 657 499 his
679 453 1018 514 quifelicitatem
1040 467 1245 516 quaerunt
1266 458 1335 503 vel
1356 458 1522 502 habent
1544 458 1588 501 in
1610 459 1692 502 isto

307 526 483 570 saeculo.
1211 574 1215 575 ⁷

369 598 447 640 IX.
479 615 499 638 «
530 598 583 640 In
604 594 844 655 plurimum
866 595 1029 655 repleta
1057 605 1121 642 est
1146 600 1290 643 anima
1319 607 1493 653 nostra,
1534 612 1694 657 oppio-

311 684 333 708 »
367 665 511 729 brium
552 667 611 710 eis
648 667 724 726 qui
764 667 991 711 abundant
1020 703 1031 724 ,
1067 677 1111 713 et
1153 668 1373 728 despectio
1418 668 1630 729 superbis,
1670 686 1690 709 »

302 739 649 793 -Quaerebamus,
684 737 760 798 qui
796 746 924 793 sunt,
967 738 1042 798 qui
1075 739 1332 796 abundant,
1369 739 1567 798 exposuit
1614 737 1694 781 tibi

308 823 410 853 cum
433 808 564 864 dixit,
584 808 809 868 superbis.
841 808 972 861 Quod
999 818 1062 853 est
1086 819 1232 853 autem
1250 844 1261 864 ,
1283 809 1591 869 opprobrium,
1611 809 1695 852 hoc

295 887 393 933 est,
424 877 652 937 despectus
686 896 694 922 :
727 887 770 922 et
800 878 921 938 quod
954 887 1043 933 est,
1086 879 1162 939 qui
1191 879 1439 934 abundant,
1477 880 1560 923 hoc
1607 888 1692 933 est,

292 948 521 1008 superbis,
547 948 766 1008 Repetitio
796 949 1022 993 sententiae
1044 959 1134 1006 est,
1164 969 1184 992 «
1201 951 1498 1010 Opprobriurn
1535 951 1594 993 eis
1621 949 1697 1009 qui

309 1037 329 1061 »
366 1019 595 1063 abundant
609 1054 620 1074 ,
646 1028 689 1063 et
711 1019 930 1078 despectio
946 1020 1154 1079 superbis.
1177 1038 1197 1061 η
1218 1023 1362 1074 Quare
1380 1019 1607 1064 abundant
1624 1035 1697 1063 su-

305 1090 456 1150 perbi?
477 1090 588 1143 Quia
610 1090 681 1134 hic
701 1089 857 1134 volunt
885 1105 974 1134 esse
1001 1088 1160 1135 felices.
1188 1090 1326 1146 Quid,
1352 1090 1530 1150 quando
1552 1099 1595 1133 et
1616 1089 1697 1148 ipsi

306 1161 590 1216 miserisunt,
606 1160 824 1220 numquid
841 1159 1096 1204 abundant?
1120 1160 1205 1205 Sed
1227 1159 1340 1205 forte
1362 1159 1539 1220 quando
1554 1159 1697 1203 miseri

303 1239 407 1274 sunt
422 1266 432 1285 ,
453 1246 542 1274 non
561 1230 684 1275 nobis
703 1229 929 1274 insultant.
945 1230 1150 1275 Intendat
1172 1231 1370 1276 Charitas
1392 1233 1559 1275 Vestra.
1575 1233 1696 1274 Tunc

304 1301 517 1345 insultant
538 1300 650 1345 forte
673 1300 853 1361 quando
875 1300 1023 1346 felices
1044 1311 1172 1357 sunt,
1196 1301 1374 1361 quando
1395 1317 1439 1346 se
1463 1303 1630 1361 jactant
1651 1301 1698 1344 in
1766 1298 1768 1331 ἶ

303 1387 464 1437 pompa
492 1372 743 1418 divitiarum
764 1387 940 1417 suarum
955 1407 966 1428 ,
991 1372 1170 1433 quando
1190 1389 1234 1417 se
1246 1375 1415 1434 jactant
1438 1373 1483 1416 in
1500 1371 1694 1418 ventosi-

303 1451 393 1487 tate
414 1442 623 1487 salsorum
657 1444 905 1488 bonorum:
931 1451 1037 1487 tunc
1069 1442 1280 1487 insultant
1309 1443 1461 1497 nobis,
1497 1451 1541 1486 et
1574 1441 1699 1502 quasi
1764 1440 1767 1450 ¹

299 1513 480 1568 dicunt,
499 1516 614 1558 Ecce
634 1513 742 1557 mihi
759 1514 873 1557 bene
894 1522 979 1569 est,
999 1512 1123 1558 fruor
1143 1527 1222 1571 ego
1243 1513 1373 1557 rebus
1394 1512 1695 1573 praesentibus,

304 1583 512 1628 recedant
525 1600 547 1628 a
566 1599 637 1628 me
658 1584 734 1644 qui
749 1585 1017 1644 promittunt
1035 1583 1157 1644 quod
1178 1599 1268 1628 non
1289 1584 1552 1640 ostendunt,
1578 1583 1699 1642 quod

305 1654 432 1699 video
454 1663 582 1699 teneo
597 1689 609 1710 ,
634 1655 756 1715 quod
775 1654 897 1698 video
920 1652 1066 1711 fruor,
1090 1654 1203 1698 bene
1224 1654 1331 1698 mihi
1352 1654 1407 1698 sit
1426 1654 1473 1697 in
1490 1654 1572 1697 hac
1590 1654 1694 1698 vita.

305 1727 371 1769 Tu
392 1725 581 1777 securior
613 1734 727 1782 esto,
760 1724 862 1785 quia
885 1724 1114 1768 resurrexit
1149 1723 1346 1769 Christus
1363 1759 1374 1778 ‚
1412 1733 1456 1768 et
1483 1723 1634 1767 docuit
1655 1731 1699 1766 te
1760 1730 1763 1775 ξ

303 1794 412 1855 quid
432 1795 477 1838 in
504 1795 584 1839 alia
601 1794 690 1839 vita
713 1794 895 1839 daturus
917 1795 971 1838 sit
996 1813 1005 1839 :
1031 1803 1176 1838 certus
1194 1803 1286 1839 esto
1303 1794 1406 1854 quia
1420 1793 1510 1849 dat.
1534 1793 1618 1838 Sed
1635 1793 1700 1837 in·
1760 1783 1763 1799 ⁶

294 1865 437 1909 ·sultat
458 1864 532 1908 ille
549 1899 559 1919 ,
586 1865 688 1924 quia
709 1874 844 1909 tenet.
873 1868 1004 1908 Ferto
1034 1864 1337 1920 insultantem,
1364 1873 1407 1908 et
1436 1863 1595 1908 ridebis
1621 1878 1698 1922 ge-

301 1944 494 1979 mentem
520 1953 528 1978 :
556 1944 702 1994 postea
720 1935 834 1978 enim
854 1935 998 1979 veniet
1013 1944 1200 1989 tempus,
1232 1934 1409 1994 quando
1427 1934 1700 1978 dicturisunt

301 2005 365 2049 illi
395 2005 502 2064 ipsi,
527 2024 547 2046 «
568 2006 621 2048 Hi
645 2015 748 2048 sunt
778 2019 889 2064 quos
911 2004 1147 2064 aliquando
1174 2004 1407 2048 habuimus
1439 2004 1485 2046 in
1510 2005 1694 2047 risum.»
1758 2005 1761 2017 ἴ

302 2092 324 2116 »
346 2076 489 2119 Verba
502 2084 603 2119 sunt
616 2074 716 2118 libri
730 2074 974 2133 Sapientiae,
987 2074 1087 2134 quia
1101 2073 1296 2133 prodidit
1312 2073 1438 2118 nobis
1459 2076 1695 2132 Scriptura,
1756 2076 1759 2110 ἰ

299 2161 400 2206 quoe
419 2145 578 2189 dicturi
597 2154 699 2189 sunt
715 2144 778 2188 illi
803 2145 881 2204 ipsi
899 2145 973 2204 qui
992 2160 1070 2188 nos
1086 2144 1217 2188 modo
1234 2144 1436 2198 irrident,
1458 2153 1502 2187 et
1522 2145 1598 2203 qui
1620 2159 1699 2188 nos
1755 2149 1758 2165 ’

286 2214 561 2274 despiciunt,
580 2224 656 2258 eta
671 2214 831 2275 quibus
853 2214 1020 2273 impleti
1037 2230 1186 2258 sumus
1199 2214 1433 2273 opprobrio
1454 2223 1497 2258 et
1516 2214 1697 2273 despec-
1754 2248 1757 2260 ,

293 2286 413 2329 tione
435 2305 443 2330 :
466 2301 566 2345 quae
580 2286 710 2330 verba
732 2285 960 2328 habebunt
982 2294 1103 2339 tunc,
1125 2285 1336 2345 quandoa
1352 2285 1534 2330 veritate
1553 2284 1697 2343 despi-
1753 2326 1755 2336 .

292 2356 477 2399 cientur.
500 2354 728 2399 Videbunt
750 2356 863 2398 enirn
885 2354 939 2398 ad
961 2354 1180 2399 dexteram
1206 2353 1392 2413 fulgere,
1420 2371 1528 2415 quos
1547 2370 1695 2398 secum
1752 2370 1754 2383 t

293 2427 548 2469 commixtos
565 2434 932 2482 contempserant,
959 2439 1059 2467 cum
1084 2424 1247 2468 factum
1268 2426 1451 2469 fueritin
1476 2425 1555 2468 illis
1571 2423 1692 2483 quod
1751 2421 1754 2441 ¹*

290 2494 396 2537 dixit
420 2494 651 2552 Apostolus
674 2514 682 2537 z
714 2514 733 2536 u
751 2496 862 2537 Cum
886 2495 1081 2537 Christus
1115 2496 1363 2553 apparuerit
1397 2496 1484 2539 vita
1519 2504 1683 2549 vestra,

344 2588 347 2599 ¹
375 2593 382 2610 i
407 2584 613 2621 jonii,iii,·2,
648 2597 675 2601 -
705 2588 715 2600 ⁷
740 2580 860 2611 Ujlms.
888 2592 933 2620 in,
963 2582 993 2611 3.
