1815 3253
402 217 644 248 ENAnnA‘no
676 221 722 247 IN
754 218 958 248 PsALMUM
989 222 1107 248 cxxx.
1347 213 1429 252 175

48 285 281 331 mittuntur
314 285 369 329 ab
406 285 568 344 angelis
594 287 791 343 Satanae3
815 285 891 330 scd
913 287 996 332 hoc
1021 303 1105 332 non
1140 297 1322 346 possunt
1349 288 1452 334 nisi’

46 354 255 417 permissi.
277 357 387 399 Nam
410 364 452 399 et
475 355 559 399 Job
581 365 756 399 sanctus
780 357 839 401 sie
863 357 1069 416 probatus
1092 367 1156 401 est
1175 361 1205 400 ¹.
1243 361 1431 405 Permis-

45 440 116 477 sus
133 434 195 469 est
217 423 270 469 ad
289 440 389 468 eum
413 424 690 484 probandum
710 429 904 478 Satanas,
926 437 969 471 et
991 428 1200 486 percussit
1216 444 1315 472 eum
1335 430 1432 474 vul-

48 510 149 543 nere
163 529 180 550 ,
212 503 260 538 ut
282 495 501 538 vermibus
523 505 802 555 putresceret.
835 497 1091 542 Immundus
1113 498 1229 542 enim
1251 501 1434 558 permit-

48 565 223 610 tebatur
239 600 250 620 ‚
276 565 348 608 sed
373 575 546 609 sanetus
571 566 850 625 probabatur.
878 568 1022 611 Nescit
1049 567 1248 612 diabolus
1269 579 1433 629 quanta

49 636 163 682 bona
185 635 239 679 de
261 635 336 679 illo
368 636 474 679 fiant
490 671 500 691 ‚
527 638 656 680 etiam
680 652 780 681 cum
807 637 941 681 saevit.
973 638 1161 682 Saevieus
1186 639 1366 684 intravit
1389 641 1434 685 in

49 721 124 751 cor
144 705 288 760 Judae,
304 707 483 750 saeviens
505 706 683 751 tradidit
706 707 927 752 Christum
941 710 974 761 ²,
991 709 1170 752 saeviens
1191 710 1431 754 crucifixit:

49 785 93 820 et
111 777 316 820 crucifixo
338 776 534 831 Christo,
560 776 810 836 redemptus
839 786 903 821 est
925 778 1039 821 orbis
1062 788 1290 823 terrarum.
1322 783 1436 824 Ecce

48 848 211 892 saevitia
232 847 397 892 diaboli
420 847 596 893 diabolo
618 847 790 902 obfuit,
814 848 940 892 nobis
969 858 1114 893 autem
1136 850 1316 909 profuit.
1344 853 1436 895 Sae-

48 917 207 961 viendo
239 917 355 960 enim
389 933 499 977 quos
530 919 708 962 tenebat
746 919 906 973 amisit,
944 921 1192 978 redemptos
1229 922 1438 979 sanguine

50 987 238 1042 Domini,
254 1003 386 1047 quem
407 1003 507 1031 cum
531 989 700 1032 saeviret
717 989 888 1033 effudit.
914 989 956 1034 Si
971 991 1099 1034 sciret
1120 1000 1291 1035 tantum
1314 992 1438 1036 dam-

51 1073 156 1109 num
179 1073 223 1102 se
243 1073 491 1116 passurum,
518 1073 606 1102 non
629 1058 834 1102 funderet
859 1060 904 1102 in
930 1069 1086 1104 terram
1108 1063 1295 1119 pretium
1316 1097 1327 1116 ,
1348 1079 1437 1122 quo

51 1127 324 1188 redemptum
341 1137 406 1172 est
422 1143 557 1185 genus
579 1129 836 1172 humanum.
862 1130 930 1173 Sic
944 1144 1045 1186 ergo
1064 1129 1136 1174 ille
1159 1131 1337 1189 angelus
1362 1135 1440 1176 Sa-

51 1207 164 1249 tanae
181 1197 303 1258 quasi
323 1197 513 1242 libenter
536 1198 762 1257 permissus
779 1207 843 1242 est
858 1198 1128 1258 colaphizare
1149 1202 1407 1260 Apostolum
1426 1224 1437 1260 3

51 1267 126 1318 sed
147 1277 293 1312 tamen
309 1269 542 1328 Apostolus
563 1270 816 1313 curabatur.
830 1272 885 1313 Et
902 1271 1003 1329 quia
1027 1269 1139 1315 illud
1162 1272 1279 1332 quod
1305 1274 1440 1317 medi-

53 1354 127 1383 cus
149 1349 423 1399 apposuerat,
443 1339 674 1383 molestum
694 1349 785 1384 erat
808 1341 981 1384 infirmo
1003 1362 1013 1398 ς
1033 1344 1199 1400 rogavit
1221 1345 1441 1389 medicum

52 1419 102 1455 ut
137 1410 338 1454 auferret.
379 1411 611 1464 Quomodo
644 1427 742 1455 cum
783 1412 978 1456 medicus
1001 1416 1183 1472 apponit
1204 1416 1440 1461 visceribus

53 1479 232 1540 aliquod
250 1480 361 1524 forte
383 1481 601 1539 epithema
625 1480 856 1525 molestum
878 1492 921 1526 et
943 1484 1097 1527 ardens
1114 1519 1124 1538 ‚
1153 1484 1272 1531 unde
1294 1495 1441 1531 tamen

53 1550 270 1596 curandus
293 1561 357 1595 est
379 1551 453 1595 ille
470 1553 592 1611 cujus
614 1553 774 1596 viscera
800 1553 1054 1612 tumebant3
1075 1571 1175 1599 cum
1198 1555 1271 1600 ille
1290 1557 1441 1601 ardere

53 1623 233 1681 coeperit
252 1631 294 1666 et
324 1623 507 1666 cruciari
530 1623 850 1667 medicamento
866 1659 876 1679 ‚
902 1636 1026 1683 rogat
1053 1626 1272 1671 medicum
1291 1637 1339 1671 ut
1360 1645 1440 1672 au-

55 1691 187 1737 ferat:
207 1692 402 1737 medicus
420 1703 564 1737 autem
585 1693 851 1748 consolatur,
877 1705 1026 1740 monet
1047 1712 1148 1740 eum
1168 1699 1437 1756 patientiam,

56 1764 156 1823 quia
178 1764 297 1808 novit
321 1780 455 1823 quam
479 1764 584 1808 utile
606 1765 659 1808 sit
678 1765 799 1824 quod
821 1766 1036 1824 apposuit.
1062 1769 1125 1811 Ita
1143 1778 1186 1812 et
1208 1769 1442 1828 Apostolus

57 1834 252 1894 sequitur
274 1844 317 1878 et
333 1834 463 1887 dicit,
489 1851 589 1879 cum
608 1836 783 1879 dixisset
805 1854 813 1879 ε
840 1854 859 1877 «
887 1839 1018 1880 Datus
1038 1847 1101 1881 est
1119 1839 1224 1882 mihi
1243 1841 1442 1884 stimulus

61 1923 81 1955 η
115 1906 252 1950 carnis
267 1922 391 1961 meae,
416 1906 593 1964 angelus
617 1909 808 1959 Satanae,
829 1907 904 1966 qui
924 1923 992 1951 me
1009 1908 1294 1967 colaphizet.»
1322 1915 1442 1954 Prae-

59 1975 163 2021 dixit
184 1986 329 2020 autem
351 1992 486 2036 quare
506 1995 514 2021 :
538 1979 635 2021 «Ne
652 1976 953 2035 magnitudine
972 1979 1283 2024 revelationum
1308 1981 1444 2025 extol-

62 2064 81 2088 »
114 2046 194 2102 lar,
218 2047 345 2091 datus
367 2055 431 2090 est
449 2047 553 2090 mihi
576 2046 777 2091 stimulus
800 2048 939 2091 earnis
962 2063 1092 2103 meae,
1114 2049 1292 2108 angelus
1317 2054 1440 2095 Sata-

0 2170 2 2181 ,
62 2135 82 2164 n
116 2133 212 2172 nae,
252 2118 328 2178 qui
365 2133 434 2161 me
464 2117 719 2177 colaphizet.
746 2121 928 2178 Propter
956 2120 1076 2179 quod
1110 2129 1175 2163 ter
1208 2123 1443 2166 Dominum

64 2205 84 2227 »
119 2188 289 2244 rogavi,
315 2189 395 2243 ait,
415 2198 465 2232 ut
486 2187 675 2232 auferret
698 2204 796 2232 eum
822 2205 844 2232 a
865 2190 978 2233 me3.
1009 2209 1027 2231 »
1054 2193 1146 2235 Hoc
1175 2201 1239 2235 est
1260 2191 1403 2237 dicere
1430 2212 1439 2238 ε

0 2272 5 2303 ἱ
60 2259 227 2317 Rogavi
248 2259 465 2303 medicum
483 2295 494 2315 ,
519 2269 568 2305 ut
598 2259 788 2304 auferret
809 2276 832 2304 a
856 2276 924 2304 me
942 2262 1172 2306 molestum
1196 2265 1412 2322 epithema
1431 2300 1442 2319 ‚

0 2383 1 2387 Ἰ
60 2330 181 2389 quod
202 2329 306 2372 mihi
331 2340 602 2388 apposuerat.
618 2330 702 2375 Sed
725 2330 827 2374 audi
849 2347 1000 2375 vocem
1024 2332 1181 2376 medici
1201 2353 1208 2378 :
1226 2337 1316 2378 «Et
1338 2334 1445 2379 dixit

64 2417 86 2442 »
120 2400 252 2456 mihi,
280 2401 448 2446 Sussicit
469 2401 547 2445 tibi
570 2402 705 2460 gratia
728 2418 822 2446 mea
847 2422 855 2446 :
888 2418 986 2446 nam
1013 2404 1151 2448 virtus
1179 2405 1224 2448 in
1253 2405 1440 2450 infirmi-

112 2503 120 2520 ¹
145 2497 217 2530 Job.
245 2509 280 2539 11,
297 2508 314 2540 7
334 2515 374 2520 -
391 2505 403 2520 ²
423 2500 514 2530 Joan.
536 2509 604 2539 xiii,
624 2506 679 2540 27.
699 2496 769 2521 ...3
789 2507 808 2530 2
828 2501 901 2532 Cor.
920 2511 975 2541 xu,
996 2511 1012 2541 7
1033 2505 1067 2532 et
1081 2511 1147 2542 seq.
