1815 3253
363 198 605 228 imitanum
638 203 682 228 nv
717 200 920 230 PsALMUM
951 202 1071 230 cxcv.
1325 190 1408 230 477

19 265 101 311 sub
119 274 158 309 te
178 264 281 309 fecit
298 266 401 326 quia
422 265 503 310 sub
527 280 571 309 se
584 266 676 325 ipso
700 275 740 311 te
763 265 882 311 fecit.
910 266 953 312 Si
970 266 1155 310 haerebis
1179 267 1407 325 superiori,

19 335 204 380 calcabis
231 335 435 380 inferiora
463 355 471 380 :
497 335 530 380 si
553 345 699 381 autem
724 337 898 381 recedas
920 353 942 381 a
965 336 1202 395 superiori,
1226 337 1307 381 ista
1332 337 1408 381 tibi

19 407 64 451 iu
85 407 349 468 supplicium
371 416 696 453 convertentur.
731 408 798 453 Sic
821 408 936 451 enim
961 407 1128 452 factum
1148 416 1232 462 est,
1257 407 1411 452 fratres

21 477 131 522 mei:
157 478 323 538 accepit
344 478 475 523 homo
492 493 650 538 corpus
672 488 883 539 tanquam
901 477 947 521 in
963 477 1225 521 famulatum
1239 512 1250 533 ‚
1271 481 1412 522 Deum

20 558 167 594 autem
201 549 437 594 Dominum
465 549 655 606 habens,
682 564 855 595 servum
887 564 1065 608 corpus,
1097 548 1262 592 habens
1283 564 1413 608 supra

20 634 64 664 se
94 618 377 665 Conditorem
392 653 403 674 ,
428 618 542 664 infra
563 635 608 664 se
632 618 753 681 quod
784 619 866 664 sub
899 618 975 664 illo
1004 618 1229 663 conditum
1252 628 1343 676 est,
1367 619 1413 663 in

6 687 167 735 medio
196 690 391 751 quodam
419 690 517 736 loco
546 690 766 736 rationalis
805 690 949 735 anima
981 691 1240 746 constituta,
1272 689 1414 750 legem

22 761 204 821 accepit,
231 762 394 805 haerere
415 761 648 822 superiori,
674 776 819 820 regere
841 761 1106 806 inferiorern.
1139 765 1304 820 Regere
1325 777 1415 806 non

22 841 165 891 potest
199 830 473 888 inferiorem,
507 832 590 877 nisi
622 841 799 892 regatur
828 848 853 877 a
887 831 1080 877 meliore.
1122 831 1327 877 Trahitur
1360 832 1416 877 ab

21 901 226 947 inferiore
245 937 257 958 ,
299 902 490 948 deseruit
526 918 630 962 ergo
668 901 909 948 meliorem.
949 906 1049 950 Non
1087 913 1231 964 potest
1269 919 1416 962 regere

7 973 144 1034 quod
171 973 369 1032 regebat,
403 974 504 1035 quia
537 975 627 1032 regi
656 974 801 1019 noluit
829 991 852 1020 a
881 990 970 1035 quo
999 976 1248 1035 regebatur.
1282 974 1418 1021 Modo

23 1059 124 1102 ergo
153 1044 328 1100 redeat,
352 1044 519 1090 laudet.
544 1043 790 1090 Consilium
822 1045 904 1090 sibi
931 1061 982 1090 ex
1007 1045 1107 1090 luce
1132 1047 1210 1091 Dei
1231 1045 1307 1090 dat
1327 1047 1420 1106 ipsa

24 1115 167 1159 anima
191 1130 269 1174 per
289 1115 548 1160 rationalem
580 1125 795 1170 mentem,
823 1116 941 1160 unde
974 1116 1166 1176 concipit
1187 1117 1420 1162 consilium

23 1187 161 1231 fixum
183 1186 229 1230 in
260 1186 503 1231 {eternitate
532 1186 720 1231 auctoris
741 1186 823 1230 sui.
857 1187 983 1246 Legit
1012 1187 1074 1231 ibi
1096 1186 1309 1248 quiddam
1332 1197 1422 1232 tre-⁴

25 1257 254 1313 mendum,
277 1257 568 1313 laudandum,
587 1257 842 1313 amandum,
867 1257 1206 1303 desiderandum
1227 1268 1270 1304 et
1287 1275 1422 1319 appe-

25 1327 211 1374 tendum
244 1346 254 1372 ε
287 1326 489 1372 nondum
517 1336 659 1383 tenet,
694 1326 894 1372 nondum
931 1329 1079 1388 capit3
1123 1330 1423 1374 coruscatione

12 1398 219 1460 quadam
243 1399 572 1458 perstringitur,
597 1415 688 1444 non
707 1408 772 1444 est
795 1409 880 1445 tam
911 1398 1055 1445 valida
1073 1409 1124 1445 ut
1145 1409 1320 1445 maneat
1342 1401 1419 1445 ibi.

29 1474 183 1530 ltaque
222 1469 388 1528 colligit
430 1484 474 1514 se
509 1469 564 1514 ad
609 1470 838 1514 sanitatem
873 1471 1110 1530 quamdam
1135 1506 1146 1527 ,
1187 1481 1230 1516 et
1263 1471 1369 1516 dicit
1411 1491 1421 1517 :

13 1555 53 1584 «
88 1541 255 1595 Lauda,
280 1541 424 1585 anima
446 1556 559 1596 mea,
585 1541 838 1585 Dominum.
867 1559 888 1582 »

89 1614 165 1656 VI.
202 1614 259 1656 Et
280 1609 389 1670 quid
405 1620 495 1666 est,
520 1609 704 1655 fratres?
727 1613 882 1656 Nonne
909 1609 1140 1656 laudamus
1161 1612 1437 1657 Dominum?

30 1685 186 1729 Nonne
211 1681 409 1742 quotidie
431 1682 649 1740 hymnum
671 1698 749 1727 nos
768 1685 1029 1727 cantamus?
1052 1686 1208 1729 Nonne
1229 1683 1427 1744 quotidie

15 1757 112 1814 pro
141 1751 323 1798 modulo
346 1762 495 1797 nostro
525 1762 649 1797 sonat
672 1769 718 1798 os
753 1762 975 1809 nostrum,
1003 1755 1191 1813 parturit
1217 1770 1292 1800 cor
1323 1772 1427 1800 nos-

33 1833 150 1870 trum
176 1824 328 1868 laudes
356 1823 463 1868 Dei?
485 1826 542 1868 Et
562 1823 671 1883 quid
698 1833 762 1868 est
788 1824 909 1884 quod
935 1824 1192 1870 laudamus?
1217 1829 1427 1885 Magnum

17 1898 98 1940 est
119 1893 241 1955 quod
271 1893 524 1950 laudamus,
548 1893 624 1938 sed
653 1910 741 1955 quo
774 1893 1004 1939 laudamus
1032 1895 1176 1940 adhuc
1203 1898 1429 1942 infirmum

35 1975 113 2010 est.
141 1964 329 2019 Quando
351 1964 505 2024 implet
537 1963 739 2009 laudator
770 1964 1072 2010 excellentiam
1099 1965 1294 2012 laudati?
1316 1972 1430 2014 Ecce

17 2037 168 2081 homo
189 2044 296 2092 stat,
321 2044 470 2080 cantat
491 2039 582 2080 Deo
604 2034 829 2095 aliquanto
850 2035 1083 2096 prolixius,
1112 2046 1156 2082 et
1180 2054 1294 2098 saepe
1316 2039 1431 2083 labia

13 2101 22 2143 Τ
37 2116 269 2152 moventur
301 2106 356 2151 ad
388 2115 592 2162 cantum,
630 2107 837 2166 cogitatio
871 2116 1018 2152 autem
1043 2123 1122 2168 per
1152 2111 1296 2155 nescio
1330 2127 1432 2170 quae

17 2248 96 2294 ad
122 2248 300 2293 laudem
323 2248 427 2303 Dei,
461 2258 505 2292 et
526 2249 668 2293 anima
690 2257 835 2293 nostra
857 2264 935 2308 per
956 2249 1144 2295 diversas
1173 2251 1433 2311 cupiditates

39 2318 111 2364 vel
140 2334 265 2363 curas
293 2318 571 2376 negotiorum
592 2319 675 2363 hac
698 2328 829 2379 atque
851 2319 951 2364 illac
974 2320 1190 2364 fluitabat.
1216 2322 1347 2375 Quasi
1363 2322 1434 2366 de-

42 2405 171 2450 super
193 2388 383 2434 attendit
400 2388 491 2448 ipsa
512 2403 634 2432 mens
656 2388 712 2432 ad
733 2388 979 2434 fluitantem
1002 2390 1082 2434 hac
1104 2399 1235 2451 atque
1256 2391 1370 2447 illac,
1392 2401 1436 2437 et

43 2463 136 2522 ejus
164 2460 517 2522 inquietudinem
543 2459 842 2505 molestiarum
873 2462 996 2521 quasi
1023 2477 1229 2507 conversa
1249 2463 1436 2524 alloqui-

15 2542 19 2590 ᾗ
47 2542 117 2577 tur
145 2551 154 2577 :
174 2552 192 2575 «
210 2531 376 2588 Lauda,
402 2531 546 2579 anima
563 2545 680 2587 mea,
703 2531 952 2577 Dominum.
973 2551 992 2575 »
1011 2532 1127 2585 Quid
1154 2543 1217 2580 est
1238 2535 1359 2595 quod
1381 2535 1436 2580 dc
