1815 3253
407 254 650 284 minu-110
682 257 728 284 nv
760 254 965 285 PsALMUM
995 258 1125 285 cxxv.
1389 247 1440 286 91

7 217 9 301 1

7 314 10 383 l
57 320 214 381 captivi
235 329 353 366 sunt.
381 323 524 366 Homo
545 321 648 365 civis
670 329 734 365 est
756 323 780 365 J
785 320 1019 378 erusalem3
1043 320 1118 365 sed
1140 320 1342 367 venditus
1364 322 1446 366 sub

7 385 10 459 ᾖ
55 401 232 453 peccato
246 427 258 447 ,
277 390 418 436 factus
431 401 495 436 est
509 392 775 452 peregrinus.
799 395 860 436 De
879 392 1117 452 propagine
1136 392 1269 452 ipsius
1291 402 1445 437 natum

55 471 118 508 est
133 470 267 521 genus
288 463 532 506 humanum
545 497 556 518 ,
578 472 621 506 et
634 462 832 522 implevit
854 471 988 506 terras
1009 462 1235 521 captivitas
1255 463 1372 508 Sion.
1389 466 1448 507 Et

52 534 133 578 ista
169 533 393 592 captivitas
425 533 527 578 Sion
567 532 791 593 quomodo
824 532 980 577 umbra
1015 532 1131 577 illius
1168 532 1444 578 Jerusalem?

56 604 217 649 Umbra
238 602 352 648 illius
377 604 478 648 Sion
510 617 640 663 quam
665 611 929 663 acceperunt
950 605 974 647 J
979 602 1093 647 udaei
1112 638 1124 659 ‚
1155 602 1201 647 in
1224 603 1412 662 imagine
1430 637 1442 658 ‚

53 674 97 718 in
111 673 249 732 figura
268 672 366 728 fuit,
392 673 439 717 in
460 673 710 733 captivitate
736 674 780 717 in
800 672 1042 730 Babylonia
1059 707 1071 728 ,
1091 682 1134 717 et
1156 683 1256 733 post
1267 683 1447 733 septua-

53 744 170 802 ginta
188 756 323 788 annos
341 743 468 787 rediit
486 742 558 787 ille
575 742 764 803 populus
776 742 830 787 ad
842 743 1063 788 civitatem
1077 746 1241 788 suam1?
1264 747 1449 804 Septua-

52 814 172 873 ginta
195 814 298 858 anni
320 814 565 872 significant
581 827 711 859 omne
729 823 901 874 tempus
921 849 932 869 ‚
962 813 1083 874 quod
1101 824 1268 875 septem
1290 813 1447 860 diebus

53 883 243 929 volvitur
266 903 275 928 :
301 899 400 928 cum
425 894 571 928 autem
594 884 810 929 transierit
831 899 962 928 omne
978 893 1172 944 tempus,
1193 894 1301 929 tunc
1329 884 1448 929 redi-

51 968 147 998 mus
172 963 215 999 et
245 966 324 998 nos
347 951 402 998 ad
432 954 616 1013 patriam
648 964 869 1012 nostram3
903 955 1130 1014 quomodo
1157 954 1232 999 ille
1255 955 1445 1016 populus

50 1033 149 1084 post
169 1024 441 1084 septuaginta
458 1039 594 1067 annos
618 1023 745 1068 rediit
764 1040 787 1068 a
808 1024 1061 1083 captivitate
1079 1024 1347 1082 Babyloniae.
1364 1028 1449 1070 Ba-

49 1094 228 1153 bylonia
247 1105 311 1139 est
333 1095 449 1139 enim
462 1094 652 1138 mundus
665 1095 767 1139 iste:
785 1094 1027 1152 Babylonia
1044 1095 1163 1139 enim
1184 1096 1447 1156 interpreta-

51 1174 140 1221 tur,
155 1164 367 1210 confusio.
386 1164 543 1210 Videte
561 1166 594 1209 si
609 1181 700 1210 non
717 1175 781 1210 est
795 1164 995 1210 confusio
1017 1175 1108 1211 tota
1126 1167 1216 1211 vita
1236 1167 1444 1213 humana.

53 1236 280 1297 Quidquid
294 1246 428 1296 agunt
442 1237 641 1281 homines
654 1237 699 1280 in
722 1252 798 1296 spe
819 1253 929 1282 vana
941 1272 952 1292 ‚
969 1237 1149 1298 quando
1163 1239 1450 1297 cognoverint

51 1307 158 1366 quid
195 1316 351 1365 agunt,
377 1307 658 1352 erubescunt.
691 1309 835 1360 Quare
865 1307 1095 1352 laborant?
1118 1308 1190 1352 cui
1219 1308 1449 1354 laborant?

51 1376 169 1422 Fih'is
191 1377 320 1434 meis,
345 1377 505 1437 inquit.
530 1381 587 1422 Et
606 1378 688 1437 ipsi
707 1378 805 1422 cui?
824 1377 943 1422 Filiis
961 1378 1062 1422 suis.
1086 1380 1144 1422 Et
1164 1379 1245 1439 ipsi
1261 1380 1449 1439 quibus?

12 1482 14 1511 Ι
50 1447 169 1492 Filiis
190 1449 291 1493 suis.
322 1452 460 1495 Nemo
488 1465 591 1508 ergo
625 1449 720 1493 sibi.
754 1449 823 1494 Ab
857 1450 936 1493 ista
957 1465 1060 1509 ergo
1082 1449 1339 1495 confusione
1356 1452 1448 1511 jam

11 1513 15 1570 ᾇ
48 1519 244 1564 conversi
262 1529 406 1575 erant,
428 1520 589 1580 quibus
608 1519 714 1564 dicit
731 1519 965 1579 Apostolus
981 1555 993 1575 ‚
1023 1539 1040 1560 «
1064 1523 1209 1574 Quam
1223 1521 1339 1565 enim
1355 1521 1451 1580 glo-

12 1591 15 1656 4
53 1607 71 1630 »
97 1589 204 1633 riam
238 1590 465 1634 habebatis
499 1591 545 1634 in
567 1591 656 1646 his,
682 1591 728 1634 in
758 1591 919 1651 quibus
952 1607 1071 1636 nunc
1095 1592 1398 1636 erubescitis2?
1425 1612 1443 1634 »

48 1659 257 1705 Confusio
279 1675 380 1718 ergo
403 1669 466 1704 est
498 1660 577 1705 ista
600 1670 693 1706 tota
713 1661 800 1705 vita
831 1674 977 1705 rerum
1010 1662 1302 1706 humanarum
1317 1698 1328 1718 ,
1356 1679 1447 1707 non

47 1731 266 1791 pertinens
289 1731 344 1776 ad
365 1735 520 1777 Deum.
543 1735 596 1777 In
617 1733 699 1777 hac
716 1732 996 1788 confusione,
1021 1733 1067 1777 in
1085 1735 1166 1778 ista
1183 1733 1443 1793 Babylonia,

13 1797 16 1856 l
48 1803 216 1862 captiva
239 1812 412 1847 tenetur
433 1803 552 1848 Sion.
581 1804 667 1849 Sed
692 1822 713 1846 (ι
735 1805 964 1849 Convertit
987 1805 1199 1850 Dominus
1217 1805 1446 1865 captivita-

13 1861 16 1927 ξ
50 1890 72 1915 »
96 1882 183 1917 tem
202 1873 322 1930 Sion.
351 1891 372 1914 »
597 1913 606 1924 ,

105 1945 180 1986 IV.
211 1962 229 1983 «
255 1946 313 1988 Et
334 1942 437 1988 facti
463 1958 634 1999 sumus,
660 1944 830 2004 inquit,
853 1944 965 1989 sicut
984 1944 1221 1990 consolati:
1243 1965 1262 1988 »
1286 1945 1331 1990 id
1357 1955 1443 1998 est,

48 2013 178 2072 gavisi
195 2028 366 2069 sumus,
388 2023 597 2074 tanquam
615 2014 959 2058 consolationem
978 2015 1255 2075 accipientes„
1275 2018 1445 2062 Conso-

47 2083 150 2129 latio
172 2100 259 2129 non
282 2094 346 2129 est
362 2085 442 2129 nisi
457 2085 730 2141 miserorum,
743 2085 980 2130 consolatio
994 2101 1083 2130 non
1097 2095 1160 2131 est
1176 2086 1259 2130 nisi
1273 2102 1445 2145 gemen-

48 2154 157 2198 tium
169 2188 180 2208 ,
201 2153 459 2212 lugentium.
473 2160 614 2208 Quare
627 2176 643 2197 «
658 2156 786 2209 Quasi
801 2156 1035 2211 consolati,
1050 2175 1070 2198 »
1089 2156 1170 2201 nisi
1183 2157 1287 2217 quia
1300 2156 1444 2202 adhuc

49 2223 278 2282 gemimus?
291 2225 511 2270 Gemimus
525 2226 571 2269 in
585 2241 647 2281 re,
659 2226 937 2270 consolamur
950 2227 996 2269 in
1007 2242 1103 2286 spe:
1117 2242 1216 2271 cum
1227 2228 1446 2273 transierit

47 2308 135 2347 res,
167 2292 222 2338 de
243 2294 406 2352 gemitu
434 2295 642 2353 gaudium
665 2296 810 2340 veniet
832 2305 1044 2340 aeternum
1060 2331 1070 2351 ‚
1115 2297 1193 2341 ubi
1223 2313 1313 2342 non
1336 2313 1444 2357 opus

48 2363 126 2408 erit
143 2364 454 2420 consolatione,
467 2367 568 2426 quia
583 2366 703 2411 nulla
720 2367 887 2410 miseria
904 2367 1358 2420 sauciabimur.Quare
1372 2385 1444 2413 au-

47 2441 132 2478 tem
150 2434 311 2478 «Velut
333 2435 557 2488 consolati,
579 2437 654 2492 ait,
672 2458 688 2479 »
702 2446 746 2481 et
766 2452 857 2481 non
877 2438 936 2481 ait
953 2437 1195 2482 consolati?
1209 2441 1307 2483 Non
1328 2454 1443 2483 sem-

47 2518 122 2563 per
144 2505 264 2564 quasi
284 2503 339 2549 ad
358 2505 686 2550 similitudinem
708 2508 888 2567 ponitur
906 2509 989 2553 hoc
1006 2509 1211 2564 verbum,
1233 2528 1252 2551 «
1271 2509 1436 2564 Sicut,»

93 2593 104 2610 ¹
118 2589 236 2620 Jerem.
251 2599 330 2631 xxv,
346 2600 401 2631 11,
420 2593 455 2621 et
478 2600 568 2631 xxix,
589 2601 643 2632 10,
662 2594 696 2622 et
712 2601 725 2623 1
751 2591 853 2624 Exod.
872 2603 896 2633 1,
918 2603 949 2626 1.
970 2607 1013 2615 --
1029 2599 1043 2615 ²
1069 2594 1163 2625 Rom.
1178 2603 1223 2634 vi,
1241 2600 1297 2624 21.

17 2554 20 2634 Ξ
