1815 3253
398 235 641 267 mnan-no
672 239 719 266 ΙΝ
749 237 952 268 PsALMUM
983 241 1095 268 exn.
1378 227 1457 266 391

75 305 225 360 dictae,
261 304 343 348 nisi
365 305 466 365 quia
504 313 698 364 angustae
732 307 858 350 sunt?
880 305 961 350 Via
988 305 1074 350 lata
1101 304 1361 365 impiorum,
1392 303 1460 349 via

75 383 255 433 angusta
265 376 498 435 justorum.

121 447 222 488 vll.
236 448 344 498 Quae
355 446 439 501 via,
455 446 559 505 ipsae
572 454 615 488 et
627 446 706 489 viae
725 465 734 490 :
751 443 1124 505 quemadmodum
1136 459 1235 505 quae
1248 442 1457 498 Ecclesia,

74 515 177 574 ipsae
189 515 415 574 Ecclesiae3
439 525 482 560 et
501 515 620 576 quod
637 514 908 574 coelum,ipsi
922 514 1036 559 coeli.
1051 514 1281 559 Pluraliter
1301 512 1460 557 dicun·

0 645 2 650 .
61 584 146 630 ‘tur
161 621 171 637 ,
198 596 241 630 et
267 587 547 646 singulariter
569 586 790 631 dicuntur.
810 589 992 646 Propter
1006 586 1215 630 unitatem
1233 583 1460 639 Ecclesiae,

73 671 160 700 una
175 656 363 701 Ecclesia
380 677 387 702 :
405 660 525 702 «Una
550 666 613 702 est
628 656 831 701 columba
849 672 960 711 mea,
976 671 1064 701 una
1080 665 1143 700 est
1158 655 1286 699 matri
1300 670 1389 698 suae
1400 656 1430 697 1.
1441 672 1461 695 »

76 730 258 787 Propter
291 729 650 788 congregationes
682 726 890 772 fraternas
922 742 1000 787 per
1027 726 1149 781 loca,
1181 725 1333 770 multae
1362 732 1465 768 sunt

73 797 277 842 Ecclesiae
309 819 317 843 :
347 819 367 840 «
407 798 638 853 Ecclesiae,
671 799 836 858 inquit,
867 797 1034 842 Judaeae
1068 813 1168 858 quae
1200 798 1245 841 in
1267 795 1463 849 Christo,

77 886 97 909 n
134 867 409 925 gaudebant,
445 869 563 929 quod
597 868 670 913 ille
712 869 788 929 qui
828 884 906 912 nos
939 868 1281 928 persequebatur
1299 902 1309 922 ,
1347 880 1468 910 nunc

77 956 97 980 »
133 938 400 997 evangelizat
431 939 559 983 fidem
574 976 583 994 ‚
610 955 742 1000 quam
778 939 1013 999 aliquando
1034 938 1256 993 vastabat,
1278 937 1380 981 etin
1399 951 1468 980 me

78 1027 98 1050 »
134 1008 436 1067 glorificabant
458 1013 638 1054 Deum2.
668 1029 687 1051 »
710 1010 919 1054 Ecclesias
942 1010 1000 1053 sic
1023 1008 1154 1063 dixit,
1173 1018 1214 1052 et
1232 1023 1367 1052 unam
1385 1009 1471 1051 Ec-

75 1079 247 1123 clesiam
268 1079 326 1124 sic
344 1078 476 1134 dicit,
501 1099 520 1121 «
545 1081 646 1125 Sine
671 1079 914 1125 offensione
931 1088 1068 1124 estote
1089 1079 1252 1123 Judaeis
1274 1087 1318 1122 et
1347 1079 1470 1121 Grae-

77 1167 98 1191 »
132 1150 213 1205 cis,
235 1159 279 1194 et
300 1149 507 1195 Ecclesiae
523 1151 640 1195 Dei3.
662 1169 682 1191 »
711 1151 779 1195 Sic
792 1165 895 1209 ergo
918 1159 961 1194 et
975 1150 1059 1195 viae
1075 1185 1086 1205 ,
1112 1159 1155 1194 et
1169 1149 1261 1203 via,
1288 1157 1331 1192 et
1347 1148 1453 1191 semi

75 1229 151 1275 tae,
176 1230 219 1264 et
234 1221 401 1265 semita.
428 1224 572 1275 Quare
594 1221 756 1265 semitae
771 1256 782 1276 ‚
809 1230 853 1265 et
873 1236 1008 1282 quare
1033 1221 1214 1265 semita?
1236 1217 1470 1274 Quomodo

76 1308 211 1354 quare
225 1293 426 1337 Ecclesiae
445 1302 488 1337 et
502 1291 693 1337 Ecclesia
710 1292 922 1337 rationem
944 1291 1214 1336 reddidimus
1226 1327 1236 1345 ‚
1257 1291 1470 1335 debemus

78 1371 120 1407 et
141 1362 246 1406 hinc
268 1362 450 1407 reddere
472 1363 699 1407 rationem.
738 1363 912 1408 Semitae
943 1361 1072 1407 dictae
1093 1370 1196 1406 sunt
1224 1361 1300 1406 Dei
1315 1396 1327 1418 ⁷
1368 1360 1471 1421 quia

76 1433 215 1478 multa
240 1444 460 1493 praecepta
480 1444 583 1478 sunt
606 1454 614 1479 :
640 1443 684 1478 et
717 1435 817 1494 quia
841 1433 988 1478 eadem
1018 1433 1156 1477 multa
1178 1441 1396 1493 praecepta
1419 1430 1472 1476 ad

77 1519 215 1547 unum
233 1506 505 1562 rediguntur,
527 1506 626 1565 quia
650 1525 669 1546 «
689 1503 921 1549 Plenitudo
933 1503 1040 1563 legis
1058 1503 1288 1559 charitas4‚
1310 1521 1329 1544 n
1348 1517 1471 1562 prop-

77 1583 193 1618 terea
215 1575 297 1619 viae
326 1575 417 1619 istae
440 1576 483 1619 in
502 1576 658 1619 *multis
680 1575 907 1635 praeceptis
929 1575 985 1618 ad
1007 1590 1140 1618 unam
1176 1572 1444 1632 coiliguntur
1459 1607 1471 1628 ‚

78 1654 121 1689 et
137 1661 224 1689 una
261 1645 443 1701 dicitur,
469 1646 569 1706 quia
591 1647 659 1690 via
693 1656 839 1690 nostra
862 1647 1046 1690 charitas
1069 1655 1149 1690 est.
1176 1644 1412 1690 Videamus
1440 1644 1473 1688 si

78 1716 263 1760 charitas
277 1716 345 1760 via
368 1725 445 1760 est.
472 1716 712 1760 Audiamus
735 1716 993 1776 Apostolum
1021 1735 1029 1760 :
1051 1736 1070 1758 «
1088 1719 1146 1760 Et
1162 1715 1306 1760 adhuc
1324 1729 1469 1774 super-

82 1805 102 1827 »
137 1787 469 1831 eminentiorem
502 1787 618 1831 viam
641 1788 764 1831 vobis
786 1788 1038 1847 demonstro
1054 1789 1087 1831 ⁵.
1129 1804 1148 1827 »
1175 1789 1316 1839 Quam
1340 1784 1470 1840 dicis,

80 1874 101 1897 »
138 1873 164 1900 o
196 1857 431 1916 Apostole‚
455 1876 474 1898 «
503 1857 977 1916 Supereminentiorem
997 1858 1143 1902 viam?
1167 1874 1187 1898 »
1214 1859 1355 1909 Quam
1374 1854 1465 1899 dice

79 1926 181 1971 audi
208 1946 216 1971 :
247 1946 266 1968 α
299 1927 340 1972 Si
354 1926 514 1986 linguis
534 1927 762 1970 hominum
777 1927 934 1987 loquar
951 1937 993 1971 et
1011 1926 1280 1986 Angelorum
1299 1961 1309 1980 ‚
1327 1925 1469 1969 ehari-

16 2025 20 2030 ι
83 2016 102 2039 »
120 1998 290 2041 ritatem
307 2007 449 2041 autem
469 2013 556 2041 non
573 1998 775 2052 habeam,
789 1997 928 2042 factus
943 2013 1039 2042 sum
1053 1997 1175 2042 velut
1186 2005 1470 2040 aeramentum

83 2086 102 2110 »
138 2084 315 2123 sonans,
337 2078 411 2112 aut
433 2067 687 2126 cymbalum
708 2068 929 2112 tinniens:
956 2070 1033 2112 etsi
1060 2068 1256 2111 habuero
1279 2067 1472 2127 prophe-

82 2157 102 2180 »
140 2139 238 2182 tiam
255 2175 265 2192 ,
290 2148 333 2181 et
348 2139 482 2182 sciero
504 2139 649 2182 omnia
668 2148 952 2193 sacramenta,
970 2147 1013 2182 et
1031 2153 1208 2181 omnem
1229 2137 1468 2193 scientiam3

83 2228 102 2250 »
137 2210 216 2253 etsi
238 2209 434 2253 habuero
449 2225 625 2253 omnem
649 2208 803 2264 fidem,
829 2210 888 2253 ita
910 2220 960 2254 ut
977 2220 1148 2254 montes
1177 2210 1432 2254 transferam
1460 2229 1468 2254 :

83 2298 104 2322 »
139 2281 393 2324 charitatem
411 2290 557 2323 autem
581 2295 670 2324 non
691 2281 877 2325 habeam
894 2316 904 2329 ,
929 2281 1039 2325 nihil
1056 2297 1153 2326 sum
1180 2301 1188 2326 :
1219 2281 1298 2326 etsi
1320 2280 1466 2325 distri—
1512 2296 1524 2301 ·

83 2365 114 2392 ›·
138 2352 275 2396 buero
310 2352 454 2396 omnia
488 2358 583 2395 mea
616 2353 903 2411 pauperibus,
942 2354 1019 2397 etsi
1054 2352 1276 2397 tradidero
1311 2368 1466 2413 corpus

83 2438 104 2464 n
137 2438 284 2467 meum
303 2432 352 2467 ut
373 2425 564 2477 ardeam,
582 2423 834 2467 charitatem
854 2433 1000 2467 autem
1016 2439 1105 2468 non
1127 2423 1310 2467 habeam
1325 2459 1335 2479 ‚
1360 2423 1465 2467 nihil

95 2370 103 2393 υ

129 2527 137 2542 ¹
156 2523 246 2553 Cant.
264 2533 306 2561 vx,
326 2521 357 2553 8.
381 2539 421 2543 —
437 2529 449 2543 2
470 2520 536 2553 Gal.
558 2532 582 2559 i,
603 2519 712 2561 22—24.
738 2538 777 2543 ——
797 2519 809 2542 3
832 2533 842 2552 ι
865 2524 937 2554 Cor.
955 2533 987 2563 x,
1006 2522 1058 2553 3¹2.
1075 2539 1115 2544 --
1135 2520 1148 2546 ⁴
1168 2524 1260 2553 Rom.
1281 2533 1351 2561 xm,
1374 2532 1457 2553 10.—

85 2574 98 2597 5
122 2587 134 2607 1
154 2580 225 2609 Cor.
242 2588 296 2617 xn,
320 2577 370 2608 31.
