1815 3253
397 214 639 245 ENARRATIO
670 218 716 245 IN
749 215 952 246 PsALMUM
983 218 1114 244 CXLII.
1352 203 1435 242 407

0 296 4 323 ·.
52 282 184 344 nique
205 283 294 342 ipse
317 282 361 326 in
386 282 488 327 Sion
511 280 650 326 factus
672 291 735 326 est
756 282 906 337 homo,
923 281 994 326 sed
1019 280 1195 325 humilis
1217 280 1358 324 sactus
1376 290 1438 324 cst

0 386 2 393 ι
51 356 209 412 homo3
244 363 286 398 et
310 354 423 398 idem
447 354 535 414 ipse
557 353 801 398 Altissimus
823 352 1023 398 fundavit
1045 367 1138 396 eam
1159 351 1375 396 civitatem
1395 352 1439 395 in

0 448 2 454 ·
51 441 136 487 qua
162 425 302 470 faetus
325 434 388 469 est
411 425 556 469 homo.
584 427 737 486 Itaque
762 433 805 469 et
826 422 899 468 illa
918 423 1074 467 mulier
1099 421 1188 467 sole
1217 422 1438 482 cooperie-

0 520 2 527 ν
51 497 207 542 batur¹
231 531 241 552 ,
271 495 368 541 Sole
390 496 482 556 ipso
493 496 691 556 justitiae,
717 509 850 555 quem
873 509 963 539 non
984 501 1254 552 cognoscunt
1279 493 1397 551 impii
1426 511 1435 537 ε

51 567 125 629 qui
148 567 307 611 dicturi
324 576 426 611 sunt
443 567 487 610 in
510 568 620 623 fine,
645 586 665 610 «
690 570 807 626 Ergo
830 565 1066 610 erravimus
1084 581 1108 609 a
1128 564 1197 609 via
1219 562 1438 618 veritatis,

0 658 5 669 ν
54 657 74 680 »
108 648 152 682 et
170 638 351 699 justitiae
386 637 535 682 lumen
558 654 647 683 non
668 638 780 682 luxit
809 637 958 692 nobis,
985 645 1026 680 et
1051 635 1114 680 sol
1133 651 1222 680 non
1240 643 1360 679 ortus
1377 643 1441 678 est

54 729 73 752 »
110 709 233 753 nobis
249 711 280 753 2.
316 728 335 750 »
357 711 434 753 Est
457 724 560 768 crgo
577 709 757 770 quidam
781 707 1070 768 Soljustitiae‚
1094 707 1171 768 qui
1192 721 1282 751 non
1303 705 1441 750 oritur

0 814 1 819 η
50 780 206 839 impiis.
244 782 463 825 Caeterum
498 780 629 824 istum
653 779 787 824 solem
809 778 916 823 facit
951 779 1053 823 oriri
1084 793 1215 838 super
1235 777 1374 821 bonos
1398 785 1441 821 et

0 865 2 892 ;
50 851 186 896 malos
203 852 234 894 ³.
261 853 378 909 Ergo
408 859 450 894 et
479 851 635 895 amicta
669 860 760 895 erat
786 849 900 906 sole,
926 860 969 894 et
991 849 1186 910 gestabat
1208 847 1444 893 visceribus

53 920 292 966 masculum
316 921 525 980 paritura.
550 920 672 965 Idem
689 922 780 981 ipse
802 930 895 965 erat
915 921 1107 965 condens
1134 921 1252 975 Sion,
1278 928 1320 964 et
1342 934 1444 963 nas-
1485 968 1489 972 ,

0 989 1 995 ’
51 1006 151 1037 cens
182 991 228 1035 iu
255 991 358 1035 Sion
385 1011 392 1034 :
421 993 477 1034 Et
506 990 579 1035 illa
603 991 760 1035 mulier
778 991 927 1036 civitas
950 991 1053 1046 Dei,
1074 991 1164 1051 ejus
1181 989 1280 1034 luce
1297 999 1446 1049 prote-

0 1085 3 1092 ·
53 1062 236 1122 gebatur
256 1097 267 1117 ‚
294 1062 417 1121 cujus
443 1077 572 1105 carne
595 1061 918 1120 gravidabatur.
951 1061 1108 1105 Merito
1126 1069 1170 1104 et
1189 1059 1340 1103 lunam
1363 1059 1445 1103 sub

0 1146 4 1174 :
52 1132 236 1194 pedihus
254 1132 468 1186 habebat,
500 1132 602 1192 quia
625 1131 936 1176 mortalitatem
958 1131 1189 1176 crescentis
1211 1140 1255 1174 et
1275 1129 1447 1174 decres-

51 1204 186 1249 centis
208 1203 348 1247 carnis
379 1203 541 1247 virtute
578 1201 791 1246 calcabat.
829 1204 946 1261 Ergo
968 1201 1058 1261 ipse
1083 1200 1294 1245 Dominus
1324 1202 1448 1244 Jesus

51 1275 247 1320 Christus
265 1283 398 1334 caput
427 1283 470 1318 et
486 1289 643 1333 corpus
667 1292 675 1318 :
698 1272 837 1318 voluit
861 1273 977 1316 enim
1001 1272 1131 1316 etiam
1153 1271 1277 1331 loqui
1301 1271 1347 1315 in
1368 1287 1449 1315 no-

52 1346 117 1390 bis
135 1381 146 1401 ‚
179 1346 255 1405 qui
284 1344 486 1403 dignatus
512 1354 576 1389 est
609 1344 721 1388 mori
758 1359 837 1403 pro
858 1342 984 1387 nobis
1008 1362 1015 1387 :
1053 1342 1250 1386 membra
1272 1357 1347 1385 sua
1368 1357 1447 1386 nos

54 1415 170 1461 feeit.
199 1415 448 1476 Aliquando
472 1416 620 1476 itaque
653 1431 705 1459 ex
736 1430 920 1475 persona
943 1414 1244 1458 membrorum
1267 1428 1449 1457 suorum

0 1512 4 1520 ·
53 1487 264 1548 loquitur,
278 1486 514 1547 aliquando
530 1502 580 1530 ex
598 1502 781 1547 persona
799 1502 891 1541 sua,
904 1495 1115 1546 tanquam
1130 1484 1282 1544 capitis
1294 1484 1446 1528 nostri.

0 1575 3 1601 ;
56 1559 197 1604 Habet
220 1557 385 1618 aliquid
408 1557 482 1600 ille
496 1556 617 1618 quod
635 1556 750 1601 dicat
766 1557 857 1601 sine
880 1556 1021 1610 nobis,
1043 1571 1122 1599 nos
1145 1555 1236 1599 sine
1252 1554 1329 1598 illo
1342 1553 1451 1598 nihil

0 1656 4 1663 ·
54 1644 283 1690 possumus
305 1628 464 1672 dicere.
487 1626 723 1687 Apostolus
745 1626 877 1671 dicit:
901 1646 919 1668 «
938 1629 995 1671 Ut
1010 1624 1238 1685 suppleam
1261 1640 1361 1685 quae
1380 1623 1453 1668 de-

60 1718 78 1741 »
114 1709 216 1743 sunt
235 1714 529 1758 pressurarum
547 1698 734 1753 Christi,
756 1699 801 1742 in
823 1712 953 1741 carne
976 1696 1112 1740 mea4.
1130 1697 1187 1740 Ut
1203 1694 1449 1755 suppleam,

0 1797 2 1804 ·
59 1789 79 1812 »
114 1771 257 1831 inquit
282 1806 293 1825 ‚
334 1787 433 1830 quae
467 1769 626 1814 desunt
649 1784 949 1829 pressurarum
972 1804 983 1823 ,
1009 1783 1100 1812 non
1121 1782 1318 1811 mearum
1339 1802 1350 1822 ⁷
1376 1765 1451 1810 sed

0 1870 2 1876 .
59 1859 80 1881 n
115 1842 310 1885 Christe:
342 1842 385 1884 in
410 1856 539 1884 carne
561 1876 571 1896 ‚
604 1855 694 1884 non
713 1841 802 1899 jam
825 1838 1018 1894 Christi,
1047 1837 1122 1882 sed
1145 1853 1255 1881 mea.
1284 1855 1305 1878 ³>
1332 1836 1453 1880 Pati-

0 1930 2 1955 :
58 1921 150 1966 tur,
177 1911 336 1971 inquit,
359 1911 503 1955 adhuc
522 1910 720 1955 Christus
741 1925 1002 1970 pressuram,
1028 1924 1119 1953 non
1140 1908 1186 1952 in
1207 1923 1333 1951 carne
1355 1923 1449 1963 sua,

19 1997 21 2003 ’
57 1982 99 2027 in
119 1998 205 2043 qua
227 1981 419 2026 ascendit
444 1982 488 2025 in
511 1981 694 2037 coelum,
720 1981 796 2026 sed
817 1981 863 2026 in
886 1995 1016 2025 carne
1037 1995 1159 2035 mea,
1186 1995 1285 2040 quae
1308 1978 1453 2022 adhuc

0 2071 2 2097 :
58 2053 227 2098 laborat
259 2054 305 2097 in
343 2063 469 2097 terra.
509 2053 707 2098 Christus
725 2088 736 2109 ,
757 2052 902 2113 inquit
918 2087 929 2108 ,
954 2066 1198 2112 pressuram
1220 2049 1387 2111 patitur
1409 2050 1454 2093 in

0 2155 2 2169 ι
59 2140 186 2173 carne
207 2140 303 2167 mea
326 2143 333 2168 :
360 2143 380 2166 «
405 2126 442 2167 V
449 2125 515 2167 ivo
539 2124 653 2167 enim
676 2138 766 2167 non
782 2124 873 2183 jam
904 2138 986 2181 ego
1002 2157 1013 2178 ‚
1040 2122 1145 2166 vivit
1165 2137 1268 2165 vero
1303 2121 1347 2164 in
1386 2135 1457 2163 me

0 2236 21 2254 ,ἵ
63 2213 82 2235 n
118 2195 356 2239 Christus5.
373 2194 497 2239 »Nisi
521 2194 636 2237 enim
660 2194 858 2238 Christus
881 2202 924 2237 et
945 2194 992 2236 in
1014 2192 1222 2236 membris
1243 2192 1345 2243 suis,
1370 2191 1455 2236 hoc

61 2275 151 2319 est,
188 2264 390 2309 fidelihus
415 2265 500 2308 suis
523 2280 765 2324 pressuram
800 2264 891 2324 ipse
927 2273 1151 2324 pateretur
1172 2298 1182 2318 ‚
1222 2261 1378 2307 Saulus
1411 2262 1456 2305 in

0 2363 2 2368 ·
62 2346 173 2384 terra
191 2337 413 2381 Christum
432 2336 477 2378 in
501 2335 614 2379 coelo
637 2336 863 2380 sedentem
885 2351 974 2380 non
997 2343 1345 2395 persequeretur.
1372 2337 1457 2377 De-

64 2407 196 2466 nique
220 2416 368 2466 aperte
402 2407 483 2450 hoc
507 2421 726 2465 exponens
756 2405 947 2466 quodam
984 2406 1112 2450 loco:
1137 2424 1158 2448 «
1186 2405 1306 2449 Sicut
1339 2403 1455 2447 enim

110 2507 236 2546 'Apoo
258 2515 300 2536 xli
316 2530 323 2543 ‚
350 2517 376 2536 ι.
398 2522 439 2526 -
460 2511 471 2525 '²
491 2506 564 2546 Sap.
588 2505 673 2544 v‚(i.
696 2520 736 2526 —-
761 2502 774 2527 3
800 2504 909 2536 Mauh.
940 2516 974 2541 v,
993 2503 1046 2545 45.
1072 2520 1109 2526 --
1131 2501 1144 2527 ⁶
1165 2502 1281 2533 Coloss.
1299 2512 1324 2540 i,
1339 2499 1394 2541 ¹24.
1417 2517 1457 2522 —-

18 2585 21 2597 ,
67 2556 160 2590 5Gal.
184 2571 217 2599 ιι,
235 2569 288 2591 ⁴20.
