1815 3253
345 199 586 232 ENARRA‘no
617 205 662 232 nv
695 201 898 232 PSALMUM
928 205 1098 233 cxxx1v.
1330 194 1413 233 227

0 288 3 295 ’
36 269 103 326 via
124 267 288 328 lapides
311 267 562 312 offensionis
579 268 822 314 inveniunt.
845 272 975 327 Ergo,
996 288 1018 312 «
1040 269 1125 322 Qui
1141 270 1259 314 statis
1281 271 1326 314 in
1343 269 1420 316 do-

0 342 3 395 '3
37 358 58 386 11
93 354 165 384 mo
201 338 404 394 Domini,
441 337 618 382 laudate
650 354 812 383 nomen
843 339 1032 384 Domini.
1061 358 1081 381 »
1103 340 1223 384 Grati
1244 350 1380 385 estote
1405 361 1414 388 :

37 409 140 460 foris
162 410 310 464 eratis,
335 419 378 453 et
398 410 516 454 intus
533 409 666 453 statis.
685 410 791 464 Quia
808 424 910 467 ergo
933 409 1052 454 statis
1068 444 1078 464 ‚
1104 425 1338 469 parum-ne
1356 421 1420 456 cst

0 504 5 524 >
36 481 156 533 vobis
176 515 188 535 ‚
213 480 290 524 ubi
315 479 562 525 laudandus
584 491 645 524 est
669 481 744 541 qui
766 496 842 525 vos
859 481 993 524 erexit
1007 481 1229 540 jacentes,
1255 491 1298 526 et
1319 481 1422 527 fecit

0 548 7 603 jz
37 551 81 600 in
101 552 231 596 domo
249 566 324 595 sua
347 559 474 605 stare,
496 559 538 595 ct
559 551 701 610 ipsum
719 551 1192 610 agnoscereipsumque
1213 551 1423 597 laudare?

0 647 2 667 ¹·
39 611 298 674 Parvum-ne
327 622 411 666 hoc
438 621 703 666 beneficium
736 631 826 678 est,
866 620 987 681 quod
1014 631 1177 666 stamus
1204 624 1249 666 in
1289 623 1420 668 domo

0 722 2 728 ›
39 692 241 744 Domini?
272 692 351 736 Hic
374 692 575 746 interim,
602 692 646 735 10
670 693 749 736 hac
770 692 1117 751 peregrinatione
1135 727 1147 747 ,
1182 693 1324 738 iuliae
1342 693 1425 738 do-

38 778 136 818 1110,
162 761 291 822 'quod
322 763 452 806 etiam
484 761 841 821 peregrinationis
872 761 1204 806 tabernaculum
1240 763 1425 819 dicitur,
1451 785 1453 787 ·

0 828 9 882 1
40 833 143 894 quia
170 833 240 877 hic
273 842 458 887 stamus,
490 833 708 893 numquid
739 848 895 893 parum
919 834 1028 890 grati
1061 849 1151 878 esse
1185 833 1430 879 debemus?

0 923 3 964 1
40 906 194 953 Nonne
215 902 499 961 cogitandum
521 912 585 946 est
605 904 708 963 quia
735 904 804 948 hic
831 906 1024 948 stamus?
1047 906 1201 948 Nonne
1232 906 1431 964 cogitan-

0 977 4 1048 'j
42 972 148 1018 dum
172 981 236 1017 est
257 972 364 1032 quid
388 971 491 1016 facti
514 971 750 1016 fuerimus.
743 974 759 1007 ἱ)
781 976 937 1018 Nonne
958 989 1037 1032 coO
1025 974 1243 1018 itandum
1267 985 1330 1018 est
1358 975 1433 1019 ubi

0 1061 5 1108 7
37 1043 313 1120 jacebamus,
335 1051 378 1086 et
400 1058 488 1119 quo
506 1041 677 1086 collecti
701 1058 879 1087 sumus
866 1044 883 1073 ‘²
905 1046 1059 1088 Nonne
1074 1043 1354 1101 cogitandum
1371 1054 1435 1089 cst

0 1131 5 1193 f
46 1114 147 1177 quia
168 1129 318 1158 omnes
335 1113 457 1172 impii
482 1113 717 1157 Dominum
745 1128 835 1157 non
855 1113 1141 1173 quaerebant,
1167 1123 1210 1158 et
1226 1115 1317 1174 ipse
1338 1115 1435 1160 illos

46 1200 134 1235 non
155 1192 401 1246 quaerentes
424 1183 640 1243 quaesivit,
661 1183 750 1242 ipse
768 1184 968 1229 inventos
985 1184 1201 1240 excitavit,
1219 1185 1310 1244 ipse
1328 1187 1438 1230 exci-

46 1263 155 1300 tatos
183 1255 378 1310 vocavit,
411 1255 501 1314 ipse
537 1263 713 1298 vocatos
746 1254 1017 1310 introduxit,
1059 1265 1102 1299 et
1132 1256 1177 1299 in
1205 1255 1336 1301 domo
1358 1272 1435 1302 sua

47 1335 157 1372 stare
191 1324 322 1370 fecit?
353 1327 457 1369 Haec
491 1325 688 1385 quisquis
716 1326 901 1383 cogitat,
942 1334 985 1368 et
1009 1325 1204 1382 ingratus
1228 1341 1318 1370 non
1340 1337 1434 1384 est,

48 1385 229 1441 omnino
262 1395 444 1455 despicit
480 1411 523 1439 se
552 1411 642 1454 prae
675 1410 822 1440 amore
857 1395 1030 1439 Domini
1063 1396 1156 1451 sui,
1189 1412 1213 1440 a
1246 1413 1335 1457 quo
1357 1398 1438 1442 sibi

47 1477 168 1513 tanta
191 1468 383 1528 praestita
404 1475 520 1511 sunt.
546 1470 603 1510 Et
624 1466 831 1526 quoniam
856 1482 945 1510 non
971 1466 1101 1511 habet
1122 1466 1230 1527 quid
1248 1483 1328 1527 pro
1348 1478 1439 1513 tan-

49 1539 102 1594 tis
133 1538 353 1582 beneficiis
393 1540 482 1581 Deo
520 1536 763 1591 retribuat,
802 1536 909 1596 quid
941 1535 980 1580 ei
1015 1546 1147 1581 restat
1182 1538 1263 1582 nisi
1286 1540 1440 1596 gratias

51 1623 204 1668 agere,
243 1623 331 1651 non
365 1606 636 1665 rependere?
676 1605 745 1649 Ad
778 1606 915 1664 ipsam
957 1608 1192 1664 gratiarum
1225 1610 1440 1653 actionem

51 1678 238 1740 pertinet
252 1712 263 1732 ‚
288 1685 332 1720 et
353 1675 532 1720 calicem
556 1675 732 1719 Domini
764 1676 956 1735 accipere
974 1710 985 1731 ,
1012 1685 1054 1721 et
1076 1693 1237 1722 nomen
1258 1679 1349 1739 ejus
1370 1680 1439 1724 in-

9 1784 11 1786 ·
53 1763 220 1795 vocare.
236 1750 344 1793 Nam
367 1745 474 1806 quid
498 1746 709 1789 retribuat
732 1747 918 1791 Domino
942 1762 1110 1804 servus,
1131 1764 1211 1808 pro
1233 1750 1438 1795 omnibus

55 1835 153 1880 quae
183 1816 384 1862 retribuit
405 1815 468 1860 illi
485 1818 495 1840 ¹
512 1817 529 1857 ?
549 1818 665 1874 Ergo
681 1850 692 1870 ‚
718 1834 736 1857 «
762 1817 848 1868 Qui
870 1817 989 1861 statis
1010 1817 1056 1860 in
1078 1818 1210 1863 domo
1232 1820 1406 1865 Domini
1426 1857 1437 1877 ‚

0 1889 5 1946 i
59 1906 80 1935 »
113 1889 157 1933 in
179 1888 295 1932 atriis
313 1885 469 1931 domus
498 1887 573 1930 Dei
590 1886 748 1942 nostri,
772 1886 948 1931 laudate
972 1889 1254 1934 Dominum2.
1281 1909 1300 1932 »

0 1979 4 2003 ι
88 1948 90 1952 ⁵
113 1949 194 2003 111.
220 1955 337 2011 Quid
358 1955 553 2001 dicturus
575 1971 672 1999 sum
694 1971 830 2016 quare
850 1956 1067 2002 laudetis?
1093 1960 1342 2012 «Quoniam
1363 1961 1443 2007 bo-

0 2015 30 2074 t*
61 2046 82 2085 >p
115 2043 196 2073 nus
217 2027 444 2072 Dominus.
475 2026 711 2071 »Breviter
743 2041 833 2070 uno
854 2027 989 2071 verbo
1026 2028 1238 2087 explicata
1265 2040 1327 2075 est
1346 2031 1441 2076 laus

0 2087 8 2140 1
59 2099 228 2145 Domini
250 2098 329 2142 Dei
350 2097 485 2141 nostri
507 2117 516 2142 2
546 2116 565 2139 «
590 2100 736 2142 Bonus
759 2097 986 2142 Dominus.
1010 2116 1030 2140 »
1054 2099 1139 2143 Sed
1160 2100 1325 2156 bonus,
1350 2118 1441 2148 11011
1486 2137 1490 2139 -

60 2178 109 2220 ut
142 2178 245 2214 sunt
281 2169 393 2211 bona
424 2183 522 2227 quae
558 2166 675 2212 fecit.
715 2170 825 2212 Nam
861 2166 963 2211 fecit
992 2172 1104 2213 Deus
1141 2171 1286 2214 onmia
1327 2172 1442 2218 bona

0 2238 11 2283 t
61 2238 213 2299 valdess
237 2257 245 2283 z
271 2253 359 2282 non
383 2247 552 2281 tantum
577 2237 719 2292 bona,
745 2236 819 2280 sed
851 2246 894 2281 ct
923 2237 1066 2281 valde.
1093 2239 1266 2283 Coelum
1290 2251 1332 2285 ct
1354 2251 1443 2287 ter-

0 2321 10 2348 1·-
63 2325 151 2366 ram
185 2319 228 2354 et
249 2309 393 2352 omnia
415 2325 513 2367 quae
536 2309 579 2351 in
611 2309 668 2351 eis
691 2318 792 2352 sunt
815 2308 930 2352 bona
951 2309 1055 2352 fecit
1074 2343 1086 2364 ‚
1112 2319 1154 2353 et
1178 2310 1304 2355 valde
1331 2314 1444 2359 bona

0 2391 11 2421 L
70 2367 71 2370 ,

0 2482 6 2499 i

6 2395 13 2434 f
64 2377 176 2432 fecit.
195 2379 237 2424 Si
257 2379 350 2422 haec
368 2377 511 2422 omnia
528 2377 644 2421 bona
662 2377 786 2432 iecit,
804 2378 943 2437 qualis
967 2388 1029 2422 est
1052 2379 1124 2422 ilie
1146 2382 1221 2439 qui
1241 2381 1371 2427 fecit?
1387 2388 1444 2429 Et

0 2464 17 2511 *s
64 2458 208 2502 tamen
219 2464 320 2494 cum
334 2449 447 2493 bona
457 2447 622 2504 fecerit,
632 2446 859 2507 multoque
871 2449 1087 2494 sitmelior
1094 2451 1170 2510 qui
1181 2451 1298 2507 fecit,
1311 2470 1444 2514 quam

113 2539 122 2557 ¹
143 2533 222 2566 Psal.
244 2543 318 2574 cxv,
334 2541 386 2573 12,
409 2531 460 2564 13.
481 2547 522 2553 -—
538 2530 618 2562 ²1d.
639 2540 770 2571 cxxxiv,
790 2531 820 2563 3.
841 2530 909 2555 -3
927 2533 1008 2565 Gen.
1027 2543 1053 2574 ι,
1071 2533 1124 2565 31,

1219 2587 1280 2627 15.
