1815 3253
361 257 604 288 ENAnnAcrlo
636 260 682 287 m
716 258 918 288 PsALMUM
950 261 1144 288 cxxxvii.
1366 251 1450 290 293

66 342 88 366 »
123 324 264 369 anima
284 339 395 369 mea.
421 323 732 384 Multiplicabis
753 340 823 368 me
851 325 895 368 in
928 324 1070 369 anima
1099 340 1210 370 mea.
1239 345 1259 367 n
1294 328 1450 371 Est-ne

63 393 206 439 adhuc
223 393 344 455 quod
369 394 578 449 addatur,
604 409 660 438 ne
681 392 793 438 forte
814 403 856 438 et
885 393 1192 454 multiplicatio
1225 395 1272 439 in
1307 397 1451 441 anima

63 479 156 508 mea
173 479 262 509 non
285 465 494 509 continuo
516 463 769 508 felicitatem
793 464 1035 523 significet?
1052 465 1225 508 Etenim
1239 465 1352 509 curis
1370 467 1452 511 ho-

63 533 199 578 mines
230 534 276 578 in
298 534 440 578 anima
467 533 828 594 multiplicantur.
859 534 1173 594 Multiplicatus
1205 535 1381 580 videtur
1406 536 1452 580 in

63 604 204 649 anima
219 639 230 660 ‚
257 605 301 649 in
325 620 414 664 quo
431 605 560 648 etiam
580 603 868 664 multiplicata
885 613 988 648 sunt
1007 604 1129 649 vitia.
1157 604 1237 649 Ille
1258 614 1451 650 tantum-

61 674 192 719 modo
215 690 367 718 avarus
387 684 449 719 est
466 710 476 730 ,
494 674 568 718 ille
589 673 893 719 tantummodo
908 675 1122 734 superbus
1139 711 1150 731 ‚
1167 675 1242 719 ille
1258 685 1451 720 tantum-

60 745 192 789 modo
208 744 474 802 luxuriosus;
498 745 576 789 iste
591 755 634 789 et
656 761 808 790 avarus
823 754 866 789 et
883 746 1096 805 superbus
1118 755 1161 791 et
1178 746 1447 792 luxuriosus:

60 814 374 875 multiplicatus
395 815 513 860 estin
528 816 671 859 anima
683 831 757 860 sua
772 851 782 869 ,
803 816 878 860 sed
896 815 1010 861 malo
1029 832 1121 861 suo.
1140 817 1450 877 Multiplicatio

60 886 138 930 ista
161 885 358 943 egestatis
375 895 437 930 est
453 920 463 940 ,
487 901 577 930 non
599 886 821 930 ubertatis.
847 887 1078 946 Ergoquid
1102 897 1150 931 tu
1172 888 1249 948 qui
1272 889 1417 932 dixisti
1436 924 1447 944 ‚

64 975 84 998 «
118 956 216 1000 Cito
234 955 391 999 exaudi
413 971 483 999 me
500 991 510 1011 ‚
533 975 552 997 »
574 965 617 1000 et
640 965 682 1000 te
702 956 915 1009 abstulisti
940 958 994 1001 ab
1019 958 1140 1001 omni
1162 974 1368 1018 corpore,
1395 959 1451 1003 ab

61 1026 178 1071 omni
199 1035 368 1070 terrena
398 1041 443 1069 re
458 1061 468 1081 ,
495 1027 550 1069 ab
573 1026 692 1069 omni
714 1026 928 1070 desiderio
960 1027 1155 1071 saeculari
1175 1063 1186 1083 ,
1212 1037 1262 1072 ut
1284 1028 1450 1073 diceres

60 1101 171 1148 Deo,
196 1116 215 1139 «
240 1097 552 1158 Multiplicabis
575 1097 707 1140 mein
730 1098 873 1142 anima
894 1100 1016 1141 mea?
1039 1116 1058 1138 »
1082 1097 1240 1142 Adhuc
1261 1098 1449 1158 explana

60 1166 165 1228 quid
187 1167 417 1212 desideres.
447 1188 467 1210 «
481 1166 792 1226 Multiplicabis
806 1183 876 1211 me
889 1203 900 1222 ,
921 1160 1087 1228 inquit,
1107 1169 1153 1211 in
1171 1168 1314 1213 anima
1332 1184 1446 1225 mea,

63 1255 84 1279 »
116 1238 291 1282 virtute.
321 1257 340 1279 »
364 1241 624 1297 Expressum
645 1246 796 1282 votum
817 1273 827 1293 ,
843 1253 1090 1297 expressum
1107 1238 1369 1282 desiderium
1395 1240 1452 1283 ab

59 1310 175 1354 omni
200 1307 456 1354 confusione
479 1308 798 1353 circumcisum.
835 1309 1068 1364 Sidiceret,
1098 1328 1118 1351 «
1139 1308 1453 1369 Multiplicabis

62 1399 82 1421 »
117 1396 210 1438 me3
229 1400 248 1422 »
272 1382 597 1425 terrenanescio
615 1396 713 1440 quae
731 1381 939 1438 cogitares
960 1379 1154 1425 :addidit
1165 1381 1179 1436 ,'
1201 1399 1221 1423 «
1235 1383 1287 1424 In
1307 1381 1451 1425 anima

61 1469 82 1492 »
117 1468 227 1496 mea.
257 1471 276 1493 »
303 1456 468 1496 Rursus
491 1488 500 1506 ‚
527 1467 582 1495 ne
600 1451 645 1494 in
667 1451 811 1497 anima
837 1451 941 1494 vitia
972 1452 1208 1508 cogitares3
1247 1450 1448 1507 addidit,

62 1541 82 1564 «
118 1524 303 1567 Virtute.
334 1543 353 1564 »
379 1523 495 1568 Nihil
520 1532 583 1566 est
604 1521 725 1581 quod
761 1521 948 1581 amplius
971 1537 994 1565 a
1027 1524 1117 1566 Deo
1140 1520 1357 1566 desideres
1375 1557 1387 1578 ,
1418 1522 1453 1567 si

57 1593 120 1638 vis
142 1593 256 1638 bona
276 1602 318 1637 et
338 1609 438 1637 vera
462 1593 605 1638 fronte
626 1595 769 1639 dicere
785 1628 795 1647 ‚
826 1613 843 1634 «
871 1593 969 1636 Cito
991 1591 1147 1636 exaudi
1170 1607 1254 1636 me.
1278 1610 1299 1633 >›

116 1665 192 1707 IX.
219 1683 238 1705 «
264 1664 568 1708 Confiteantur
583 1665 686 1717 tibi,
713 1663 918 1716 Domine,
946 1677 1096 1706 omnes
1114 1677 1235 1720 reges
1258 1671 1402 1706 terrae.
1427 1679 1449 1704 »

8 1730 10 1774 j
60 1735 122 1777 Ita
146 1734 241 1788 fiet,
267 1743 311 1778 et
332 1735 389 1778 ita
411 1734 461 1778 fit
482 1770 492 1789 ,
514 1743 557 1778 et
581 1734 779 1795 quotidie
800 1733 851 1777 fit
869 1753 880 1790 3
896 1742 938 1777 et
961 1732 1207 1776 ostenditur
1228 1748 1318 1777 non
1340 1733 1451 1777 frus-

8 1819 12 1846 r
60 1813 122 1849 tra
144 1805 310 1849 dictum
326 1841 336 1860 ,
362 1805 442 1849 nisi
466 1806 567 1866 quia
591 1814 683 1850 erat
713 1805 929 1849 futurum.
959 1822 979 1845 «
1005 1805 1311 1849 Confiteantur
1338 1804 1418 1848 tibi
1436 1840 1448 1858 ‚

10 1897 13 1909 ι
61 1893 82 1917 »
116 1876 322 1931 Domine,
357 1892 506 1920 omnes
528 1892 650 1935 reges
680 1877 849 1921 terrae1.
890 1893 910 1915 »
940 1873 1023 1918 Sed
1056 1883 1099 1917 et
1123 1874 1203 1933 ipsi
1238 1890 1340 1919 cum
1370 1875 1451 1919 tibi

10 1965 20 2040 ·'
58 1947 324 1992 confitentur
340 1982 350 2002 ‚
376 1962 476 1990 cum
499 1946 680 1991 laudant
703 1955 747 1990 te
762 1981 773 2001 ,
793 1960 882 1989 non
899 1953 1071 1989 terrena
1083 1944 1332 1989 desiderent
1347 1961 1371 1989 a
1389 1955 1448 1990 te.

10 2059 12 2064 ,
59 2015 171 2070 Quid
193 2016 308 2060 enim
326 2031 445 2074 reges
462 2026 587 2060 terrae
609 2015 896 2061 desideraturi
925 2017 1059 2059 sunt?
1075 2017 1232 2060 Nonne
1254 2016 1346 2076 jam
1368 2016 1449 2060 ha-

59 2087 164 2131 bent
198 2087 340 2147 ipsum
372 2087 632 2147 imperium?
667 2085 893 2146 Quidquid
924 2086 1110 2146 amplius
1139 2085 1451 2131 desideraverit

0 2179 2 2186 ν
59 2157 190 2202 homo
212 2157 257 2200 in
277 2166 409 2212 terra,
443 2173 580 2217 usque
617 2155 673 2201 ad
703 2157 934 2216 imperium
957 2155 1035 2200 est‘
1055 2155 1317 2200 desiderium
1339 2157 1446 2216 ejus.

59 2229 171 2281 Quid
189 2227 374 2288 amplius
393 2230 559 2288 potest?
581 2227 722 2273 Altior
743 2226 984 2272 sublimitas
1004 2228 1239 2272 necessaria
1257 2236 1336 2272 est.
1365 2227 1451 2272 Sed

14 2289 19 2630 1
60 2297 235 2344 sortasse
256 2309 423 2359 quanto
452 2299 599 2354 altior,
626 2309 748 2343 tanto
781 2298 1079 2359 periculosior.
1107 2297 1303 2359 Ideoque
1331 2313 1451 2357 reges

14 2882 17 2898 1

60 2379 224 2429 quanto
254 2379 355 2413 sunt
377 2369 422 2413 in
444 2370 605 2429 majore
634 2368 902 2414 sublimitate
924 2379 1094 2414 terrena
1113 2405 1124 2423 ‚
1160 2379 1284 2414 tanto
1315 2369 1451 2427 magis

60 2439 277 2484 humiliari
294 2443 382 2484 Deo
407 2439 585 2483 debent.
608 2442 664 2484 Ut
682 2439 789 2499 quid
800 2439 998 2484 faciunt?
1021 2460 1043 2482 ιι
1060 2440 1274 2493 Quoniam
1295 2438 1450 2483 audie-

64 2527 85 2551 »
117 2518 220 2554 runt
241 2512 386 2554 omnia
409 2510 540 2554 verba
563 2510 646 2555 oris
667 2510 746 2554 tui.
771 2528 790 2550 »
811 2511 848 2554 Ο
869 2512 1053 2554 Domine
1071 2529 1128 2572 ‚-«
1144 2509 1301 2554 Omnia
1314 2509 1449 2554 verba

110 2602 117 2618 ¹
135 2595 216 2626 Psal.
232 2605 375 2637 cxxxvii,
396 2594 427 2637 4.
