<?xml version="1.0" encoding="UTF-8"?>
<!DOCTYPE html PUBLIC "-//W3C//DTD XHTML 1.0 Transitional//EN"
    "http://www.w3.org/TR/xhtml1/DTD/xhtml1-transitional.dtd">
<html xmlns="http://www.w3.org/1999/xhtml" xml:lang="en" lang="en">
 <head>
  <title>
</title>
<meta http-equiv="Content-Type" content="text/html;charset=utf-8" />
  <meta name='ocr-system' content='tesseract 3.04.00' />
  <meta name='ocr-capabilities' content='ocr_page ocr_carea ocr_par ocr_line ocrx_word'/>
</head>
<body>
  <div class='ocr_page' id='page_1' title='image "./operaomniaaccura12auguuoft_0194.png"; bbox 0 0 1815 3253; ppageno 0'>
   <div class='ocr_carea' id='block_1_1' title="bbox 334 203 1236 244">
    <p class='ocr_par' dir='ltr' id='par_1_1' title="bbox 334 203 1236 244">
     <span class='ocr_line' id='line_1_1' title="bbox 334 203 1236 244; baseline -0.004 0"><span class='ocrx_word' id='word_1_1' title='bbox 334 203 416 244; x_wconf 81' lang='lat'>184</span> <span class='ocrx_word' id='word_1_2' title='bbox 713 216 746 241; x_wconf 84' lang='lat' dir='ltr'>s.</span> <span class='ocrx_word' id='word_1_3' title='bbox 794 211 1024 242; x_wconf 71' lang='lat' dir='ltr'>Auens-nm</span> <span class='ocrx_word' id='word_1_4' title='bbox 1056 214 1236 242; x_wconf 72' lang='lat' dir='ltr'>zmscom</span> 
     </span>
    </p>
   </div>
   <div class='ocr_carea' id='block_1_2' title="bbox 322 277 1719 975">
    <p class='ocr_par' dir='ltr' id='par_1_2' title="bbox 329 277 1712 621">
     <span class='ocr_line' id='line_1_2' title="bbox 333 277 1708 340; baseline 0.001 -17"><span class='ocrx_word' id='word_1_5' title='bbox 333 300 353 324; x_wconf 89' lang='lat'>»</span> <span class='ocrx_word' id='word_1_6' title='bbox 389 295 488 340; x_wconf 86' lang='lat' dir='ltr'>quae</span> <span class='ocrx_word' id='word_1_7' title='bbox 517 279 596 323; x_wconf 87' lang='lat' dir='ltr'>tibi</span> <span class='ocrx_word' id='word_1_8' title='bbox 621 277 829 338; x_wconf 83' lang='lat' dir='ltr'>praecepit</span> <span class='ocrx_word' id='word_1_9' title='bbox 861 278 1089 333; x_wconf 84' lang='lat' dir='ltr'>Dominus,</span> <span class='ocrx_word' id='word_1_10' title='bbox 1121 277 1194 322; x_wconf 91' lang='lat' dir='ltr'>illa</span> <span class='ocrx_word' id='word_1_11' title='bbox 1227 277 1370 337; x_wconf 85' lang='lat' dir='ltr'>cogita</span> <span class='ocrx_word' id='word_1_12' title='bbox 1400 290 1582 337; x_wconf 87' lang='lat' dir='ltr'>semper.</span> <span class='ocrx_word' id='word_1_13' title='bbox 1619 295 1640 319; x_wconf 88' lang='lat'>»</span> <span class='ocrx_word' id='word_1_14' title='bbox 1671 282 1708 324; x_wconf 87' lang='grc' dir='ltr'><strong>Α</strong></span> 
     </span>
     <span class='ocr_line' id='line_1_3' title="bbox 330 347 1708 409; baseline -0.001 -14"><span class='ocrx_word' id='word_1_15' title='bbox 330 351 441 395; x_wconf 89' lang='lat' dir='ltr'>lacte</span> <span class='ocrx_word' id='word_1_16' title='bbox 459 365 547 394; x_wconf 93' lang='lat' dir='ltr'>non</span> <span class='ocrx_word' id='word_1_17' title='bbox 564 349 827 409; x_wconf 81' lang='lat' dir='ltr'>separaberis</span> <span class='ocrx_word' id='word_1_18' title='bbox 845 347 992 407; x_wconf 86' lang='lat' dir='ltr'>quoad</span> <span class='ocrx_word' id='word_1_19' title='bbox 1009 363 1144 408; x_wconf 89' lang='lat' dir='ltr'>usque</span> <span class='ocrx_word' id='word_1_20' title='bbox 1161 363 1289 407; x_wconf 85' lang='lat' dir='ltr'>super</span> <span class='ocrx_word' id='word_1_21' title='bbox 1305 356 1487 392; x_wconf 84' lang='lat' dir='ltr'>matrem</span> <span class='ocrx_word' id='word_1_22' title='bbox 1504 357 1622 393; x_wconf 85' lang='lat' dir='ltr'>tuam</span> <span class='ocrx_word' id='word_1_23' title='bbox 1640 364 1708 408; x_wconf 81' lang='lat' dir='ltr'>es3</span> 
     </span>
     <span class='ocr_line' id='line_1_4' title="bbox 329 417 1710 481; baseline -0.002 -16"><span class='ocrx_word' id='word_1_24' title='bbox 329 437 385 465; x_wconf 91' lang='lat' dir='ltr'>ne</span> <span class='ocrx_word' id='word_1_25' title='bbox 407 421 525 481; x_wconf 90' lang='lat' dir='ltr'>prius</span> <span class='ocrx_word' id='word_1_26' title='bbox 548 419 663 464; x_wconf 88' lang='lat' dir='ltr'>fame</span> <span class='ocrx_word' id='word_1_27' title='bbox 689 418 904 474; x_wconf 91' lang='lat' dir='ltr'>moriaris,</span> <span class='ocrx_word' id='word_1_28' title='bbox 931 428 1163 478; x_wconf 81' lang='lat' dir='ltr'>antequam</span> <span class='ocrx_word' id='word_1_29' title='bbox 1185 433 1345 478; x_wconf 90' lang='lat' dir='ltr'>panem</span> <span class='ocrx_word' id='word_1_30' title='bbox 1371 417 1634 463; x_wconf 88' lang='lat' dir='ltr'>manducare</span> <span class='ocrx_word' id='word_1_31' title='bbox 1656 419 1710 463; x_wconf 91' lang='lat' dir='ltr'>sis</span> 
     </span>
     <span class='ocr_line' id='line_1_5' title="bbox 329 487 1712 548; baseline -0.001 -13"><span class='ocrx_word' id='word_1_32' title='bbox 329 491 528 536; x_wconf 89' lang='lat' dir='ltr'>idoneus.</span> <span class='ocrx_word' id='word_1_33' title='bbox 555 492 728 545; x_wconf 87' lang='lat' dir='ltr'>Cresce,</span> <span class='ocrx_word' id='word_1_34' title='bbox 762 498 891 533; x_wconf 87' lang='lat' dir='ltr'>erunt</span> <span class='ocrx_word' id='word_1_35' title='bbox 912 487 1068 533; x_wconf 85' lang='lat' dir='ltr'>validae</span> <span class='ocrx_word' id='word_1_36' title='bbox 1087 489 1198 536; x_wconf 85' lang='lat' dir='ltr'>vires</span> <span class='ocrx_word' id='word_1_37' title='bbox 1216 498 1302 532; x_wconf 84' lang='lat' dir='ltr'>tuae</span> <span class='ocrx_word' id='word_1_38' title='bbox 1319 509 1329 545; x_wconf 80' lang='lat'><em>3</em></span> <span class='ocrx_word' id='word_1_39' title='bbox 1347 497 1390 532; x_wconf 89' lang='lat' dir='ltr'>et</span> <span class='ocrx_word' id='word_1_40' title='bbox 1404 487 1571 534; x_wconf 86' lang='lat' dir='ltr'>videbis</span> <span class='ocrx_word' id='word_1_41' title='bbox 1592 487 1712 548; x_wconf 87' lang='lat' dir='ltr'>quod</span> 
     </span>
     <span class='ocr_line' id='line_1_6' title="bbox 330 559 1344 621; baseline -0.003 -15"><span class='ocrx_word' id='word_1_42' title='bbox 330 578 419 607; x_wconf 88' lang='lat' dir='ltr'>non</span> <span class='ocrx_word' id='word_1_43' title='bbox 439 570 607 621; x_wconf 87' lang='lat' dir='ltr'>poteras</span> <span class='ocrx_word' id='word_1_44' title='bbox 624 596 634 617; x_wconf 78' lang='grc'><strong>,</strong></span> <span class='ocrx_word' id='word_1_45' title='bbox 655 569 698 604; x_wconf 82' lang='lat' dir='ltr'>et</span> <span class='ocrx_word' id='word_1_46' title='bbox 719 560 859 620; x_wconf 88' lang='lat' dir='ltr'>capies</span> <span class='ocrx_word' id='word_1_47' title='bbox 881 559 1003 619; x_wconf 86' lang='lat' dir='ltr'>quod</span> <span class='ocrx_word' id='word_1_48' title='bbox 1022 574 1112 604; x_wconf 88' lang='lat' dir='ltr'>non</span> <span class='ocrx_word' id='word_1_49' title='bbox 1131 560 1344 619; x_wconf 83' lang='lat' dir='ltr'>capiebas.</span> 
     </span>
    </p>

    <p class='ocr_par' dir='ltr' id='par_1_3' title="bbox 322 630 1719 975">
     <span class='ocr_line' id='line_1_7' title="bbox 387 630 1710 691; baseline -0.002 -14"><span class='ocrx_word' id='word_1_50' title='bbox 387 635 509 677; x_wconf 86' lang='lat' dir='ltr'><strong>XIV.</strong></span> <span class='ocrx_word' id='word_1_51' title='bbox 536 632 652 686; x_wconf 87' lang='lat' dir='ltr'>Quid</span> <span class='ocrx_word' id='word_1_52' title='bbox 666 647 791 690; x_wconf 86' lang='lat' dir='ltr'>ergo,</span> <span class='ocrx_word' id='word_1_53' title='bbox 812 646 914 675; x_wconf 88' lang='lat' dir='ltr'>cum</span> <span class='ocrx_word' id='word_1_54' title='bbox 934 630 1083 675; x_wconf 89' lang='lat' dir='ltr'>videro</span> <span class='ocrx_word' id='word_1_55' title='bbox 1098 647 1196 691; x_wconf 82' lang='lat' dir='ltr'>quae</span> <span class='ocrx_word' id='word_1_56' title='bbox 1213 646 1302 675; x_wconf 89' lang='lat' dir='ltr'>non</span> <span class='ocrx_word' id='word_1_57' title='bbox 1318 639 1512 690; x_wconf 88' lang='lat' dir='ltr'>poteram</span> <span class='ocrx_word' id='word_1_58' title='bbox 1535 645 1710 689; x_wconf 89' lang='lat' dir='ltr'>capere,</span> 
     </span>
     <span class='ocr_line' id='line_1_8' title="bbox 322 699 1711 764; baseline -0.001 -18"><span class='ocrx_word' id='word_1_59' title='bbox 322 705 414 764; x_wconf 84' lang='lat' dir='ltr'>jam</span> <span class='ocrx_word' id='word_1_60' title='bbox 436 717 610 747; x_wconf 90' lang='lat' dir='ltr'>securus</span> <span class='ocrx_word' id='word_1_61' title='bbox 632 703 735 746; x_wconf 77' lang='lat' dir='ltr'>ero?</span> <span class='ocrx_word' id='word_1_62' title='bbox 761 699 978 761; x_wconf 88' lang='lat' dir='ltr'>perfectus</span> <span class='ocrx_word' id='word_1_63' title='bbox 1000 702 1104 745; x_wconf 77' lang='lat' dir='ltr'>ero?</span> <span class='ocrx_word' id='word_1_64' title='bbox 1133 704 1250 756; x_wconf 92' lang='lat' dir='ltr'>Non,</span> <span class='ocrx_word' id='word_1_65' title='bbox 1276 699 1472 761; x_wconf 87' lang='lat' dir='ltr'>quandiu</span> <span class='ocrx_word' id='word_1_66' title='bbox 1494 701 1564 744; x_wconf 90' lang='lat' dir='ltr'>hic</span> <span class='ocrx_word' id='word_1_67' title='bbox 1587 701 1711 745; x_wconf 88' lang='lat' dir='ltr'>vivis.</span> 
     </span>
     <span class='ocr_line' id='line_1_9' title="bbox 332 769 1716 833; baseline -0.003 -15"><span class='ocrx_word' id='word_1_68' title='bbox 332 777 429 833; x_wconf 89' lang='lat' dir='ltr'>Ipsa</span> <span class='ocrx_word' id='word_1_69' title='bbox 451 782 515 817; x_wconf 88' lang='lat' dir='ltr'>est</span> <span class='ocrx_word' id='word_1_70' title='bbox 535 772 744 832; x_wconf 83' lang='lat' dir='ltr'>perfectio</span> <span class='ocrx_word' id='word_1_71' title='bbox 765 781 933 827; x_wconf 89' lang='lat' dir='ltr'>nostra,</span> <span class='ocrx_word' id='word_1_72' title='bbox 952 770 1190 816; x_wconf 84' lang='lat' dir='ltr'>humilitas.</span> <span class='ocrx_word' id='word_1_73' title='bbox 1217 770 1406 815; x_wconf 83' lang='lat' dir='ltr'>Audistis</span> <span class='ocrx_word' id='word_1_74' title='bbox 1424 786 1513 830; x_wconf 86' lang='lat' dir='ltr'>quo</span> <span class='ocrx_word' id='word_1_75' title='bbox 1535 769 1716 815; x_wconf 90' lang='lat' dir='ltr'>conclu-</span> 
     </span>
     <span class='ocr_line' id='line_1_10' title="bbox 332 842 1713 902; baseline -0.001 -14"><span class='ocrx_word' id='word_1_76' title='bbox 332 846 386 890; x_wconf 88' lang='lat' dir='ltr'>sit</span> <span class='ocrx_word' id='word_1_77' title='bbox 419 843 551 888; x_wconf 88' lang='lat' dir='ltr'>modo</span> <span class='ocrx_word' id='word_1_78' title='bbox 583 842 819 902; x_wconf 86' lang='lat' dir='ltr'>apostolica</span> <span class='ocrx_word' id='word_1_79' title='bbox 840 843 995 898; x_wconf 87' lang='lat' dir='ltr'>lectio,</span> <span class='ocrx_word' id='word_1_80' title='bbox 1033 843 1067 887; x_wconf 91' lang='lat' dir='ltr'>si</span> <span class='ocrx_word' id='word_1_81' title='bbox 1098 842 1224 886; x_wconf 84' lang='lat' dir='ltr'>haesit</span> <span class='ocrx_word' id='word_1_82' title='bbox 1240 844 1286 886; x_wconf 91' lang='lat' dir='ltr'>in</span> <span class='ocrx_word' id='word_1_83' title='bbox 1308 842 1516 887; x_wconf 87' lang='lat' dir='ltr'>memoria</span> <span class='ocrx_word' id='word_1_84' title='bbox 1543 851 1683 887; x_wconf 85' lang='lat' dir='ltr'>vestra</span> <span class='ocrx_word' id='word_1_85' title='bbox 1705 861 1713 887; x_wconf 94' lang='lat'>:</span> 
     </span>
     <span class='ocr_line' id='line_1_11' title="bbox 333 911 1719 975; baseline -0.002 -16"><span class='ocrx_word' id='word_1_86' title='bbox 333 914 556 975; x_wconf 92' lang='lat' dir='ltr'>quomodo</span> <span class='ocrx_word' id='word_1_87' title='bbox 575 913 648 958; x_wconf 90' lang='lat' dir='ltr'>ille</span> <span class='ocrx_word' id='word_1_88' title='bbox 672 914 747 974; x_wconf 82' lang='lat' dir='ltr'>qui</span> <span class='ocrx_word' id='word_1_89' title='bbox 770 914 934 973; x_wconf 87' lang='lat' dir='ltr'>accepit</span> <span class='ocrx_word' id='word_1_90' title='bbox 955 912 1188 972; x_wconf 87' lang='lat' dir='ltr'>colaphum</span> <span class='ocrx_word' id='word_1_91' title='bbox 1212 927 1267 956; x_wconf 88' lang='lat' dir='ltr'>ne</span> <span class='ocrx_word' id='word_1_92' title='bbox 1288 911 1568 956; x_wconf 75' lang='lat' dir='ltr'>extolleretur</span> <span class='ocrx_word' id='word_1_93' title='bbox 1584 913 1630 956; x_wconf 84' lang='lat' dir='ltr'>in</span> <span class='ocrx_word' id='word_1_94' title='bbox 1651 927 1719 956; x_wconf 87' lang='lat' dir='ltr'>re-</span> 
     </span>
    </p>
   </div>
   <div class='ocr_carea' id='block_1_3' title="bbox 333 983 1770 1536">
    <p class='ocr_par' dir='ltr' id='par_1_4' title="bbox 333 983 1770 1536">
     <span class='ocr_line' id='line_1_12' title="bbox 333 983 1719 1044; baseline -0.002 -14"><span class='ocrx_word' id='word_1_95' title='bbox 333 985 651 1040; x_wconf 86' lang='lat' dir='ltr'>velationibus,</span> <span class='ocrx_word' id='word_1_96' title='bbox 684 987 882 1044; x_wconf 88' lang='lat' dir='ltr'>(quanta</span> <span class='ocrx_word' id='word_1_97' title='bbox 914 984 953 1027; x_wconf 89' lang='lat' dir='ltr'>ei</span> <span class='ocrx_word' id='word_1_98' title='bbox 980 983 1353 1041; x_wconf 77' lang='lat' dir='ltr'>revelabantu1·?)</span> <span class='ocrx_word' id='word_1_99' title='bbox 1381 992 1559 1043; x_wconf 90' lang='lat' dir='ltr'>propter</span> <span class='ocrx_word' id='word_1_100' title='bbox 1582 983 1719 1043; x_wconf 89' lang='lat' dir='ltr'>ipsam</span> 
     </span>
     <span class='ocr_line' id='line_1_13' title="bbox 333 1052 1762 1114; baseline -0.003 -13"><span class='ocrx_word' id='word_1_101' title='bbox 333 1054 684 1114; x_wconf 83' lang='lat' dir='ltr'>magnitudinem</span> <span class='ocrx_word' id='word_1_102' title='bbox 721 1054 1064 1110; x_wconf 83' lang='lat' dir='ltr'>revelationum,</span> <span class='ocrx_word' id='word_1_103' title='bbox 1097 1054 1200 1114; x_wconf 89' lang='lat' dir='ltr'>quia</span> <span class='ocrx_word' id='word_1_104' title='bbox 1223 1062 1394 1113; x_wconf 91' lang='lat' dir='ltr'>poterat</span> <span class='ocrx_word' id='word_1_105' title='bbox 1425 1052 1597 1109; x_wconf 85' lang='lat' dir='ltr'>extolli,</span> <span class='ocrx_word' id='word_1_106' title='bbox 1638 1054 1721 1097; x_wconf 88' lang='lat' dir='ltr'>nisi</span> <span class='ocrx_word' id='word_1_107' title='bbox 1760 1058 1762 1103; x_wconf 72' lang='grc' dir='ltr'><strong>ξ</strong></span> 
     </span>
     <span class='ocr_line' id='line_1_14' title="bbox 335 1122 1721 1185; baseline -0.003 -14"><span class='ocrx_word' id='word_1_108' title='bbox 335 1126 550 1185; x_wconf 86' lang='lat' dir='ltr'>acciperet</span> <span class='ocrx_word' id='word_1_109' title='bbox 571 1124 772 1183; x_wconf 84' lang='lat' dir='ltr'>angelum</span> <span class='ocrx_word' id='word_1_110' title='bbox 795 1126 962 1169; x_wconf 86' lang='lat' dir='ltr'>Satanae</span> <span class='ocrx_word' id='word_1_111' title='bbox 982 1143 991 1170; x_wconf 91' lang='lat'>:</span> <span class='ocrx_word' id='word_1_112' title='bbox 1018 1133 1061 1168; x_wconf 88' lang='lat' dir='ltr'>et</span> <span class='ocrx_word' id='word_1_113' title='bbox 1078 1133 1224 1168; x_wconf 87' lang='lat' dir='ltr'>tamen</span> <span class='ocrx_word' id='word_1_114' title='bbox 1243 1124 1313 1168; x_wconf 90' lang='lat' dir='ltr'>cui</span> <span class='ocrx_word' id='word_1_115' title='bbox 1329 1132 1448 1168; x_wconf 89' lang='lat' dir='ltr'>tanta</span> <span class='ocrx_word' id='word_1_116' title='bbox 1466 1122 1721 1168; x_wconf 87' lang='lat' dir='ltr'>revelaban-</span> 
     </span>
     <span class='ocr_line' id='line_1_15' title="bbox 336 1195 1763 1256; baseline -0.003 -15"><span class='ocrx_word' id='word_1_117' title='bbox 336 1206 410 1241; x_wconf 87' lang='lat' dir='ltr'>tur</span> <span class='ocrx_word' id='word_1_118' title='bbox 427 1232 438 1251; x_wconf 93' lang='lat'>,</span> <span class='ocrx_word' id='word_1_119' title='bbox 474 1195 581 1256; x_wconf 88' lang='lat' dir='ltr'>quid</span> <span class='ocrx_word' id='word_1_120' title='bbox 609 1196 697 1239; x_wconf 76' lang='lat' dir='ltr'>ait?</span> <span class='ocrx_word' id='word_1_121' title='bbox 726 1198 922 1250; x_wconf 86' lang='lat' dir='ltr'>Fratres,</span> <span class='ocrx_word' id='word_1_122' title='bbox 949 1210 1027 1253; x_wconf 82' lang='lat' dir='ltr'>ego</span> <span class='ocrx_word' id='word_1_123' title='bbox 1058 1210 1127 1239; x_wconf 88' lang='lat' dir='ltr'>me</span> <span class='ocrx_word' id='word_1_124' title='bbox 1156 1196 1298 1255; x_wconf 88' lang='lat' dir='ltr'>ipsum</span> <span class='ocrx_word' id='word_1_125' title='bbox 1320 1210 1410 1239; x_wconf 91' lang='lat' dir='ltr'>non</span> <span class='ocrx_word' id='word_1_126' title='bbox 1433 1195 1616 1239; x_wconf 86' lang='lat' dir='ltr'>arbitror</span> <span class='ocrx_word' id='word_1_127' title='bbox 1642 1210 1721 1254; x_wconf 89' lang='lat' dir='ltr'>ap-</span> <span class='ocrx_word' id='word_1_128' title='bbox 1761 1227 1763 1254; x_wconf 46' lang='lat' dir='ltr'><strong>f</strong></span> 
     </span>
     <span class='ocr_line' id='line_1_16' title="bbox 336 1264 1723 1326; baseline -0.001 -16"><span class='ocrx_word' id='word_1_129' title='bbox 336 1266 630 1326; x_wconf 81' lang='lat' dir='ltr'>prehendisse.</span> <span class='ocrx_word' id='word_1_130' title='bbox 659 1265 820 1310; x_wconf 90' lang='lat' dir='ltr'>Paulus</span> <span class='ocrx_word' id='word_1_131' title='bbox 847 1264 953 1309; x_wconf 90' lang='lat' dir='ltr'>dicit</span> <span class='ocrx_word' id='word_1_132' title='bbox 978 1284 985 1309; x_wconf 90' lang='lat'><strong>:</strong></span> <span class='ocrx_word' id='word_1_133' title='bbox 1015 1284 1033 1307; x_wconf 90' lang='lat'>«</span> <span class='ocrx_word' id='word_1_134' title='bbox 1059 1268 1230 1309; x_wconf 91' lang='lat' dir='ltr'>Fratres</span> <span class='ocrx_word' id='word_1_135' title='bbox 1246 1300 1256 1319; x_wconf 86' lang='lat'>,</span> <span class='ocrx_word' id='word_1_136' title='bbox 1283 1280 1358 1323; x_wconf 87' lang='lat' dir='ltr'>ego</span> <span class='ocrx_word' id='word_1_137' title='bbox 1384 1281 1454 1308; x_wconf 88' lang='lat' dir='ltr'>me</span> <span class='ocrx_word' id='word_1_138' title='bbox 1474 1266 1617 1324; x_wconf 89' lang='lat' dir='ltr'>ipsum</span> <span class='ocrx_word' id='word_1_139' title='bbox 1633 1280 1723 1310; x_wconf 91' lang='lat' dir='ltr'>non</span> 
     </span>
     <span class='ocr_line' id='line_1_17' title="bbox 341 1335 1763 1395; baseline 0.001 -18"><span class='ocrx_word' id='word_1_140' title='bbox 341 1356 363 1378; x_wconf 86' lang='lat'>»</span> <span class='ocrx_word' id='word_1_141' title='bbox 399 1336 584 1388; x_wconf 83' lang='lat' dir='ltr'>arbitror</span> <span class='ocrx_word' id='word_1_142' title='bbox 607 1335 964 1395; x_wconf 84' lang='lat' dir='ltr'>apprehendisse1</span> <span class='ocrx_word' id='word_1_143' title='bbox 987 1353 996 1379; x_wconf 78' lang='lat' dir='ltr'>z</span> <span class='ocrx_word' id='word_1_144' title='bbox 1023 1353 1042 1376; x_wconf 91' lang='lat'>»</span> <span class='ocrx_word' id='word_1_145' title='bbox 1063 1335 1139 1394; x_wconf 87' lang='lat' dir='ltr'>qui</span> <span class='ocrx_word' id='word_1_146' title='bbox 1161 1335 1316 1379; x_wconf 87' lang='lat' dir='ltr'>adhoc</span> <span class='ocrx_word' id='word_1_147' title='bbox 1343 1335 1509 1394; x_wconf 88' lang='lat' dir='ltr'>accepit</span> <span class='ocrx_word' id='word_1_148' title='bbox 1526 1335 1722 1394; x_wconf 86' lang='lat' dir='ltr'>colaphi·</span> <span class='ocrx_word' id='word_1_149' title='bbox 1761 1373 1763 1394; x_wconf 27' lang='grc' dir='ltr'><strong><em>ἐ</em></strong></span> 
     </span>
     <span class='ocr_line' id='line_1_18' title="bbox 339 1405 1725 1465; baseline -0.001 -14"><span class='ocrx_word' id='word_1_150' title='bbox 339 1416 509 1451; x_wconf 82' lang='lat' dir='ltr'>zantem</span> <span class='ocrx_word' id='word_1_151' title='bbox 533 1406 738 1465; x_wconf 85' lang='lat' dir='ltr'>angelum</span> <span class='ocrx_word' id='word_1_152' title='bbox 762 1408 930 1450; x_wconf 85' lang='lat' dir='ltr'>Satanae</span> <span class='ocrx_word' id='word_1_153' title='bbox 946 1440 957 1460; x_wconf 95' lang='lat'>,</span> <span class='ocrx_word' id='word_1_154' title='bbox 983 1421 1038 1449; x_wconf 91' lang='lat' dir='ltr'>ne</span> <span class='ocrx_word' id='word_1_155' title='bbox 1055 1405 1333 1450; x_wconf 82' lang='lat' dir='ltr'>extolleretur</span> <span class='ocrx_word' id='word_1_156' title='bbox 1354 1407 1400 1449; x_wconf 91' lang='lat' dir='ltr'>in</span> <span class='ocrx_word' id='word_1_157' title='bbox 1421 1405 1725 1464; x_wconf 86' lang='lat' dir='ltr'>magnitudine</span> 
     </span>
     <span class='ocr_line' id='line_1_19' title="bbox 340 1474 1770 1536; baseline -0.001 -15"><span class='ocrx_word' id='word_1_158' title='bbox 340 1477 656 1521; x_wconf 88' lang='lat' dir='ltr'>revelationum</span> <span class='ocrx_word' id='word_1_159' title='bbox 677 1479 893 1519; x_wconf 72' lang='lat' dir='ltr'>suarum‘2.</span> <span class='ocrx_word' id='word_1_160' title='bbox 908 1476 1013 1528; x_wconf 86' lang='lat' dir='ltr'>Quis</span> <span class='ocrx_word' id='word_1_161' title='bbox 1027 1474 1157 1519; x_wconf 90' lang='lat' dir='ltr'>audet</span> <span class='ocrx_word' id='word_1_162' title='bbox 1171 1475 1313 1519; x_wconf 86' lang='lat' dir='ltr'>dicere</span> <span class='ocrx_word' id='word_1_163' title='bbox 1328 1476 1430 1536; x_wconf 89' lang='lat' dir='ltr'>quia</span> <span class='ocrx_word' id='word_1_164' title='bbox 1445 1476 1727 1535; x_wconf 89' lang='lat' dir='ltr'>comprehen-</span> <span class='ocrx_word' id='word_1_165' title='bbox 1762 1499 1770 1514; x_wconf 63' lang='lat' dir='ltr'>v</span> 
     </span>
    </p>
   </div>
   <div class='ocr_carea' id='block_1_4' title="bbox 341 1545 1734 2520">
    <p class='ocr_par' dir='ltr' id='par_1_5' title="bbox 341 1545 1734 2520">
     <span class='ocr_line' id='line_1_20' title="bbox 341 1545 1726 1605; baseline -0.001 -13"><span class='ocrx_word' id='word_1_166' title='bbox 341 1547 436 1592; x_wconf 78' lang='lat' dir='ltr'>dit?</span> <span class='ocrx_word' id='word_1_167' title='bbox 470 1550 582 1591; x_wconf 91' lang='lat' dir='ltr'>Ecce</span> <span class='ocrx_word' id='word_1_168' title='bbox 615 1546 775 1590; x_wconf 87' lang='lat' dir='ltr'>Paulus</span> <span class='ocrx_word' id='word_1_169' title='bbox 805 1562 894 1590; x_wconf 92' lang='lat' dir='ltr'>non</span> <span class='ocrx_word' id='word_1_170' title='bbox 924 1546 1238 1605; x_wconf 80' lang='lat' dir='ltr'>apprehendit,</span> <span class='ocrx_word' id='word_1_171' title='bbox 1263 1556 1306 1591; x_wconf 89' lang='lat' dir='ltr'>et</span> <span class='ocrx_word' id='word_1_172' title='bbox 1327 1545 1432 1590; x_wconf 90' lang='lat' dir='ltr'>dicit</span> <span class='ocrx_word' id='word_1_173' title='bbox 1455 1565 1464 1590; x_wconf 91' lang='lat'><strong>:</strong></span> <span class='ocrx_word' id='word_1_174' title='bbox 1498 1565 1518 1588; x_wconf 88' lang='lat'>«</span> <span class='ocrx_word' id='word_1_175' title='bbox 1539 1549 1637 1591; x_wconf 89' lang='lat' dir='ltr'>Non</span> <span class='ocrx_word' id='word_1_176' title='bbox 1656 1562 1726 1590; x_wconf 90' lang='lat' dir='ltr'>me</span> 
     </span>
     <span class='ocr_line' id='line_1_21' title="bbox 345 1616 1728 1676; baseline 0.001 -17"><span class='ocrx_word' id='word_1_177' title='bbox 345 1637 366 1660; x_wconf 87' lang='lat'>»</span> <span class='ocrx_word' id='word_1_178' title='bbox 403 1618 589 1662; x_wconf 87' lang='lat' dir='ltr'>arbitror</span> <span class='ocrx_word' id='word_1_179' title='bbox 614 1617 962 1676; x_wconf 85' lang='lat' dir='ltr'>apprehendisse.</span> <span class='ocrx_word' id='word_1_180' title='bbox 987 1634 1007 1657; x_wconf 90' lang='lat'>»</span> <span class='ocrx_word' id='word_1_181' title='bbox 1033 1619 1089 1660; x_wconf 87' lang='lat' dir='ltr'>Et</span> <span class='ocrx_word' id='word_1_182' title='bbox 1111 1616 1218 1676; x_wconf 89' lang='lat' dir='ltr'>quid</span> <span class='ocrx_word' id='word_1_183' title='bbox 1240 1616 1299 1660; x_wconf 90' lang='lat' dir='ltr'>ais</span> <span class='ocrx_word' id='word_1_184' title='bbox 1317 1652 1328 1672; x_wconf 96' lang='lat'>,</span> <span class='ocrx_word' id='word_1_185' title='bbox 1352 1633 1378 1661; x_wconf 95' lang='lat' dir='ltr'>o</span> <span class='ocrx_word' id='word_1_186' title='bbox 1402 1616 1566 1661; x_wconf 76' lang='lat' dir='ltr'>Paule?</span> <span class='ocrx_word' id='word_1_187' title='bbox 1591 1636 1608 1657; x_wconf 93' lang='lat'>«</span> <span class='ocrx_word' id='word_1_188' title='bbox 1633 1617 1728 1661; x_wconf 80' lang='lat' dir='ltr'>Ad-</span> 
     </span>
     <span class='ocr_line' id='line_1_22' title="bbox 346 1686 1728 1747; baseline 0.001 -17"><span class='ocrx_word' id='word_1_189' title='bbox 346 1706 367 1730; x_wconf 85' lang='lat'>»</span> <span class='ocrx_word' id='word_1_190' title='bbox 402 1688 489 1732; x_wconf 90' lang='lat' dir='ltr'>huc</span> <span class='ocrx_word' id='word_1_191' title='bbox 512 1703 640 1731; x_wconf 84' lang='lat' dir='ltr'>curro</span> <span class='ocrx_word' id='word_1_192' title='bbox 653 1722 668 1742; x_wconf 85' lang='grc'>,</span> <span class='ocrx_word' id='word_1_193' title='bbox 702 1687 846 1747; x_wconf 85' lang='lat' dir='ltr'>inquit</span> <span class='ocrx_word' id='word_1_194' title='bbox 862 1722 872 1742; x_wconf 94' lang='lat'>,</span> <span class='ocrx_word' id='word_1_195' title='bbox 897 1695 948 1730; x_wconf 91' lang='lat' dir='ltr'>ut</span> <span class='ocrx_word' id='word_1_196' title='bbox 968 1687 1303 1746; x_wconf 88' lang='lat' dir='ltr'>apprehendam.</span> <span class='ocrx_word' id='word_1_197' title='bbox 1333 1705 1353 1727; x_wconf 90' lang='lat'>»</span> <span class='ocrx_word' id='word_1_198' title='bbox 1379 1686 1536 1732; x_wconf 84' lang='lat' dir='ltr'>Adhuc</span> <span class='ocrx_word' id='word_1_199' title='bbox 1569 1687 1728 1732; x_wconf 88' lang='lat' dir='ltr'>Paulus</span> 
     </span>
     <span class='ocr_line' id='line_1_23' title="bbox 344 1757 1725 1818; baseline -0.001 -15"><span class='ocrx_word' id='word_1_200' title='bbox 344 1759 389 1802; x_wconf 91' lang='lat' dir='ltr'>in</span> <span class='ocrx_word' id='word_1_201' title='bbox 406 1759 476 1803; x_wconf 89' lang='lat' dir='ltr'>via</span> <span class='ocrx_word' id='word_1_202' title='bbox 491 1767 569 1813; x_wconf 88' lang='lat' dir='ltr'>est,</span> <span class='ocrx_word' id='word_1_203' title='bbox 595 1766 638 1801; x_wconf 90' lang='lat' dir='ltr'>et</span> <span class='ocrx_word' id='word_1_204' title='bbox 657 1766 705 1801; x_wconf 92' lang='lat' dir='ltr'>tu</span> <span class='ocrx_word' id='word_1_205' title='bbox 723 1766 765 1801; x_wconf 85' lang='lat' dir='ltr'>te</span> <span class='ocrx_word' id='word_1_206' title='bbox 787 1766 913 1816; x_wconf 90' lang='lat' dir='ltr'>putas</span> <span class='ocrx_word' id='word_1_207' title='bbox 934 1757 981 1800; x_wconf 94' lang='lat' dir='ltr'>in</span> <span class='ocrx_word' id='word_1_208' title='bbox 1001 1757 1170 1816; x_wconf 81' lang='lat' dir='ltr'>patria?</span> <span class='ocrx_word' id='word_1_209' title='bbox 1187 1775 1207 1798; x_wconf 89' lang='lat'>«</span> <span class='ocrx_word' id='word_1_210' title='bbox 1225 1759 1370 1801; x_wconf 89' lang='lat' dir='ltr'>Unum</span> <span class='ocrx_word' id='word_1_211' title='bbox 1387 1766 1548 1813; x_wconf 88' lang='lat' dir='ltr'>autem,</span> <span class='ocrx_word' id='word_1_212' title='bbox 1567 1758 1725 1818; x_wconf 89' lang='lat' dir='ltr'>inquit,</span> 
     </span>
     <span class='ocr_line' id='line_1_24' title="bbox 348 1825 1729 1888; baseline 0.001 -19"><span class='ocrx_word' id='word_1_213' title='bbox 348 1846 370 1869; x_wconf 87' lang='lat'>»</span> <span class='ocrx_word' id='word_1_214' title='bbox 405 1844 504 1888; x_wconf 83' lang='lat' dir='ltr'>quae</span> <span class='ocrx_word' id='word_1_215' title='bbox 524 1837 641 1872; x_wconf 89' lang='lat' dir='ltr'>retro</span> <span class='ocrx_word' id='word_1_216' title='bbox 664 1837 766 1871; x_wconf 89' lang='lat' dir='ltr'>sunt</span> <span class='ocrx_word' id='word_1_217' title='bbox 788 1826 964 1871; x_wconf 88' lang='lat' dir='ltr'>oblitus.</span> <span class='ocrx_word' id='word_1_218' title='bbox 989 1845 1009 1868; x_wconf 85' lang='lat'>»</span> <span class='ocrx_word' id='word_1_219' title='bbox 1034 1829 1127 1871; x_wconf 91' lang='lat' dir='ltr'>Hoc</span> <span class='ocrx_word' id='word_1_220' title='bbox 1149 1825 1216 1871; x_wconf 86' lang='lat' dir='ltr'>sac</span> <span class='ocrx_word' id='word_1_221' title='bbox 1236 1836 1278 1870; x_wconf 87' lang='lat' dir='ltr'>et</span> <span class='ocrx_word' id='word_1_222' title='bbox 1302 1836 1349 1871; x_wconf 91' lang='lat' dir='ltr'>tu</span> <span class='ocrx_word' id='word_1_223' title='bbox 1365 1862 1375 1882; x_wconf 82' lang='lat'>,</span> <span class='ocrx_word' id='word_1_224' title='bbox 1400 1836 1444 1871; x_wconf 89' lang='lat' dir='ltr'>et</span> <span class='ocrx_word' id='word_1_225' title='bbox 1465 1827 1597 1871; x_wconf 87' lang='lat' dir='ltr'>vitam</span> <span class='ocrx_word' id='word_1_226' title='bbox 1621 1843 1729 1887; x_wconf 86' lang='lat' dir='ltr'>prae-</span> 
     </span>
     <span class='ocr_line' id='line_1_25' title="bbox 347 1895 1729 1958; baseline -0.001 -15"><span class='ocrx_word' id='word_1_227' title='bbox 347 1899 520 1944; x_wconf 84' lang='lat' dir='ltr'>teritam</span> <span class='ocrx_word' id='word_1_228' title='bbox 541 1897 702 1942; x_wconf 88' lang='lat' dir='ltr'>malam</span> <span class='ocrx_word' id='word_1_229' title='bbox 726 1895 991 1941; x_wconf 89' lang='lat' dir='ltr'>obliviscere.</span> <span class='ocrx_word' id='word_1_230' title='bbox 1020 1897 1063 1941; x_wconf 90' lang='lat' dir='ltr'>Si</span> <span class='ocrx_word' id='word_1_231' title='bbox 1084 1905 1127 1940; x_wconf 91' lang='lat' dir='ltr'>te</span> <span class='ocrx_word' id='word_1_232' title='bbox 1145 1897 1376 1942; x_wconf 82' lang='lat' dir='ltr'>delectavit</span> <span class='ocrx_word' id='word_1_233' title='bbox 1398 1897 1630 1958; x_wconf 87' lang='lat' dir='ltr'>aliquando</span> <span class='ocrx_word' id='word_1_234' title='bbox 1650 1913 1729 1942; x_wconf 88' lang='lat' dir='ltr'>va-</span> 
     </span>
     <span class='ocr_line' id='line_1_26' title="bbox 348 1966 1730 2028; baseline -0.001 -14"><span class='ocrx_word' id='word_1_235' title='bbox 348 1972 481 2022; x_wconf 87' lang='lat' dir='ltr'>nitas,</span> <span class='ocrx_word' id='word_1_236' title='bbox 507 1984 597 2012; x_wconf 90' lang='lat' dir='ltr'>non</span> <span class='ocrx_word' id='word_1_237' title='bbox 617 1977 660 2012; x_wconf 88' lang='lat' dir='ltr'>te</span> <span class='ocrx_word' id='word_1_238' title='bbox 681 1966 882 2011; x_wconf 88' lang='lat' dir='ltr'>delectet.</span> <span class='ocrx_word' id='word_1_239' title='bbox 916 1986 935 2008; x_wconf 94' lang='lat'>«</span> <span class='ocrx_word' id='word_1_240' title='bbox 957 1969 1065 2019; x_wconf 85' lang='lat' dir='ltr'>Quae</span> <span class='ocrx_word' id='word_1_241' title='bbox 1084 1976 1197 2011; x_wconf 90' lang='lat' dir='ltr'>retro</span> <span class='ocrx_word' id='word_1_242' title='bbox 1219 1966 1381 2011; x_wconf 90' lang='lat' dir='ltr'>oblitus</span> <span class='ocrx_word' id='word_1_243' title='bbox 1396 2002 1406 2022; x_wconf 94' lang='lat'>,</span> <span class='ocrx_word' id='word_1_244' title='bbox 1430 1967 1593 2028; x_wconf 83' lang='lat' dir='ltr'>inquit,</span> <span class='ocrx_word' id='word_1_245' title='bbox 1614 1968 1659 2011; x_wconf 92' lang='lat' dir='ltr'>in</span> <span class='ocrx_word' id='word_1_246' title='bbox 1681 1983 1730 2013; x_wconf 86' lang='lat' dir='ltr'>ea</span> 
     </span>
     <span class='ocr_line' id='line_1_27' title="bbox 351 2039 1732 2100; baseline 0.001 -19"><span class='ocrx_word' id='word_1_247' title='bbox 351 2059 372 2082; x_wconf 87' lang='lat'>»</span> <span class='ocrx_word' id='word_1_248' title='bbox 407 2056 507 2100; x_wconf 81' lang='lat' dir='ltr'>quae</span> <span class='ocrx_word' id='word_1_249' title='bbox 529 2047 629 2083; x_wconf 89' lang='lat' dir='ltr'>ante</span> <span class='ocrx_word' id='word_1_250' title='bbox 650 2047 751 2082; x_wconf 86' lang='lat' dir='ltr'>sunt</span> <span class='ocrx_word' id='word_1_251' title='bbox 774 2047 989 2092; x_wconf 83' lang='lat' dir='ltr'>extentus,</span> <span class='ocrx_word' id='word_1_252' title='bbox 1007 2039 1248 2082; x_wconf 87' lang='lat' dir='ltr'>secundum</span> <span class='ocrx_word' id='word_1_253' title='bbox 1266 2039 1552 2082; x_wconf 87' lang='lat' dir='ltr'>intentionem</span> <span class='ocrx_word' id='word_1_254' title='bbox 1574 2054 1732 2099; x_wconf 88' lang='lat' dir='ltr'>sequor</span> 
     </span>
     <span class='ocr_line' id='line_1_28' title="bbox 352 2107 1728 2169; baseline -0.002 -15"><span class='ocrx_word' id='word_1_255' title='bbox 352 2130 373 2153; x_wconf 87' lang='lat'>»</span> <span class='ocrx_word' id='word_1_256' title='bbox 409 2110 465 2154; x_wconf 88' lang='lat' dir='ltr'>ad</span> <span class='ocrx_word' id='word_1_257' title='bbox 492 2109 682 2169; x_wconf 88' lang='lat' dir='ltr'>palmam</span> <span class='ocrx_word' id='word_1_258' title='bbox 703 2123 901 2167; x_wconf 80' lang='lat' dir='ltr'>supernae</span> <span class='ocrx_word' id='word_1_259' title='bbox 925 2107 1159 2152; x_wconf 86' lang='lat' dir='ltr'>vocationis</span> <span class='ocrx_word' id='word_1_260' title='bbox 1182 2108 1259 2151; x_wconf 90' lang='lat' dir='ltr'>Dei</span> <span class='ocrx_word' id='word_1_261' title='bbox 1281 2108 1327 2151; x_wconf 89' lang='lat' dir='ltr'>in</span> <span class='ocrx_word' id='word_1_262' title='bbox 1348 2108 1520 2153; x_wconf 90' lang='lat' dir='ltr'>Christo</span> <span class='ocrx_word' id='word_1_263' title='bbox 1535 2112 1637 2153; x_wconf 89' lang='lat' dir='ltr'>Jesu</span> <span class='ocrx_word' id='word_1_264' title='bbox 1651 2111 1683 2155; x_wconf 72' lang='lat'>³.</span> <span class='ocrx_word' id='word_1_265' title='bbox 1707 2128 1728 2151; x_wconf 87' lang='lat'>»</span> 
     </span>
     <span class='ocr_line' id='line_1_29' title="bbox 350 2179 1734 2238; baseline 0 -13"><span class='ocrx_word' id='word_1_266' title='bbox 350 2181 493 2226; x_wconf 84' lang='lat' dir='ltr'>Audio</span> <span class='ocrx_word' id='word_1_267' title='bbox 510 2195 663 2224; x_wconf 88' lang='lat' dir='ltr'>vocem</span> <span class='ocrx_word' id='word_1_268' title='bbox 685 2179 761 2223; x_wconf 87' lang='lat' dir='ltr'>Dei</span> <span class='ocrx_word' id='word_1_269' title='bbox 784 2179 984 2238; x_wconf 86' lang='lat' dir='ltr'>desuper,</span> <span class='ocrx_word' id='word_1_270' title='bbox 1009 2187 1051 2222; x_wconf 88' lang='lat' dir='ltr'>et</span> <span class='ocrx_word' id='word_1_271' title='bbox 1068 2194 1195 2223; x_wconf 89' lang='lat' dir='ltr'>curro</span> <span class='ocrx_word' id='word_1_272' title='bbox 1212 2187 1262 2222; x_wconf 89' lang='lat' dir='ltr'>ut</span> <span class='ocrx_word' id='word_1_273' title='bbox 1284 2179 1734 2238; x_wconf 84' lang='lat' dir='ltr'>apprehendam.Non</span> 
     </span>
     <span class='ocr_line' id='line_1_30' title="bbox 352 2249 1734 2310; baseline 0 -16"><span class='ocrx_word' id='word_1_274' title='bbox 352 2252 471 2294; x_wconf 88' lang='lat' dir='ltr'>enim</span> <span class='ocrx_word' id='word_1_275' title='bbox 493 2249 655 2293; x_wconf 85' lang='lat' dir='ltr'>dimisit</span> <span class='ocrx_word' id='word_1_276' title='bbox 676 2265 745 2293; x_wconf 92' lang='lat' dir='ltr'>me</span> <span class='ocrx_word' id='word_1_277' title='bbox 768 2249 813 2292; x_wconf 89' lang='lat' dir='ltr'>in</span> <span class='ocrx_word' id='word_1_278' title='bbox 833 2249 901 2293; x_wconf 87' lang='lat' dir='ltr'>via</span> <span class='ocrx_word' id='word_1_279' title='bbox 924 2264 1160 2303; x_wconf 87' lang='lat' dir='ltr'>remanere,</span> <span class='ocrx_word' id='word_1_280' title='bbox 1186 2249 1287 2308; x_wconf 87' lang='lat' dir='ltr'>quia</span> <span class='ocrx_word' id='word_1_281' title='bbox 1305 2264 1395 2292; x_wconf 90' lang='lat' dir='ltr'>non</span> <span class='ocrx_word' id='word_1_282' title='bbox 1417 2259 1550 2293; x_wconf 86' lang='lat' dir='ltr'>cessat</span> <span class='ocrx_word' id='word_1_283' title='bbox 1570 2249 1734 2310; x_wconf 87' lang='lat' dir='ltr'>alloqui</span> 
     </span>
     <span class='ocr_line' id='line_1_31' title="bbox 353 2318 1734 2379; baseline -0.001 -14"><span class='ocrx_word' id='word_1_284' title='bbox 353 2336 438 2365; x_wconf 91' lang='lat' dir='ltr'>me.</span> <span class='ocrx_word' id='word_1_285' title='bbox 471 2323 588 2379; x_wconf 87' lang='lat' dir='ltr'>Ergo</span> <span class='ocrx_word' id='word_1_286' title='bbox 604 2356 615 2375; x_wconf 96' lang='lat'>,</span> <span class='ocrx_word' id='word_1_287' title='bbox 641 2318 791 2363; x_wconf 87' lang='lat' dir='ltr'>fratres</span> <span class='ocrx_word' id='word_1_288' title='bbox 811 2354 822 2375; x_wconf 97' lang='lat'>,</span> <span class='ocrx_word' id='word_1_289' title='bbox 857 2334 947 2363; x_wconf 90' lang='lat' dir='ltr'>non</span> <span class='ocrx_word' id='word_1_290' title='bbox 969 2328 1103 2363; x_wconf 87' lang='lat' dir='ltr'>cessat</span> <span class='ocrx_word' id='word_1_291' title='bbox 1126 2322 1238 2363; x_wconf 90' lang='lat' dir='ltr'>Deus</span> <span class='ocrx_word' id='word_1_292' title='bbox 1263 2319 1427 2378; x_wconf 85' lang='lat' dir='ltr'>alloqui</span> <span class='ocrx_word' id='word_1_293' title='bbox 1451 2334 1543 2363; x_wconf 90' lang='lat' dir='ltr'>nos.</span> <span class='ocrx_word' id='word_1_294' title='bbox 1568 2322 1677 2365; x_wconf 88' lang='lat' dir='ltr'>Nam</span> <span class='ocrx_word' id='word_1_295' title='bbox 1699 2321 1734 2364; x_wconf 90' lang='lat' dir='ltr'>si</span> 
     </span>
     <span class='ocr_line' id='line_1_32' title="bbox 354 2388 1734 2449; baseline -0.001 -14"><span class='ocrx_word' id='word_1_296' title='bbox 354 2400 490 2435; x_wconf 88' lang='lat' dir='ltr'>cessat</span> <span class='ocrx_word' id='word_1_297' title='bbox 505 2425 515 2445; x_wconf 96' lang='lat'>,</span> <span class='ocrx_word' id='word_1_298' title='bbox 543 2389 652 2449; x_wconf 87' lang='lat' dir='ltr'>quid</span> <span class='ocrx_word' id='word_1_299' title='bbox 673 2399 737 2434; x_wconf 86' lang='lat' dir='ltr'>est</span> <span class='ocrx_word' id='word_1_300' title='bbox 759 2390 879 2448; x_wconf 90' lang='lat' dir='ltr'>quod</span> <span class='ocrx_word' id='word_1_301' title='bbox 901 2389 1098 2447; x_wconf 83' lang='lat' dir='ltr'>agimus?</span> <span class='ocrx_word' id='word_1_302' title='bbox 1125 2388 1242 2442; x_wconf 86' lang='lat' dir='ltr'>Quid</span> <span class='ocrx_word' id='word_1_303' title='bbox 1263 2398 1326 2433; x_wconf 88' lang='lat' dir='ltr'>est</span> <span class='ocrx_word' id='word_1_304' title='bbox 1347 2390 1467 2448; x_wconf 89' lang='lat' dir='ltr'>quod</span> <span class='ocrx_word' id='word_1_305' title='bbox 1488 2399 1623 2447; x_wconf 85' lang='lat' dir='ltr'>agunt</span> <span class='ocrx_word' id='word_1_306' title='bbox 1642 2389 1734 2434; x_wconf 87' lang='lat' dir='ltr'>lec-</span> 
     </span>
     <span class='ocr_line' id='line_1_33' title="bbox 355 2457 1734 2520; baseline 0 -16"><span class='ocrx_word' id='word_1_307' title='bbox 355 2461 492 2504; x_wconf 86' lang='lat' dir='ltr'>tiones</span> <span class='ocrx_word' id='word_1_308' title='bbox 524 2459 681 2504; x_wconf 84' lang='lat' dir='ltr'>divinae</span> <span class='ocrx_word' id='word_1_309' title='bbox 716 2468 759 2503; x_wconf 86' lang='lat' dir='ltr'>et</span> <span class='ocrx_word' id='word_1_310' title='bbox 780 2459 947 2503; x_wconf 87' lang='lat' dir='ltr'>cantica</span> <span class='ocrx_word' id='word_1_311' title='bbox 969 2457 1142 2503; x_wconf 78' lang='lat' dir='ltr'>divina?</span> <span class='ocrx_word' id='word_1_312' title='bbox 1171 2459 1484 2504; x_wconf 89' lang='lat' dir='ltr'>Obliviscimini</span> <span class='ocrx_word' id='word_1_313' title='bbox 1505 2475 1607 2519; x_wconf 90' lang='lat' dir='ltr'>ergo</span> <span class='ocrx_word' id='word_1_314' title='bbox 1633 2476 1734 2520; x_wconf 82' lang='lat' dir='ltr'>quae</span> 
     </span>
    </p>
   </div>
   <div class='ocr_carea' id='block_1_5' title="bbox 405 2541 1467 2585">
    <p class='ocr_par' dir='ltr' id='par_1_6' title="bbox 405 2541 1467 2585">
     <span class='ocr_line' id='line_1_34' title="bbox 405 2541 1467 2585; baseline 0.001 -12"><span class='ocrx_word' id='word_1_315' title='bbox 405 2550 413 2566; x_wconf 91' lang='lat'><strong>¹</strong></span> <span class='ocrx_word' id='word_1_316' title='bbox 433 2543 547 2585; x_wconf 80' lang='lat' dir='ltr'>Philip.</span> <span class='ocrx_word' id='word_1_317' title='bbox 567 2554 615 2584; x_wconf 80' lang='grc' dir='ltr'>ιιι,</span> <span class='ocrx_word' id='word_1_318' title='bbox 636 2543 686 2575; x_wconf 81' lang='lat'>13.</span> <span class='ocrx_word' id='word_1_319' title='bbox 708 2560 749 2567; x_wconf 89' lang='lat'><em>-</em></span> <span class='ocrx_word' id='word_1_320' title='bbox 769 2549 782 2566; x_wconf 82' lang='lat'><strong>¹</strong></span> <span class='ocrx_word' id='word_1_321' title='bbox 800 2551 819 2575; x_wconf 81' lang='lat'>2</span> <span class='ocrx_word' id='word_1_322' title='bbox 840 2544 913 2575; x_wconf 90' lang='lat' dir='ltr'>Cor.</span> <span class='ocrx_word' id='word_1_323' title='bbox 928 2553 983 2584; x_wconf 72' lang='grc' dir='ltr'>ιιι,</span> <span class='ocrx_word' id='word_1_324' title='bbox 1005 2553 1036 2583; x_wconf 88' lang='lat'>7.</span> <span class='ocrx_word' id='word_1_325' title='bbox 1056 2559 1098 2565; x_wconf 94' lang='lat'>—-</span> <span class='ocrx_word' id='word_1_326' title='bbox 1118 2541 1131 2565; x_wconf 81' lang='lat'>3</span> <span class='ocrx_word' id='word_1_327' title='bbox 1151 2542 1263 2584; x_wconf 81' lang='lat' dir='ltr'>Philip.</span> <span class='ocrx_word' id='word_1_328' title='bbox 1280 2553 1329 2584; x_wconf 87' lang='grc' dir='ltr'>ιιι,</span> <span class='ocrx_word' id='word_1_329' title='bbox 1350 2542 1467 2576; x_wconf 74' lang='lat'>12-15.</span> 
     </span>
    </p>
   </div>
   <div class='ocr_carea' id='block_1_6' title="bbox 1755 32 1766 980">
    <p class='ocr_par' dir='ltr' id='par_1_7' title="bbox 1755 32 1766 980">
     <span class='ocr_line' id='line_1_35' title="bbox 1755 32 1766 980; baseline 0 0"><span class='ocrx_word' id='word_1_330' title='bbox 1755 32 1766 980; x_wconf 95' lang='lat' dir='ltr'> </span> 
     </span>
    </p>
   </div>
   <div class='ocr_carea' id='block_1_7' title="bbox 1754 1176 1772 2637">
    <p class='ocr_par' dir='ltr' id='par_1_8' title="bbox 1754 1176 1772 2637">
     <span class='ocr_line' id='line_1_36' title="bbox 1754 1176 1772 2637; baseline 0 0"><span class='ocrx_word' id='word_1_331' title='bbox 1754 1176 1772 2637; x_wconf 95' lang='lat' dir='ltr'> </span> 
     </span>
    </p>
   </div>
  </div>
 </body>
</html>
