1815 3253
394 237 635 269 ΕΝΑΒΜΤΙΟ
669 240 712 266 m
746 238 948 268 PsALMUM
979 239 1106 266 extu.
1350 224 1434 265 415

47 305 354 364 Agnoscimus,
388 321 408 346 «
432 303 579 348 Tristis
593 313 656 348 cst
680 304 822 348 anima
841 319 935 348 mea
957 318 1096 362 usque
1119 299 1175 345 ad
1197 309 1432 346 mortem.»

50 374 134 421 Sed
150 383 193 419 et
209 374 296 419 illic
314 390 391 419 nos
405 389 588 418 eramus.
611 393 627 415 «
648 374 985 432 'transfiguravit
1007 372 1124 416 enim
1146 371 1191 414 in
1214 388 1257 416 se
1281 386 1439 431 corpus

51 445 342 490 »humilitatis
362 454 536 500 nostrae,
553 444 831 489 conformans
846 443 1017 504 corpori
1034 442 1183 502 gloriae
1200 444 1313 486 suae¹
1332 461 1342 486 ι
1364 449 1440 485 »et

26 526 172 562 ‘vetus
190 517 322 561 homo
345 525 490 561 noster
512 517 708 561 confixus
729 524 792 560 est
813 515 933 560 cruci
961 530 1063 559 cum
1097 513 1221 558 illo².
1254 532 1273 555 «
1296 515 1347 557 In
1370 527 1439 555 me

55 606 75 630 n
109 588 336 632 turbatum
358 596 421 632 est
443 603 518 632 cor
540 603 703 632 meum.
728 590 780 631 In
795 602 885 642 me,
914 604 934 628 »
959 585 1125 646 inquit,
1151 599 1242 630 non
1263 584 1309 628 in
1327 582 1435 627 aliis.

52 656 121 703 Illi
145 659 260 702 enim
282 673 352 702 me
374 658 661 702 deseruerunt
675 693 685 713 ,
720 667 764 702 et
785 656 847 703 illi
873 656 950 717 qui
971 657 1236 700 inhaeserant
1257 668 1442 699 recesse-

54 739 181 784 runt,
203 737 246 773 et
273 744 343 773 me
359 728 502 789 ipsum
521 728 622 789 quia
645 728 755 773 mori
769 727 980 772 videbant
994 763 1004 783 ‚
1027 725 1148 771 aliud
1165 723 1334 786 aliquid
1356 740 1441 784 pu-

55 808 283 855 taverunt,
319 808 363 844 et
389 815 412 843 a
458 798 628 844 latrone
665 798 767 844 victi
803 807 926 854 sunt,
960 798 1037 859 qui
1067 806 1174 842 tunc
1208 794 1442 850 credidit³‚

54 869 231 932 quando
253 869 316 913 illi
336 868 606 915 defecerunt.

115 943 171 985 X.
204 939 313 986 Inde
345 940 401 985 ad
433 941 644 985 membra.
686 959 705 983 «
729 943 995 985 Memoratus
1018 954 1113 983 sum
1137 937 1307 982 dierum
1330 937 1446 981 anti-

59 1031 80 1055 »
116 1023 320 1072 quorum.
345 1030 365 1053 »
401 1010 627 1072 Numquid
658 1019 921 1072 memoratus
949 1018 1013 1054 est
1041 1007 1116 1053 ille
1138 1007 1310 1052 dierum
1331 1005 1447 1050 anti-

57 1099 269 1145 quorum,
301 1097 380 1142 per
406 1098 537 1142 quem
561 1083 702 1126 factus
731 1090 794 1125 est
816 1081 954 1126 omnis
986 1079 1109 1124 dies?
1139 1077 1223 1123 Sed
1253 1077 1450 1137 loquitur

59 1169 244 1214 corpus,
277 1153 474 1213 loquitur
511 1153 814 1212 unusquisque
843 1149 959 1194 illius
994 1149 1128 1208 gratia
1154 1148 1416 1209 justificatus
1437 1181 1448 1202 ‚

57 1225 272 1270 inhaerens
293 1223 356 1268 illi
379 1223 425 1268 in
447 1223 672 1277 charitate,
691 1232 735 1266 ct
756 1221 913 1267 devota
935 1219 1210 1278 humilitate3
1232 1219 1448 1280 loquitur,

61 1305 105 1341 ct
121 1296 228 1341 dicit
252 1315 260 1340 :
288 1315 308 1338 «
329 1298 596 1340 Memoratus
625 1309 721 1338 sum
743 1293 914 1337 dierum
935 1292 1242 1353 antiquorum,
1267 1290 1454 1334 medita-

64 1386 86 1411 »
121 1376 190 1413 tus
211 1383 305 1412 sum
328 1368 373 1411 in
391 1367 594 1411 omnibus
615 1365 820 1425 operibus
843 1364 968 1409 tuis4.
999 1383 1018 1406 υ
1045 1363 1156 1417 Quia
1179 1362 1334 1423 utique
1356 1376 1455 1406 om-

63 1439 134 1483 nia
150 1438 266 1484 bona
282 1447 332 1482 tu
353 1437 518 1493 fecisti,
540 1446 583 1481 et
600 1435 711 1480 nihil
732 1435 1020 1491 constitisset,
1045 1433 1166 1495 quod
1189 1450 1212 1478 a
1229 1442 1272 1477 te
1294 1431 1458 1477 consti-

65 1518 212 1554 tutum
244 1524 334 1553 non
361 1517 486 1553 esset.
523 1510 732 1553 Creatura
768 1515 843 1551 tua
873 1504 1171 1566 spectaculum
1198 1504 1306 1548 mihi
1344 1501 1460 1547 sacta

65 1589 128 1625 est
155 1600 164 1625 ε
193 1579 372 1641 quaesivi
404 1580 448 1623 in
485 1595 616 1639 opere
649 1578 883 1633 artificem,
912 1587 954 1622 et
975 1577 1021 1621 in
1043 1575 1231 1622 conditis
1255 1574 1460 1620 omnibus

67 1652 354 1698 conditorem.
385 1654 529 1705 Quare
546 1652 660 1696 hoc?
683 1660 732 1695 ut
753 1649 861 1711 quid
881 1650 963 1694 hoc
980 1684 990 1704 ,
1017 1649 1099 1692 nisi
1120 1657 1170 1692 ut
1191 1649 1276 1692 hoc
1293 1644 1460 1691 intelli-

69 1733 189 1783 geret
211 1722 427 1784 quidquid
452 1723 498 1767 in
525 1738 569 1767 se
602 1722 707 1767 boni
729 1731 860 1778 esset,
892 1721 947 1765 ab
978 1719 1053 1765 illo
1076 1718 1241 1764 factum
1265 1734 1381 1775 esse3
1407 1732 1462 1760 ne

69 1795 273 1854 ignorans
289 1793 501 1855 justitiam
525 1793 601 1837 Dei
632 1802 675 1837 et
698 1808 821 1837 suam
848 1791 998 1838 volens
1020 1792 1283 1835 constituere
1302 1824 1312 1844 ,
1335 1787 1465 1849 justi-

70 1866 142 1910 tiae
165 1865 244 1909 Dei
261 1865 482 1925 subjectus
502 1880 592 1908 non
614 1865 747 1908 esset⁵
765 1884 776 1921 3
792 1872 842 1907 ut
865 1863 902 1907 ei
926 1862 1178 1907 conveniret
1196 1876 1279 1905 vox
1295 1859 1369 1903 illa
1391 1875 1466 1903 su-

71 1937 237 1998 perior,
267 1956 287 1979 «
314 1939 365 1980 In
386 1935 568 1981 veritate
599 1944 673 1979 tua
697 1943 739 1978 et
760 1934 806 1978 in
821 1933 989 1995 justitia
1010 1934 1118 1978 tua?
1138 1951 1158 1973 »
1186 1935 1239 1976 In
1261 1930 1466 1975 omnibus

73 2024 176 2067 ergo
207 2006 286 2051 Dei
316 2006 547 2066 operibuS‚
583 2014 626 2049 et
653 2004 933 2049 meditatione
955 2003 1152 2048 omnium
1177 2016 1360 2062 operum
1389 2000 1467 2045 Dei

77 2079 257 2139 gratiam
277 2077 470 2122 insinuat
486 2112 496 2132 ,
524 2077 704 2135 gratiam
727 2074 1009 2120 commendat
1025 2109 1035 2129 ‚
1062 2074 1242 2133 gratiam
1266 2088 1310 2116 se
1345 2072 1470 2116 inve-

77 2151 189 2195 nisse
213 2149 438 2208 gloriatur‚
466 2148 647 2207 gratiam
667 2163 751 2208 qua
772 2146 901 2205 gratis
924 2144 1030 2189 salvi
1047 2143 1152 2189 facti
1174 2159 1323 2202 sumus
1341 2141 1468 2202 :quia

79 2230 123 2266 et
149 2220 279 2280 gratis
300 2219 405 2264 salvi
428 2218 532 2263 facti
557 2234 720 2263 sumus.
749 2215 865 2270 Quid
889 2215 1083 2275 gloriaris
1108 2215 1153 2259 in
1175 2223 1250 2258 tua
1266 2213 1469 2273 justitia?

79 2293 187 2354 quid
204 2301 246 2336 te
268 2289 436 2335 extollis
450 2324 461 2345 ‚
486 2289 689 2348 ignorans
714 2288 787 2331 Dei
802 2286 1048 2347 justitiam?
1069 2285 1232 2330 Dedisti
1254 2284 1369 2328 forte
1391 2282 1471 2326 ali-

75 2364 183 2426 quid
201 2400 211 2420 ,
238 2373 287 2407 ut
304 2362 445 2407 salvus
468 2376 578 2405 esses
593 2362 610 2402 ⁶?
628 2359 746 2413 Quid
761 2359 948 2413 dedisti,
970 2367 1020 2402 ut
1040 2358 1173 2402 homo
1195 2357 1336 2400 esses?
1359 2358 1471 2398 Res-

76 2435 172 2496 pice
195 2450 298 2494 ergo
329 2432 603 2478 conditorem
630 2431 730 2475 vitae
752 2439 862 2485 tuae,
888 2427 1142 2473 substantiae
1165 2435 1208 2472 et
1229 2424 1474 2487 justitiaeet

128 2539 136 2555 ¹
160 2532 273 2574 Philip.
292 2542 338 2572 111,
357 2539 412 2562 21.
429 2546 471 2552 —
491 2535 504 2552 2
523 2530 615 2561 Rom.
642 2536 685 2568 vi,
702 2526 736 2558 G.
754 2541 795 2548 —
818 2522 831 2548 3
856 2526 936 2558 Luc.
954 2533 1047 2565 xxxii,
1068 2522 1120 2566 40.
1137 2539 1179 2546 —-·
1197 2518 1213 2547 ⁴
1227 2520 1309 2554 Psal.
1327 2530 1425 2562 extu,
1439 2519 1471 2552 5.

83 2604 124 2610 —
142 2586 156 2611 5
175 2591 266 2621 Rom.
284 2597 318 2629 x,
342 2589 373 2617 3.
