1815 3253
15 106 18 238 l
342 181 585 212 ENARRA'rm
618 185 660 212 m
695 181 899 212 PsALMUM
930 183 1095 210 CXXVII.
1343 169 1424 208 127

43 253 251 312 acciperet
272 250 435 295 futura.
457 249 670 296 Noveritis
694 259 838 294 autem
852 284 863 304 ,
893 249 1046 294 fratres
1061 282 1072 302 ,
1095 262 1185 291 non
1207 262 1308 291 eum
1328 262 1429 306 pas-

15 340 19 376 1
42 337 137 368 sum
162 330 346 366 mortem
363 357 374 375 ‚
405 336 536 381 quam
564 320 635 364 alii
668 324 882 378 Martyres
915 319 1026 379 passi
1055 327 1171 362 sunt.
1199 317 1432 363 Confessus

0 377 19 451 ³1
42 401 105 439 est
125 391 262 447 enim,
282 390 442 435 dilatus
467 390 605 435 estad
633 399 876 448 tormenta3
903 390 986 434 alio
1017 389 1087 433 die
1110 389 1339 433 inventum
1369 397 1434 432 est

41 478 195 522 corpus
216 464 308 522 ejus
330 462 542 505 exanime.
568 460 827 506 Clauserant
850 461 966 504 enim
999 458 1063 502 illi
1083 473 1298 502 carcerem
1321 492 1332 513 ,
1356 457 1433 502 sed

42 533 232 594 corpori,
253 548 342 577 non
361 532 543 592 spiritui.
566 533 707 584 Quem
729 531 817 575 illic
852 530 1067 589 parabant
1099 538 1303 588 torquere
1336 543 1432 572 car-

43 605 204 659 nifices,
225 603 447 647 absentem
466 602 744 656 invenerunt,
762 599 1050 660 perdiderunt
1063 599 1272 643 saevitiam
1288 614 1427 643 suam.

43 675 220 721 Jacebat
241 674 444 729 exanimis
460 708 471 728 ,
507 674 598 717 sine
622 688 750 717 sensu
777 671 887 727 illis,
921 686 976 715 ne
1007 678 1304 729 torqueretur:
1328 685 1431 713 cum

42 761 169 790 sensu
184 743 301 804 apud
318 747 529 798 Deum,ut
542 751 837 787 coronaretur.
850 740 972 786 Unde
984 750 1026 784 et
1039 741 1118 784 iste
1132 739 1250 796 felix,
1263 738 1433 795 fratres,

42 831 132 861 non
154 824 324 859 tantum
345 814 545 869 nomine,
570 813 646 858 sed
667 822 710 858 et
727 812 907 873 praemio
949 811 1050 857 vitae
1072 820 1270 867 aeternae,
1295 811 1330 855 si
1353 811 1434 855 ista

43 884 224 934 dilexit?

101 958 199 1000 VII.
225 958 342 1014 Ergo
363 954 423 999 sic
447 953 677 998 audiamus
709 955 839 998 istum
874 952 1120 1006 Psalmum,
1146 961 1357 1011 tanquam
1382 951 1437 995 de

43 1026 215 1072 Christo
245 1024 415 1068 dicatur
449 1044 458 1069 ε
492 1033 536 1068 et
571 1039 722 1068 omnes
754 1025 968 1068 haerentes
1000 1023 1171 1082 corpori
1203 1022 1364 1067 Christi
1394 1030 1438 1065 et

43 1096 187 1140 effecti
212 1095 407 1139 membra
430 1094 614 1148 Christi,
649 1094 926 1138 ambulemus
956 1093 1045 1137 vias
1078 1092 1281 1150 Domini3
1317 1101 1360 1136 et
1382 1093 1438 1136 ti-

42 1180 234 1210 meamus
261 1165 495 1209 Dominum
527 1164 681 1208 timore
712 1172 852 1218 casto,
889 1164 1045 1207 timore
1077 1171 1362 1222 permanente
1389 1162 1436 1205 in

43 1236 248 1281 saeculum
271 1236 435 1280 saeculi.
466 1239 543 1280 Est
564 1236 681 1280 enim
703 1235 811 1280 alius
835 1236 964 1279 timor
994 1249 1125 1294 quem
1152 1233 1339 1278 charitas
1362 1248 1435 1276 ex-

43 1306 210 1365 cludit,
240 1305 412 1350 dicente
445 1308 614 1350 Joanne
632 1341 642 1361 ,
680 1324 700 1347 «
726 1306 873 1349 Timor
904 1320 994 1349 non
1017 1313 1081 1348 est
1108 1305 1152 1348 in
1190 1304 1401 1348 charitate
1420 1338 1431 1357 ,

47 1394 67 1418 »
100 1378 176 1421 sed
201 1375 390 1436 perfecta
420 1376 605 1420 charitas
635 1374 749 1419 foras
780 1375 913 1419 mittit
936 1375 1178 1418 timorem1.
1208 1391 1228 1415 n
1261 1377 1359 1418 Non
1381 1375 1436 1417 de

44 1448 163 1500 omni
184 1448 338 1503 timore
359 1446 489 1501 dicit,
515 1447 616 1506 quia
638 1447 828 1490 mittitur
850 1444 963 1490 foras
982 1462 1004 1489 a
1024 1445 1234 1490 charitate
1261 1464 1270 1490 :
1301 1445 1437 1489 habes

20 1517 22 1524 ’
45 1518 159 1569 enim
182 1518 403 1562 Psalmum
425 1516 666 1561 dicentem:
692 1535 712 1558 «
739 1517 886 1560 Timor
908 1515 1083 1560 Domini
1105 1524 1247 1559 castus
1263 1531 1438 1575 perma-

47 1606 67 1630 »
100 1603 206 1632 nens
227 1589 271 1632 in
294 1587 504 1632 saeculum
522 1586 668 1631 saeculi
678 1591 711 1632 ⁴².
741 1606 760 1628 »
781 1586 903 1631 Alius
925 1602 1028 1645 ergo
1043 1587 1171 1630 timor
1189 1595 1436 1646 permanet,
1470 1599 1472 1602 ’

44 1658 150 1704 alius
184 1659 447 1704 excluditur.
476 1659 623 1703 Timor
644 1658 722 1718 qui
743 1658 991 1703 excluditur
1015 1693 1026 1713 ,
1049 1667 1191 1702 castus
1222 1674 1313 1703 non
1339 1667 1403 1702 est
1423 1677 1432 1703 :

45 1730 120 1789 qui
138 1739 281 1774 autem
302 1738 550 1789 permanet,
576 1739 716 1773 castus
740 1738 817 1773 est.
844 1730 948 1782 Quis
966 1738 1031 1773 est
1044 1729 1174 1773 timor
1195 1729 1271 1789 qui
1286 1729 1437 1773 exclu-

45 1798 190 1844 ditur?
224 1800 473 1859 Dignamini
495 1798 734 1843 advertere.
761 1799 909 1859 Aliqui
932 1809 1161 1858 propterea
1184 1809 1356 1843 tantum
1381 1800 1439 1843 ti-

20 1875 24 1938 l
44 1880 188 1925 ment,
213 1886 268 1914 ne
287 1871 452 1931 aliquid
473 1870 577 1914 mali
598 1870 643 1914 in
657 1879 770 1914 terra
785 1872 1030 1930 patiantur,
1057 1886 1111 1914 ne
1130 1870 1191 1914 illi
1215 1872 1431 1929 aegritudo

22 1946 23 1949 ’
46 1941 228 1996 accidat,
245 1957 300 1985 ne
319 1941 546 1996 damnum,
562 1957 617 1985 ne
637 1942 815 1996 orbitas,
832 1958 887 1985 ne
905 1941 1086 2002 alicujus
1105 1943 1273 1986 amissio
1296 1943 1432 1998 chari,

47 2028 100 2057 ne
121 2012 298 2057 exilium
315 2047 326 2068 ,
351 2028 407 2056 ne
437 2011 681 2067 damnatio,
707 2028 762 2056 ne
780 2028 946 2067 carcer,
988 2028 1043 2056 ne
1087 2012 1231 2072 aliqua
1252 2013 1437 2057 tribula-

47 2083 136 2140 tio,
166 2092 393 2142 propterea
416 2086 573 2126 timent
594 2092 637 2126 et
668 2092 862 2128 tremunt
889 2102 897 2127 z
923 2082 1066 2127 adhuc
1088 2083 1167 2127 iste
1190 2084 1320 2127 timor
1343 2100 1433 2129 non

48 2162 111 2197 est
131 2162 288 2198 castus.
314 2151 470 2198 Adhuc
499 2152 615 2197 audi.
642 2152 763 2197 Alius
780 2169 870 2197 non
893 2153 936 2197 in
955 2154 1036 2197 hac
1058 2163 1169 2198 terra
1187 2155 1276 2213 pati
1291 2155 1435 2210 timet,

49 2222 121 2268 sed
143 2224 361 2282 gehennas
394 2224 545 2278 timet,
572 2223 691 2267 unde
724 2224 879 2268 terruit
912 2233 955 2268 et
987 2225 1212 2269 Dominus.
1239 2225 1432 2277 Audistis

49 2309 147 2338 cum
166 2292 452 2352 Evangelium
467 2292 684 2352 legeretur
708 2313 716 2338 :
743 2312 763 2335 ι(
785 2294 869 2338 Ubi
890 2295 1048 2339 vermis
1060 2311 1211 2339 eorum
1226 2312 1313 2340 non
1338 2312 1435 2341 mo-

23 2397 26 2446 Ι
53 2381 74 2406 »
106 2364 262 2420 rietur,
296 2373 340 2408 et
374 2364 482 2422 ignis
512 2379 664 2408 eorum
693 2380 783 2409 non
809 2365 1130 2424 extinguetur-³.
1174 2384 1193 2407 »
1233 2366 1434 2411 Audiunt

49 2435 141 2480 haec
157 2435 378 2493 homines3
396 2444 440 2479 et
461 2436 562 2495 quia
581 2451 679 2480 vere
699 2435 850 2480 futura
871 2441 973 2480 'sunt
993 2437 1159 2496 impiis,
1184 2438 1369 2496 timent3
1391 2448 1435 2482 et

98 2525 107 2543 ¹
131 2531 144 2552 ι
163 2521 254 2553 Joan.
273 2530 323 2561 iv,
340 2520 394 2552 18.
413 2536 455 2543 -
475 2526 488 2542 ²
507 2518 590 2551 Psal.
606 2527 702 2561 xvur,
719 2530 771 2552 10.
790 2537 834 2543 —-
858 2518 872 2542 ³
894 2522 1000 2553 Marc.
1017 2532 1063 2562 lx,
1081 2520 1136 2561 43.
