1815 3253
374 202 458 241 370
807 213 841 238 ε.
876 210 1106 240 Aucus-nm
1138 213 1318 240 muscum

370 278 498 332 dicit,
528 293 548 318 «
583 275 850 321 Emendabit
870 291 940 320 me
971 278 1129 336 justus.
1162 295 1183 319 »
1217 279 1324 331 Quis
1359 277 1502 337 justus
1537 287 1580 322 te
1600 291 1765 323 emen-⁴

369 346 551 391 daturus
584 347 672 390 est?
706 348 851 404 Caput
882 345 1085 390 emendat
1113 347 1257 390 omnia
1290 346 1498 391 membra.
1545 366 1565 389 «
1595 351 1754 393 Emen-

372 435 393 458 »
428 416 552 461 dabit
569 431 637 460 me
652 417 794 475 justus
811 415 857 458 in
869 415 1160 460 misericordia
1176 451 1187 471 ‚
1212 426 1256 460 et
1271 426 1425 475 arguet
1436 432 1521 461 me.
1546 435 1566 459 »
1588 421 1754 477 Arguet

369 486 445 531 sed
474 487 520 530 in
548 485 842 531 misericordia
873 495 1077 544 :arguet,
1112 485 1295 531 sednon
1318 487 1410 531 odit
1435 501 1444 528 ε
1472 496 1515 531 et
1545 503 1596 532 eo
1619 489 1754 546 magis

356 550 543 616 arguet,
583 557 685 616 quia
713 571 803 600 non
836 555 943 599 odit.
964 558 1021 599 Et
1050 556 1128 599 iste
1157 571 1291 615 quare
1320 556 1422 600 inde
1452 558 1606 615 gratias
1638 558 1754 617 agit?

367 627 479 681 Quia
495 662 506 682 ,
528 645 549 668 «
572 626 752 685 Corripe
768 624 1008 684 sapientem
1023 660 1034 680 ,
1060 634 1104 669 et
1122 626 1284 669 amabit
1295 628 1379 670 tel.
1401 627 1664 671 Emendabit
1685 643 1755 671 me

368 716 388 739 »
420 699 564 757 justus
590 715 599 740 :
624 714 644 737 »
665 695 766 756 quia
789 695 1064 754 persequitur
1077 696 1247 740 P-Absit.
1270 697 1350 740 Hic
1363 705 1426 740 est
1442 698 1585 756 potius
1599 713 1755 742 emen-

367 766 561 821 dandus,
587 766 621 810 si
642 764 743 810 odio
771 764 989 809 emendat.
1019 769 1159 817 Quare
1181 777 1284 824 ergo
1305 765 1535 810 emendat?
1560 785 1579 808 (ι
1605 769 1656 810 In
1679 768 1754 810 mi-

369 854 389 878 »
425 835 669 880 sericordia.
707 837 764 878 Et
789 842 941 892 arguet
965 848 1049 877 me.
1088 852 1108 875 »
1145 838 1196 878 In
1221 837 1339 894 quo?
1364 838 1415 878 In
1447 836 1751 880 misericordia.

369 926 390 950 «
424 906 581 951 Oleum
593 914 738 950 autem
753 905 989 964 peccatoris
1004 921 1093 949 non
1107 906 1398 964 impinguabit
1410 915 1541 966 caput
1557 896 1718 951 meum.
1730 925 1751 949 »

365 977 483 1031 Quid
515 986 600 1031 est,
647 995 668 1017 «
703 973 859 1018 Oleum
897 975 1135 1033 peccatoris
1171 988 1261 1019 non
1291 975 1586 1034 impinguabit
1621 985 1755 1036 caput

367 1066 388 1090 »
423 1047 599 1091 meum?
625 1047 758 1091 »Non
778 1054 1080 1103 crescetcaput
1098 1057 1246 1088 meum
1260 1044 1314 1088 de
1334 1045 1600 1090 adulatione.-
1628 1047 1769 1091 Falsa'

364 1118 460 1161 laus
479 1115 672 1160 adulatio
693 1123 757 1157 est
789 1112 926 1158 :falsa
953 1113 1047 1158 laus
1075 1114 1333 1168 adulatoris,
1368 1115 1450 1158 hoc
1483 1124 1571 1170 est,
1606 1115 1754 1162 oleum

366 1203 494 1247 pecca
502 1186 619 1230 toris.
639 1189 872 1243 Propterea
883 1185 1130 1228 ethomincs
1146 1220 1157 1239 ,
1174 1200 1275 1229 cum
1304 1184 1408 1228 falsa
1421 1185 1551 1229 laude
1566 1186 1754 1247 aliquem

366 1257 591 1309 irriserint,
611 1256 695 1298 hoc
717 1254 845 1297 etiam
864 1253 918 1296 de
937 1253 1012 1297 illo
1026 1255 1198 1308 dicunt,
1219 1254 1329 1298 Unxi
1353 1254 1417 1297 illi
1435 1265 1580 1314 caput.
1599 1261 1766 1302 Amate‘

368 1342 471 1385 ergo
493 1325 616 1384 argui
647 1339 670 1367 a
696 1324 814 1383 justo
860 1323 905 1365 in
935 1323 1227 1367 misericordia
1249 1358 1260 1378 ,
1299 1323 1434 1368 nolite
1467 1340 1570 1383 ergo
1611 1339 1755 1372 amare

364 1396 534 1442 laudari
555 1411 579 1438 a
601 1402 827 1453 peccatore
849 1407 950 1435 cum
966 1392 1176 1437 irrisione.
1201 1393 1417 1438 Habetote
1437 1394 1582 1439 oleum
1604 1397 1753 1441 vobis-

365 1482 492 1520 cum,
517 1474 560 1509 et
581 1479 671 1507 non
699 1462 899 1522 quaeretis
932 1461 1077 1505 oleum
1101 1463 1352 1522 peccatoris.
1388 1465 1610 1523 Sapientes
1638 1467 1754 1511 enim

365 1537 453 1581 illae
476 1534 664 1592 virgines
686 1546 834 1575 secum
857 1531 1090 1590 portabant
1119 1532 1265 1576 oleum
1291 1552 1300 1577 ε
1326 1535 1538 1592 sapientes
1567 1535 1755 1594 virgines

365 1620 514 1652 secum
537 1603 683 1648 oleum
700 1601 982 1661 portabant2,
1006 1601 1051 1645 id
1071 1611 1156 1656 est,
1182 1603 1444 1646 conscientia
1473 1602 1646 1648 illarum
1673 1604 1755 1648 illis

365 1673 662 1720 testimonium
687 1671 957 1730 perhibebat.
983 1670 1140 1714 Oleum
1162 1671 1294 1729 gloria
1323 1681 1412 1727 est,
1448 1671 1613 1731 fulget,
1645 1675 1755 1718 nitet
1776 1709 1778 1713 .

363 1746 411 1790 in
431 1742 676 1804 superficie.
701 1740 785 1786 Sed
810 1741 922 1784 bona
941 1739 1070 1784 debet
1094 1756 1181 1784 esse
1195 1740 1327 1798 gloria
1349 1776 1360 1795 ,
1394 1751 1438 1785 et
1458 1757 1559 1786 vera
1588 1742 1723 1801 gloria
1738 1778 1750 1798 ‚

366 1825 417 1861 ut
437 1815 499 1858 ibi
516 1813 699 1857 sitintus
720 1811 766 1853 in
783 1810 893 1854 vasis
913 1810 1016 1853 suis.
1036 1811 1152 1854 Audi
1169 1810 1276 1870 quid
1295 1820 1358 1854 est
1378 1811 1425 1854 in
1447 1812 1555 1855 vasis
1578 1831 1586 1856 z
1611 1831 1631 1854 «
1651 1816 1754 1857 Pro-

369 1905 392 1929 »
427 1887 502 1930 bct
520 1893 665 1928 autem
686 1897 729 1925 se
746 1882 899 1934 homo,
927 1890 970 1924 et
991 1889 1098 1925 tunc
1129 1881 1174 1924 in
1195 1881 1426 1940 semetipso
1456 1882 1636 1927 habebit
1659 1883 1755 1941 glo-

369 1975 391 2000 »
426 1956 535 2000 riam
555 1989 565 2009 ‚
594 1961 638 1997 et
654 1952 805 1996 nonin
825 1950 959 1994 altero
977 1952 1009 1993 3.
1038 1969 1057 1992 »
1083 1950 1199 2004 Quid
1220 1961 1283 1994 est
1303 1951 1350 1994 in
1368 1951 1476 1995 vasis
1498 1951 1615 1995 suis?
1637 1951 1771 1996 Audi

366 2028 511 2087 ipsum
542 2022 802 2083 Apostolum
828 2039 836 2065 :
867 2039 887 2062 «
918 2023 1027 2066 Nam
1050 2020 1184 2079 gloria
1209 2030 1356 2065 nostra
1378 2022 1472 2065 haec
1509 2030 1571 2065 est
1592 2056 1603 2076 ,
1631 2023 1753 2066 testi—

370 2117 392 2141 »
428 2096 624 2142 monium
643 2091 918 2138 conscientiae
935 2093 1133 2135 nostrae&
1159 2111 1176 2132 »

426 2170 525 2213 XV.
544 2170 766 2210 Postremo
783 2162 885 2221 quia
902 2163 948 2204 in
969 2176 1147 2220 corpore
1164 2162 1322 2206 Christi
1344 2171 1422 2216 est,
1440 2171 1484 2206 et
1496 2162 1638 2207 adhuc
1655 2179 1754 2223 por-

368 2249 433 2284 tas
464 2234 773 2281 mortalitatem
795 2230 1028 2291 quamdam
1054 2251 1062 2275 z
1085 2241 1132 2274 tu
1163 2232 1240 2274 tibi
1264 2240 1355 2275 esto
1374 2233 1515 2291 justus
1532 2267 1542 2285 ,
1569 2243 1612 2276 ct
1633 2233 1678 2276 in
1710 2242 1754 2277 te
1787 2250 1815 2296 ,d

368 2319 460 2353 esto
492 2308 648 2366 justus.
695 2305 900 2345 Peccator
941 2316 1005 2355 eS‚
1032 2301 1202 2344 vindica
1224 2301 1267 2344 in
1303 2310 1372 2356 te3
1411 2301 1503 2344 redi
1532 2301 1587 2345 ad
1623 2318 1750 2346 cons—
1771 2291 1815 2376 im

368 2377 569 2424 cientiam
592 2383 708 2417 tuam
727 2406 737 2426 ,
758 2371 877 2429 exige
899 2371 952 2413 de
976 2379 1018 2413 te
1045 2386 1219 2429 poenas,
1255 2371 1398 2414 crucia
1430 2380 1473 2414 te
1501 2372 1658 2430 ipsum.
1688 2375 1752 2417 Ita
1780 2377 1815 2433 «tv

369 2451 485 2495 enim
518 2444 648 2490 offers
670 2442 926 2487 sacrificium
950 2444 1055 2485 Deo.
1087 2459 1106 2482 «
1138 2441 1249 2494 Quia
1279 2440 1314 2484 si
1345 2440 1550 2486 voluisses
1594 2442 1750 2486 sacrifi·
1770 2444 1815 2505 im

420 2539 428 2555 1
450 2533 543 2563 psov.
563 2536 608 2569 ιι,
625 2526 657 2559 8.
677 2539 718 2549 -·
738 2530 751 2548 ³
769 2523 882 2556 Matth.
903 2532 980 2565 xxv,
999 2522 1030 2564 4.
1052 2538 1092 2546 -
1113 2521 1126 2547 ³
1150 2521 1219 2556 Gal.
1239 2532 1285 2564 v1‚
1302 2521 1336 2565 4.
1357 2537 1399 2547 -
1415 2521 1433 2549 6
1450 2530 1470 2557 2
1487 2524 1559 2557 Cor.
1579 2534 1605 2565 1,
1625 2532 1675 2557 12,

1748 2602 1754 2754 f

1744 2923 1748 3020 ἒ

1739 3046 1746 3253 J
