1815 3253
387 221 630 252 ENARRATIO
663 225 708 252 IN
742 222 943 252 PsALMUM
975 225 1088 252 CXLI·
1365 213 1451 252 389

0 279 6 286 ’
59 290 176 335 niam
198 292 312 335 Deus
328 288 463 350 judex
484 298 548 334 est
566 292 595 334 ¹.
620 309 640 331 »
661 291 703 336 Si
719 300 866 335 autem
883 289 1016 351 judex
1040 298 1129 346 est,
1149 290 1324 350 qualem
1347 306 1452 336 cau-

0 349 7 378 ³
59 376 148 405 sam
166 376 287 420 geras
303 361 348 404 in
370 361 501 405 corde
524 369 600 405 tuo
616 396 627 416 ‚
651 360 765 406 vide.

117 432 172 475 V.
203 450 223 473 «
250 430 490 475 Effundam
513 440 614 476 ante
632 446 731 475 eum
746 446 919 491 precem
933 446 1074 476 meam
1092 426 1452 476 :tribulationem

62 519 84 544 »
119 517 261 546 meam
283 502 329 546 in
351 512 588 562 conspectu
615 504 706 563 ejus
727 502 1040 547 annuntiabo2.
1069 520 1090 544 »
1117 502 1336 562 Repetitio
1358 512 1422 548 est
1437 538 1448 559 ,

0 572 6 580 '
57 581 100 616 et
131 573 177 616 in
193 573 488 633 superioribus
510 573 683 618 duobus
705 573 922 628 versibus,
948 581 992 618 et
1018 573 1065 617 in
1086 573 1152 617 his
1179 588 1452 634 consequen-

0 645 15 656 '‘
56 643 202 701 tibus3
228 643 454 687 sententiae
487 643 587 688 duae
620 652 747 698 sunt,
790 642 866 688 sed
894 652 1082 704 utraque
1108 643 1173 688 bis
1197 642 1327 689 dicta.
1356 646 1450 689 Una

0 715 6 724 '
55 724 119 759 est
139 714 235 769 illa,
265 734 284 757 «
305 717 424 760 Voce
451 730 548 759 mea
571 714 627 760 ad
648 715 883 760 Dominum
914 714 1119 770 clamavi,
1148 730 1256 759 voce
1277 730 1372 759 mea
1395 713 1451 759 ad

0 840 4 853 ι
57 803 78 827 »
116 786 354 830 Dominum
384 785 641 846 deprecatus
670 801 783 831 sum.
812 804 832 827 »
859 785 1008 830 Altera
1028 795 1116 842 est,
1152 804 1173 828 «
1207 785 1449 830 Effundam

0 869 6 877 ¹
56 873 78 898 »
113 865 214 900 ante
231 872 332 901 eum
354 872 528 916 precem
551 873 693 902 meam
707 892 718 913 ‚
746 856 1073 901 tribulationem
1090 872 1233 902 meam
1255 857 1301 902 in
1319 873 1449 902 cons-

56 944 77 968 »
112 936 244 986 pectu
267 928 358 987 ejus
380 928 671 973 annuntiabo.
692 947 712 970 »
735 927 866 981 Quod
888 928 1005 973 enim
1022 937 1108 984 est,
1128 946 1149 971 «
1163 931 1279 973 Ante
1292 943 1391 973 eum
1405 946 1446 987 3»

0 1010 2 1020 ·
52 997 136 1042 hoc
158 1006 244 1053 est,
280 1017 299 1040 «
333 1000 385 1040 In
406 1007 645 1057 conspectu
680 999 773 1058 ejus
799 1018 809 1043 ε
836 1016 857 1040 »
884 1007 928 1043 et
949 998 1068 1058 quod
1092 1007 1181 1054 est,
1221 1017 1242 1042 «
1269 1002 1449 1043 Precem

0 1063 4 1072 '
54 1086 75 1110 »
111 1083 253 1112 meam
286 1067 511 1112 effundam
530 1089 541 1126 3
580 1086 600 1109 »
638 1069 722 1113 hoc
756 1078 819 1113 est
838 1104 849 1124 ‚
891 1088 912 1111 «
939 1069 1284 1114 Tribulationem
1306 1085 1449 1114 meam

0 1145 5 1155 '
55 1157 76 1181 »
112 1140 401 1184 annuntiabo.
429 1157 449 1180 »
477 1137 664 1192 Quando
686 1139 770 1183 hoc
792 1138 927 1184 facis?
964 1142 1016 1184 In
1038 1140 1340 1199 persecutione
1366 1155 1449 1200 po-

0 1225 2 1233 ’
51 1210 157 1254 situs
179 1209 376 1271 loquitur
403 1229 411 1255 ;
436 1229 456 1252 «
482 1213 596 1254 Dum
614 1208 895 1254 defecitame
911 1210 1086 1270 spiritus
1108 1226 1245 1256 meus.
1271 1227 1291 1252 »
1309 1215 1450 1264 Quare

51 1279 214 1325 defecit
237 1281 411 1340 spiritus
440 1289 542 1324 tuus
557 1315 568 1335 ,
594 1296 620 1324 o
642 1283 810 1338 Martyr
832 1281 877 1324 in
898 1281 1181 1326 tribulatione
1203 1281 1373 1341 posite?
1392 1284 1450 1326 Ut

0 1349 3 1377 ²
50 1367 141 1396 non
154 1352 260 1396 mihi
273 1367 471 1411 arrogem
484 1353 595 1396 vires
609 1367 742 1407 meas,
754 1361 804 1396 ut
815 1352 947 1396 sciam
959 1351 1079 1413 quod
1089 1352 1198 1397 alius
1208 1353 1254 1396 in
1267 1368 1338 1396 me
1349 1368 1448 1413 ope-

0 1446 1 1452 =
51 1432 171 1467 ratur
193 1423 329 1482 ipsam
342 1423 565 1467 virtutem.
592 1441 611 1465 «
633 1425 745 1468 Cum
763 1432 909 1467 autem
928 1439 1002 1467 vos
1017 1421 1192 1468 tradent
1204 1423 1445 1484 judicibus,

0 1514 3 1519 >
51 1512 72 1535 »
109 1494 198 1551 (sic
220 1494 392 1538 monuit
424 1494 634 1538 Dominus
658 1509 775 1554 quos·
789 1497 1004 1552 Martyres
1034 1495 1178 1539 facere
1204 1493 1381 1539 volebat
1398 1530 1409 1548 ‚
1430 1497 1448 1553 )

0 1572 2 1580 '
52 1583 72 1607 »
108 1565 244 1609 nolite
261 1566 450 1623 cogitare
472 1564 579 1626 quid
601 1564 870 1625 loquamini3
893 1581 983 1609 non
1001 1566 1117 1609 enim
1141 1580 1216 1609 vos
1248 1565 1348 1609 estis
1370 1566 1447 1626 qui

52 1653 73 1677 »
107 1635 360 1695 loquimini,
392 1635 469 1680 sed
503 1635 687 1694 Spiritus
722 1635 860 1679 Patris
896 1636 1026 1680 vestri
1056 1636 1132 1696 qui
1169 1634 1367 1696 loquitur
1400 1637 1447 1682 in

0 1713 3 1721 '
51 1724 72 1748 »
107 1706 231 1751 vobis
249 1707 280 1750 ³.
310 1725 329 1748 »
347 1709 465 1765 Ergo
487 1705 662 1750 deficiat
679 1706 853 1765 spiritus
875 1715 977 1750 tuus
993 1741 1004 1761 ,
1024 1705 1232 1767 loquatur
1259 1706 1446 1765 Spiritus

0 1800 1 1809 π
48 1777 142 1822 Dei.
164 1778 320 1822 Merito
343 1793 414 1822 eos
443 1792 654 1837 pauperes
685 1776 828 1821 facere
849 1776 1024 1822 volebat
1057 1777 1211 1837 spiritu
1237 1796 1247 1822 :
1277 1795 1297 1819 «
1323 1778 1446 1822 Beati

0 1856 2 1863 ·
51 1866 72 1890 »
107 1863 319 1907 pauperes
340 1848 519 1907 spiritu,
544 1847 752 1907 quoniam
770 1848 965 1907 ipsorum
998 1857 1063 1891 est
1092 1862 1276 1905 regnum
1302 1847 1445 1892 coelo-

50 1937 71 1961 »
108 1919 248 1963 rum⁴.
272 1919 427 1962 »Beati
449 1934 552 1977 ergo
573 1933 786 1978 pauperes
805 1918 961 1978 spiritu
982 1934 1084 1974 suo,
1099 1918 1253 1962 divites
1278 1918 1444 1978 Spiritu

0 1998 2 2006 '
48 1989 142 2034 Dei.
164 1989 316 2033 Omnis
340 1989 456 2032 enim
477 1989 611 2033 homo
631 1989 707 2049 qui
728 1989 930 2048 spiritum
958 2004 1087 2033 suum
1109 1990 1306 2050 sequitur
1320 2025 1332 2045 ‚
1367 2005 1442 2034 su-

0 2064 1 2084 ³
47 2059 208 2120 perbus
227 2069 305 2104 est.
329 2058 499 2104 Subdat
513 2060 714 2119 spiritum
731 2075 859 2104 suum
872 2095 883 2115 ‚
900 2069 950 2105 ut
961 2060 1103 2120 capiat
1119 2060 1327 2119 Spiritum
1344 2060 1440 2105 Dei.

0 2139 2 2149 '
49 2130 149 2174 Ibat
169 2130 215 2173 in
238 2129 413 2174 culmen
429 2165 439 2185 ‚
465 2129 624 2174 residat
644 2131 690 2174 in
710 2130 838 2175 valle.
869 2131 910 2175 Si
933 2130 1031 2175 ierit
1060 2130 1106 2174 in
1129 2130 1307 2175 culmen
1326 2165 1337 2186 ‚
1365 2130 1443 2175 de-

0 2203 2 2230 Ᾰ
48 2209 170 2245 natat
192 2201 247 2244 ab
278 2199 354 2244 illo
382 2216 494 2260 aqua
522 2220 531 2245 ε
558 2201 591 2244 si
618 2200 665 2245 in
684 2200 796 2245 valle
827 2200 1057 2256 resederit,
1088 2200 1345 2261 implebitur
1366 2217 1438 2257 ea,

0 2283 2 2290 ’
49 2280 93 2316 et
115 2272 165 2314 fit
185 2271 257 2314 ille
271 2280 423 2314 venter
445 2270 499 2314 de
516 2287 605 2330 quo
622 2271 790 2316 dictum
812 2281 898 2328 est,
920 2291 940 2315 «
960 2271 1163 2316 Flumina
1185 2288 1311 2332 aquae
1331 2271 1443 2317 vivae

51 2360 72 2384 »
108 2342 247 2386 ssuent
262 2341 316 2385 de
338 2351 488 2386 ventre
505 2343 638 2402 ejus⁵.
667 2361 687 2383 »
706 2346 823 2402 Ergo
837 2379 847 2398 ‚
870 2362 890 2386 «
911 2347 1024 2387 Dum
1040 2342 1200 2387 defecit
1214 2359 1237 2386 a
1266 2358 1336 2386 me
1351 2343 1442 2403 spi-

52 2432 73 2456 »
107 2414 215 2458 ritus
238 2428 385 2468 meus,
409 2413 454 2456 in
477 2422 714 2473 conspectu
731 2423 807 2458 tuo
833 2414 1089 2459 annuntiavi
1113 2413 1439 2459 tribulationem

97 2516 105 2532 ¹
125 2509 205 2541 Psal.
226 2521 336 2549 mxiv,
359 2520 390 2551 7.
408 2527 449 2534 -ν
472 2516 484 2532 ²
505 2508 760 2551 hl.cx1.1,4.—
781 2507 794 2533 3
815 2510 928 2544 Manli.
948 2521 979 2552 x,
1000 2522 1049 2552 19,
1070 2519 1124 2542 20.
1144 2527 1186 2533 —
1202 2508 1280 2544 4111.
1295 2520 1329 2548 v,
1346 2509 1375 2541 3.
1398 2526 1438 2531 »-

51 2564 64 2587 5
83 2568 174 2598 Joan.
191 2577 251 2607 vn,
274 2566 325 2596 38.
