1815 3253
308 215 394 255 470
741 223 775 254 s.
811 222 1043 254 mausum
1073 227 1255 255 zmscom

304 293 356 337 lis
378 308 477 352 quae
493 291 651 351 pateris
668 325 679 346 ‚
698 293 814 336 Deus
836 290 916 334 tibi
935 306 1021 335 non
1045 289 1258 350 displicet.
1285 293 1379 336 Hoc
1405 300 1469 336 est
1484 291 1686 337 invocare
1741 286 1744 289 ’
1768 281 1771 290 ¹*

305 367 443 408 Deum
466 363 511 406 in
528 363 723 407 veritate.
761 362 841 414 Qui
876 361 935 405 sic
974 361 1178 405 invocant
1209 361 1444 406 Dominum
1462 396 1474 416 ‚
1509 362 1687 406 exaudit

305 449 377 478 eos
400 453 408 478 :
431 453 451 476 «
474 437 614 492 Prope
636 441 715 488 est,
738 449 759 473 »
784 431 830 475 id
841 440 926 486 est,
944 430 1141 475 nondum
1159 430 1279 477 dedit
1304 431 1425 492 quod
1439 433 1517 485 vis,
1537 432 1599 476 ibi
1622 441 1687 477 est

303 501 703 556 tamen.Quomod0
717 500 912 546 medicus
927 501 961 544 si
975 500 1088 544 forte
1099 500 1263 561 aliquid
1277 503 1472 561 imponat
1482 501 1551 546 vel
1559 501 1688 547 oculo

302 573 373 619 vel
384 573 633 628 visceribus,
648 572 768 633 quod
780 571 948 616 urendo
963 580 1099 626 sanet,
1117 573 1148 615 si
1162 582 1284 631 roget
1303 589 1417 632 aeger
1438 581 1488 617 ut
1509 573 1688 617 tollatur

302 645 389 698 illi,
411 644 602 688 medicus
620 651 816 702 expectat
833 651 1003 701 tempus
1019 677 1030 697 ‚
1050 658 1140 686 non
1153 641 1257 688 facit
1270 644 1389 703 quod
1403 653 1524 701 rogat
1542 658 1658 702 aeger
1673 664 1685 701 3

303 731 394 759 non
415 723 562 758 tamen
598 712 778 758 recedit.
805 715 861 757 Et
886 728 1019 772 prope
1052 721 1141 766 est,
1179 721 1222 756 et
1242 728 1332 757 non
1362 712 1465 758 facit
1493 732 1501 758 :
1523 722 1566 757 et
1587 714 1686 758 ideo

301 784 436 841 magis
458 799 546 827 non
576 782 677 827 facit
691 818 702 839 ‚
727 782 829 842 quia
851 798 987 842 prope
1004 791 1082 826 est.
1103 782 1310 828 Curando
1332 782 1449 826 enim
1481 782 1689 841 imposuit

303 853 424 914 quod
447 854 675 913 imposuit,
697 862 740 896 et
754 853 948 896 curando
962 868 1052 897 non
1065 851 1166 896 facit
1182 854 1301 912 quod
1316 861 1507 912 rogatur.
1532 856 1627 898 Non
1646 861 1688 896 te

303 922 478 968 exaudit
500 922 554 967 ad
576 931 835 982 praesentem
850 922 1123 966 voluntatem
1144 938 1188 966 se
1205 922 1476 967 exaudiendo
1494 922 1549 966 ad
1567 922 1690 966 futu-

302 1009 396 1038 ram
413 994 662 1051 sanitatem3
679 1002 723 1037 et
734 993 817 1037 h'oc
844 993 996 1053 utique
1013 992 1069 1036 ad
1092 992 1378 1038 voluntatem.
1405 996 1510 1039 Nam
1535 993 1689 1052 utique

303 1080 432 1110 sanus
451 1080 541 1109 esse
564 1063 676 1120 vult,
693 1064 822 1108 etiam
835 1063 911 1123 qui
923 1063 990 1107 uri
1002 1079 1092 1108 non
1102 1063 1212 1111 vult.
1230 1067 1400 1123 «Prope
1413 1073 1476 1108 est
1488 1079 1589 1121 ergo
1604 1066 1691 1107 Do-

307 1152 328 1176 »
363 1135 509 1178 minus
528 1134 731 1179 omnibus
749 1133 1053 1178 invocantibus
1070 1149 1216 1178 eum.»
1234 1134 1317 1179 Sed
1330 1134 1490 1193 quibus
1509 1134 1691 1177 «Omni-

306 1223 328 1247 »
350 1205 461 1249 bus?
483 1204 787 1264 Omnibus'qui
807 1204 1013 1249 invocant
1030 1220 1133 1248 eum
1154 1205 1199 1248 in
1213 1205 1407 1249 veritate.
1423 1204 1578 1247 »Tales
1596 1218 1691 1248 orn·-

305 1290 381 1319 nes
394 1276 624 1319 confirmat
637 1274 903 1329 decidentes,
933 1292 953 1316 «
971 1275 1056 1327 Qui
1072 1280 1274 1319 invocant
1289 1290 1389 1318 eum
1404 1275 1450 1318 in
1461 1274 1686 1318 veritate.»

362 1349 533 1390 XXIII.
565 1364 585 1388 «
616 1345 900 1389 Voluntatem
934 1345 1185 1390 timentium
1207 1361 1251 1389 se
1284 1345 1426 1390 faciet.
1457 1363 1477 1386 »
1512 1348 1659 1389 Faciet
1676 1379 1698 1399 ‚¹

303 1417 433 1462 faciet
461 1436 470 1461 ε
496 1416 575 1461 etsi
596 1432 685 1460 non
703 1415 830 1460 faciat
842 1415 897 1460 ad
918 1416 1092 1471 horam,
1115 1415 1243 1460 saciet
1279 1426 1439 1460 tamen.
1473 1418 1601 1460 Certe
1620 1450 1631 1470 ,
1657 1416 1691 1460 si

303 1489 403 1533 ideo
424 1489 549 1532 times
569 1491 710 1532 Deum
727 1522 738 1542 ,
763 1496 814 1531 ut
838 1496 883 1531 tu
901 1485 1031 1531 facias
1053 1487 1186 1546 ipsius
1202 1486 1469 1532 voluntatem
1486 1522 1497 1541 ‚
1523 1502 1622 1531 ecce
1649 1495 1692 1531 et

302 1560 394 1618 ipse
416 1557 606 1618 quodam
626 1556 758 1602 modo
775 1557 991 1601 ministrat
1012 1557 1093 1602 tibi
1107 1592 1118 1612 ‚
1138 1555 1241 1601 facit
1261 1556 1531 1601 voluntatem
1552 1566 1687 1601 tuam.

302 1632 361 1674 Et
381 1643 530 1688 preces
554 1643 704 1672 eorum
727 1628 928 1671 exaudiet
951 1662 962 1682 ‚
990 1636 1034 1671 et
1057 1626 1195 1672 salvos
1221 1626 1351 1671 faciet
1372 1642 1443 1671 eos
1458 1629 1488 1670 1.
1517 1644 1537 1668 »
1562 1625 1692 1670 ‘Vides

304 1700 359 1744 ad
382 1700 464 1744 hoc
482 1699 685 1743 exaudire
705 1698 927 1743 medicum
944 1733 955 1754 ,
975 1707 1026 1742 ut
1048 1698 1185 1743 salvos
1202 1698 1346 1742 faciat.
1368 1698 1554 1751 Quando
1578 1698 1691 1743 hoc?

305 1768 421 1814 Audi
443 1768 704 1828 Apostolum
722 1767 941 1812 dicentem
963 1786 973 1813 :
995 1787 1016 1811 «
1039 1770 1122 1828 Spe
1138 1768 1255 1812 enim
1271 1767 1376 1813 salvi
1389 1767 1491 1812 facti
1511 1782 1659 1812 sumus
1678 1783 1687 1809 :

302 1858 327 1894 ⁴»
363 1855 457 1898 spes
474 1848 621 1883 autem
645 1854 745 1898 quae
766 1837 962 1894 videtur,
988 1854 1075 1883 non
1100 1847 1164 1883 est
1185 1854 1279 1898 spes
1306 1858 1315 1883 ε
1336 1839 1370 1882 si
1391 1847 1536 1882 autem
1569 1837 1691 1898 quod

306 1927 328 1952 »
363 1924 453 1953 non
476 1907 673 1953 videmus
690 1923 935 1968 speramus,
955 1924 1033 1968 per
1053 1909 1306 1967 patientiam
1323 1910 1643 1968 expectamu52.
1665 1925 1686 1948 »

306 1979 500 2024 Salutem
522 1978 705 2034 scilicet,
731 1994 865 2039 quam
884 1978 991 2024 dicit
1029 1982 1181 2024 Petrus
1203 1988 1398 2038 paratam
1433 1977 1613 2022 revelari
1643 1977 1690 2021 in

303 2058 501 2108 tempore
522 2049 777 2094 novissim0³
790 2083 800 2093 .
1279 2059 1281 2068 ‘

361 2115 524 2164 XXIV.
541 2139 560 2163 «
577 2122 607 2165 C
616 2120 778 2164 ustodit
789 2119 999 2164 Dominus
1011 2133 1160 2163 omnes
1171 2117 1399 2177 diligentes
1412 2133 1472 2172 se,
1484 2126 1527 2161 et
1541 2132 1690 2162 omnes

303 2207 325 2230 »
359 2199 606 2248 peccatores
619 2189 854 2248 disperdet.
870 2207 890 2229 »
908 2188 1074 2233 Videtis
1088 2188 1188 2248 quia
1200 2198 1263 2234 est
1279 2187 1397 2247 apud
1415 2203 1516 2232 eum
1529 2188 1689 2233 severi-

301 2258 381 2314 tas,
394 2260 510 2319 apud
519 2275 649 2319 quem
662 2269 781 2303 tanta
793 2258 992 2303 suavitas.
1008 2257 1153 2305 Salvos
1167 2258 1294 2304 faciet
1309 2274 1457 2304 omnes
1470 2268 1688 2318 sperantes

301 2330 347 2373 in
361 2344 421 2383 se,
438 2344 587 2373 omnes
602 2328 766 2384 fideles,
792 2344 940 2374 omnes
964 2330 1163 2374 timentes
1183 2345 1242 2383 se,
1264 2345 1414 2374 omnes
1438 2330 1688 2373 invocantes

301 2415 345 2443 se
366 2400 418 2442 in·
434 2399 614 2443 veritate
639 2418 647 2443 :
677 2418 696 2441 «
717 2402 773 2444 Et
794 2415 943 2443 omnes
964 2408 1212 2458 peccatores
1234 2399 1495 2458 disperdet&
1526 2417 1545 2439 »
1573 2403 1688 2451 Quos

305 2488 325 2511 «
341 2470 501 2513 Omnes
515 2478 804 2528 peccatores‚»
812 2469 891 2513 nisi
905 2478 1227 2528 perseverantes
1241 2469 1286 2512 in
1302 2469 1507 2528 peccatis3
1529 2472 1683 2524 Deum,

350 2559 358 2576 ¹
377 2552 454 2585 Psal.
472 2563 579 2594 cxmv,
604 2555 704 2586 19.—
724 2560 737 2576 ²
758 2553 854 2586 Rom.
871 2564 945 2595 vm,
964 2552 1066 2594 24—
1086 2551 1100 2576 3
1120 2564 1133 2586 1
1150 2554 1235 2587 Petr.
1252 2563 1275 2594 1,
1295 2551 1399 2586 5.-4
1417 2552 1498 2587 Psal.
1515 2561 1680 2594 ex111v‚2o.
