1815 3253
386 189 630 221 mannum
662 193 707 221 m
739 192 943 222 PsALMUM
973 194 1071 222 cxi..
1346 185 1431 225 383

48 274 69 300 >1
102 257 242 302 donec
283 259 524 301 transeam?
556 275 576 299 »
601 257 708 318 quid
730 267 794 303 est
830 258 950 320 quod
983 259 1294 319 exposuimus?
1317 263 1359 307 Si
1388 262 1433 306 in

8 325 9 329 ’
45 328 288 374 telleximus
306 363 317 383 ,
345 327 521 372 attende
545 328 680 387 ipsius
702 330 835 374 verba
864 330 910 374 in
935 330 1199 389 Evangelio:
1233 335 1404 377 «Amen
1420 368 1431 388 ,

47 416 69 440 »
103 412 229 442 amen
250 399 348 442 dico
371 399 492 444 vobis
512 433 523 454 ,
549 399 714 459 inquit,
740 399 821 444 nisi
842 411 1025 457 granum
1048 397 1257 445 frumenti
1276 401 1436 448 cadens

47 483 68 510 »
102 469 146 512 in
164 476 324 512 terram
352 478 576 513 mortuum
598 467 731 514 fuerit
747 505 758 525 ,
778 469 920 530 ipsum
938 468 1078 514 solum
1101 480 1273 527 manet3
1298 471 1332 515 si
1354 488 1436 517 au·-

47 555 69 580 »
102 547 190 582 tem
211 548 434 583 mortuum
446 538 580 583 fuerit
596 575 606 595 ,
622 539 812 584 multum
836 538 1030 584 fructum
1054 539 1195 585 affert.
1219 559 1240 582 »
1263 544 1356 586 Hoc
1376 543 1437 586 ibi

43 608 130 663 ait,
149 609 226 652 ubi
244 609 374 652 etiam
396 607 528 663 dixit,
555 628 575 651 «
601 611 713 654 Cum
736 609 946 654 exaltatus
964 609 1087 655 fuero
1114 627 1138 655 a
1167 619 1280 655 terra
1297 647 1307 666 ,
1338 627 1436 656 om-

46 697 69 721 »
101 679 172 722 nia
192 679 361 723 traham
376 678 430 723 ad
444 694 514 723 me
526 681 669 739 ipsum
681 682 712 723 ¹.
727 680 817 725 Nisi
836 695 1019 739 granum
1033 680 1259 738 frumenti,
1275 683 1434 742 inquit,

45 764 66 790 n
101 748 259 794 cadens
276 749 323 792 in
344 758 502 793 terram
524 760 747 794 mortuum
766 748 920 804 fuerit,
940 751 1083 809 ipsum
1103 750 1244 796 solum
1264 762 1435 810 manet,

45 835 68 860 n
101 818 135 862 si
177 826 323 862 autem
357 829 580 863 mortuum
613 818 764 874 fuerit,
804 819 996 864 multum
1019 821 1211 866 fructum
1242 822 1384 866 affert.
1414 842 1434 864 »

42 890 158 946 Ergo
175 887 237 931 illi
260 903 393 945 grano
410 888 549 933 multa
567 904 684 948 seges
707 890 953 934 debebatur
972 909 982 934 :
1000 889 1075 934 sed
1097 900 1295 950 expecta,
1323 905 1441 937 mor-

42 959 230 1002 tificetur
252 959 398 1002 adhuc
419 979 429 1016 3
454 960 557 1018 quia
590 975 775 1018 granum
797 961 878 1004 nisi
898 962 944 1005 in
975 970 1131 1006 terram
1164 962 1367 1007 ceciderit
1396 971 1441 1007 et

41 1029 350 1073 mortificatum
377 1027 532 1081 fuerit,
555 1030 698 1074 solum
722 1040 933 1074 remanet.

99 1101 261 1143 XXVI.
297 1102 415 1157 Ergo
446 1099 562 1143 solus
585 1110 704 1154 erat,
731 1108 967 1159 antequam
990 1108 1101 1143 esset
1133 1101 1434 1147 mortificatus.

42 1173 274 1230 Propterea
296 1180 339 1214 et
377 1174 529 1214 Petrus
551 1171 749 1215 nondum
768 1170 960 1214 habebat
982 1170 1089 1214 tales
1110 1171 1221 1216 vires
1246 1191 1255 1217 :
1281 1188 1438 1234 accep-

42 1250 163 1286 turus
180 1252 271 1286 erat
291 1242 402 1287 vires
418 1241 656 1302 sequendi,
675 1257 764 1286 non
784 1241 977 1285 habebat
995 1242 1284 1300 praecedendi.
1306 1247 1440 1305 Prop-

41 1320 106 1356 ter
126 1313 347 1357 Christum
365 1312 479 1355 enim
493 1347 509 1367 ,
527 1311 572 1355 id
589 1322 651 1356 est
668 1347 679 1366 ,
703 1321 882 1371 propter
903 1311 1221 1357 confessionem
1252 1315 1439 1360 nominis

41 1382 223 1437 Christi,
259 1397 349 1442 quo
381 1381 617 1426 Christiani
651 1396 821 1436 sumus,
848 1397 976 1426 nemo
1010 1392 1209 1427 mortuus
1246 1393 1309 1428 est
1337 1394 1438 1430 ante

42 1453 264 1498 Christum
282 1471 291 1497 :
309 1467 364 1495 ne
381 1452 496 1496 forte
513 1461 712 1496 occurrat
723 1451 862 1495 vobis.
884 1451 1013 1496 Multi
1031 1453 1146 1496 enim
1159 1455 1320 1498 mortui
1335 1465 1438 1501 sunt

42 1532 84 1567 et
109 1526 323 1580 Martyres
358 1531 461 1566 sunt
477 1557 487 1577 ,
513 1522 644 1566 multi
667 1522 897 1580 Prophetae
928 1521 1029 1566 talia
1052 1523 1164 1581 passi
1192 1533 1321 1581 sunt,
1346 1540 1436 1570 non

41 1602 186 1638 tamen
199 1592 298 1637 ideo
306 1593 621 1647 moriebantur,
634 1592 735 1652 quia
746 1592 1101 1650 praenuntiabant
1110 1593 1330 1638 Christum
1339 1630 1349 1649 ,
1361 1596 1437 1640 sed

41 1665 141 1724 quia
164 1672 339 1723 peccata
362 1663 591 1706 hominum
615 1661 822 1706 dicebant
841 1662 886 1705 in
919 1677 1013 1716 eos,
1039 1672 1083 1706 et
1102 1678 1254 1707 eorum
1278 1664 1438 1725 iniqui-

43 1735 205 1779 tatibus
226 1735 405 1778 liberius
432 1734 691 1777 resistebant
709 1767 719 1787 ,
760 1742 803 1776 et
824 1732 1044 1776 habentur
1064 1733 1178 1777 inter
1198 1737 1432 1793 Martyres.

42 1807 163 1850 Juste
173 1805 350 1859 etenim,
366 1805 399 1847 si
414 1819 504 1847 non
520 1818 598 1862 pro
613 1803 970 1847 nominisChristi
983 1802 1270 1860 confessione,
1286 1815 1436 1850 tamen

42 1890 120 1935 pro
147 1874 328 1919 veritate
351 1873 480 1917 occisi
500 1883 618 1917 sunt.
647 1875 791 1931 Usque
822 1872 931 1916 adeo
954 1882 1100 1917 autem
1124 1890 1203 1933 pro
1225 1876 1320 1934 ipso
1351 1892 1436 1920 no-

42 1946 159 1990 mine
178 1981 189 2000 ,
210 1944 255 1988 id
273 1954 337 1989 est
354 1980 365 1999 ,
390 1960 469 2003 pro
492 1943 763 1988 confessione
787 1943 972 1987 nominis
994 1945 1155 1988 Christi
1177 1962 1306 1991 nemo
1326 1963 1437 1992 mor-

11 2041 26 2052 *
43 2025 143 2062 tuus
165 2025 229 2060 est
249 2051 260 2071 ,
287 2025 522 2074 antequam
540 2029 725 2073 granum
746 2013 858 2057 illud
880 2014 1055 2059 caderet
1077 2017 1122 2059 in
1146 2026 1329 2073 terram,
1355 2034 1435 2062 cu-

18 2087 107 2147 rjus
128 2102 179 2130 ex
201 2101 383 2145 persona
411 2083 577 2128 dictum
601 2093 696 2128 est:
726 2103 746 2125 «
775 2083 1012 2141 Singularis
1041 2100 1121 2143 ego
1149 2102 1268 2142 sum,
1296 2088 1436 2133 donee

48 2175 68 2198 »
101 2167 313 2201 transeam
328 2191 338 2210 ,
367 2174 388 2196 »
423 2165 474 2199 ut
494 2165 537 2199 et
564 2155 653 2214 ipse
671 2157 860 2198 Joannes
881 2190 892 2207 ,
913 2155 988 2214 qui
1011 2172 1160 2200 recens
1182 2158 1436 2203 interfectus

46 2236 155 2281 erat,
181 2227 236 2271 ab
258 2227 410 2285 iniquo
433 2241 532 2283 rege
556 2225 743 2268 donatus
766 2223 925 2283 puellae
942 2224 1147 2270 saltatrici
1166 2262 1176 2281 ,
1198 2243 1286 2271 non
1310 2245 1436 2289 prop-

47 2305 110 2341 ter
143 2298 225 2341 hoc
258 2296 424 2340 occisus
454 2295 534 2347 sit,
560 2294 662 2353 quia
686 2292 907 2338 confessus
930 2304 993 2338 est
1015 2296 1253 2340 Christum.
1288 2300 1436 2343 Potuit

47 2366 196 2426 utique
227 2375 271 2409 et
300 2364 403 2408 inde
435 2362 609 2418 occidi,
632 2372 675 2406 et
696 2363 779 2407 hoc
808 2379 831 2406 a
853 2362 1016 2407 multis.
1045 2365 1089 2409 Si
1117 2377 1294 2428 propter
1316 2367 1435 2412 aliud

48 2436 210 2482 occisus
232 2444 297 2480 est
318 2435 373 2479 ab
405 2448 496 2478 uno
516 2467 528 2489 ,
558 2440 724 2493 quanto
746 2433 889 2492 potius
905 2444 1084 2494 propter
1105 2436 1330 2482 Christum
1351 2453 1435 2498 po-

96 2526 105 2544 ¹
125 2521 219 2554 Joan.
235 2529 297 2563 ιιι,
317 2517 374 2563 24,
399 2518 443 2553 25
459 2521 494 2553 et
515 2518 569 2551 32.
