1815 3253
349 244 430 284 348
779 254 813 284 s.
849 254 1080 283 Ausum-rm
1110 256 1291 284 13121300121

348 323 426 366 bor
442 330 520 375 est,
537 331 580 366 et
597 337 728 366 omne
750 337 858 381 opus
874 321 1043 365 malum
1064 322 1323 380 cogitatum,
1345 320 1622 365 mendacium
1645 320 1728 365 du-

346 408 440 436 cem
463 392 611 436 habet.
638 395 736 437 Non
765 393 878 436 enim
912 401 974 436 est
994 392 1149 436 veritas
1166 427 1176 447 ‚
1203 393 1281 436 nisi
1302 392 1346 435 in
1371 406 1500 451 opere
1522 392 1655 435 bono.
1673 394 1729 437 Et

345 471 573 522 propterea
593 463 694 523 quia
714 478 863 507 omnes
886 463 1086 506 laborant
1102 462 1144 505 in
1167 461 1410 517 mendacio,
1435 461 1601 505 Veritas
1623 462 1731 522 quid

346 533 582 578 clamavit?
604 553 623 576 «
650 534 803 577 Venite
827 534 881 577 ad
908 549 979 576 me
1011 548 1159 577 omnes
1185 533 1259 593 qui
1280 532 1484 577 laboratis
1507 541 1550 576 et
1567 532 1731 576 onerati

350 621 370 645 >›
406 604 503 648 estis
521 640 532 659 ‚
559 614 601 648 et
622 619 700 662 ego
730 604 917 648 reficiam
948 618 1024 648 vos
1043 605 1072 646 ¹.
1101 621 1121 643 »
1151 606 1247 662 Ipsa
1276 612 1338 646 est
1364 618 1447 647 vox
1467 602 1655 647 clamans
1678 601 1731 647 ad
1762 652 1765 657 ,

347 675 592 719 laborantes
628 676 673 719 in
710 675 794 719 alio
833 674 1002 718 Psalmo
1025 709 1036 728 ‚
1066 672 1209 716 «Filii
1241 673 1470 717 hominum
1504 687 1731 732 usquequo

349 763 370 786 >›
408 746 525 803 gravi
560 746 717 799 corde,
755 754 804 789 ut
830 744 938 806 quid
970 742 1146 802 diligitis
1171 743 1405 787 vanitatem
1425 778 1436 798 ‚
1472 751 1515 786 et
1544 742 1733 802 quaeritis

350 833 371 856 »
408 816 684 860 mendacium
703 817 719 840 ²
734 817 751 857 ⁶?
769 834 788 857 »
816 819 974 875 Aperte
997 815 1098 859 audi
1116 815 1200 860 alio
1221 815 1318 859 loco
1341 813 1534 858 laborem
1555 814 1601 857 in
1617 828 1732 857 men-

350 885 474 930 dacio
501 906 508 931 :
540 906 559 928 «
586 890 839 932 Docuerunt
871 885 1041 945 linguas
1077 902 1174 931 suas
1208 886 1331 947 loqui
1359 885 1658 939 mendacium,
1684 894 1734 929 ut

352 974 372 997 >›
409 957 556 1017 inique
579 966 756 1016 agerent
785 956 1137 1001 laboraveruntss.
1159 959 1302 1016 Caput
1325 956 1530 1001 circuitus
1551 970 1700 999 eorum
1719 991 1730 1010 ‚

352 1044 373 1067 »
408 1027 532 1072 labor
551 1027 768 1072 labiorum
792 1027 982 1087 ipsorum
1001 1036 1116 1086 teget
1137 1043 1223 1072 eos.
1248 1046 1267 1068 »

408 1100 530 1142 XIV.
560 1117 580 1140 «
609 1098 821 1142 Decident
846 1113 974 1157 supra
997 1113 1068 1142 eos
1099 1098 1308 1142 carbones
1332 1097 1441 1156 ignis
1461 1096 1507 1139 in
1528 1105 1641 1140 terra
1657 1131 1667 1150 ,
1692 1105 1735 1141 et
1769 1082 1772 1134 Ῐ

354 1186 375 1209 »
410 1167 581 1228 dejicies
609 1170 723 1212 eos4.
754 1187 773 1209 »
799 1167 915 1221 Quid
951 1177 1038 1223 est,
1068 1188 1088 1210 «
1119 1171 1171 1212 In
1198 1170 1344 1212 terra?
1372 1186 1392 1209 »
1420 1167 1500 1211 Hic
1523 1165 1667 1211 adhuc
1687 1167 1731 1211 in
1768 1194 1771 1228 .‘

349 1239 431 1282 hac
453 1240 566 1293 vita,
600 1239 671 1282 hic
705 1258 724 1280 «
754 1241 890 1298 Supra
915 1237 1011 1282 illos
1034 1238 1238 1282 decident
1272 1238 1478 1282 carbones
1513 1238 1624 1296 ignis
1644 1272 1654 1292 ,
1690 1246 1732 1282 et

350 1326 371 1349 »
404 1307 578 1367 dejicies
600 1324 687 1352 eos.
718 1327 739 1349 »
767 1308 849 1361 Qui
871 1317 973 1352 sunt
995 1308 1205 1352 carbones
1239 1308 1347 1366 ignis
1364 1309 1382 1349 ‘3
1402 1308 1611 1352 Novimus
1631 1307 1733 1352 istos

351 1378 575 1422 carbones.
618 1381 685 1422 An
710 1377 780 1422 alii
809 1387 912 1422 sunt
937 1378 1030 1433 isti,
1062 1387 1105 1422 et
1139 1377 1207 1422 alii
1233 1377 1296 1421 illi
1319 1379 1373 1422 de
1394 1377 1554 1438 quibus
1576 1377 1734 1421 dicturi

351 1450 530 1492 sumus?
553 1451 660 1492 Istos
683 1448 798 1492 enim
814 1447 940 1493 video
965 1447 1019 1491 ad
1041 1463 1219 1507 poenam
1242 1448 1384 1492 valere
1410 1467 1419 1493 ε
1445 1447 1540 1492 illos
1560 1457 1703 1491 autem
1719 1481 1731 1502 ‚
1766 1438 1768 1478 ἶ

352 1534 461 1579 quos
483 1528 900 1564 commemoraturus
921 1534 1033 1573 sum,
1059 1519 1114 1563 ad
1131 1517 1329 1564 salutem.
1346 1519 1520 1563 Dictum
1541 1527 1605 1562 est
1621 1518 1735 1561 enim

353 1590 407 1634 de
437 1591 699 1650 quibusdam
736 1590 996 1635 carbonibus
1026 1605 1127 1634 cum
1160 1591 1294 1635 homo
1317 1599 1485 1650 peteret
1507 1589 1736 1634 adversum

354 1661 547 1719 linguam
580 1660 808 1704 subdolam
830 1660 1035 1704 auxilium
1063 1679 1071 1705 z
1102 1679 1120 1702 «
1148 1661 1232 1713 Qui
1256 1659 1384 1704 detur
1405 1659 1485 1704 tibi
1500 1695 1515 1715 ,
1541 1668 1614 1703 aut
1631 1658 1736 1719 quid

356 1749 377 1772 »
413 1731 636 1790 adjicietur
665 1731 744 1775 tibi
768 1730 822 1774 ad
848 1730 1041 1788 linguam
1069 1730 1332 1775 subdolam?
1356 1731 1528 1788 Sagittae
1550 1729 1736 1789 potentis

357 1819 378 1842 »
414 1810 552 1845 acutae
568 1837 578 1854 ‚
617 1816 717 1844 cum
752 1801 1017 1845 carbonibus
1044 1800 1312 1845 vastatoriis⁵
1338 1819 1347 1845 z
1376 1819 1396 1842 »
1421 1800 1468 1844 id
1490 1810 1553 1844 est
1569 1835 1580 1854 ,
1605 1799 1736 1844 verba
1762 1799 1765 1817 ί

355 1872 431 1915 Dei
449 1888 523 1916 cor
544 1872 837 1930 transfigentia
855 1881 898 1916 et
912 1881 1170 1916 vetustatem
1189 1872 1442 1930 perimentia
1459 1885 1737 1930 amoremque

355 1944 571 2001 gignentia
589 1978 599 1998 ,
625 1953 668 1987 et
690 1942 882 2003 exempla
906 1944 1133 1987 hominum
1163 1944 1237 2003 qui
1269 1943 1430 1987 mortui
1453 1951 1576 1986 erant
1597 1951 1640 1986 et
1668 1956 1736 1984 rc-
1760 1979 1762 1984 ,

355 2013 578 2068 vixerunt,
604 2022 648 2057 et
677 2013 787 2070 nigri
810 2021 931 2056 erant
953 2022 996 2057 et
1018 2011 1234 2072 fulgentes
1261 2013 1405 2057 effecti
1428 2021 1543 2056 sunt.
1569 2011 1737 2056 Carbo-

355 2099 430 2127 nes
465 2084 581 2127 enim
612 2085 805 2127 tenebrae
827 2093 950 2137 sunt,
977 2083 1096 2127 color
1125 2084 1302 2127 indicat.
1346 2081 1430 2127 Sed
1453 2097 1553 2126 cum
1576 2082 1631 2126 ad
1669 2097 1738 2126 eos

356 2155 579 2198 accesserit
616 2154 790 2197 flamma
826 2154 1073 2207 charitatis,
1107 2162 1151 2197 et
1178 2168 1227 2197 ex
1256 2153 1437 2197 mortuis
1476 2151 1762 2208 revixerint,’

356 2224 535 2267 audiant
556 2223 611 2266 ab
634 2221 843 2282 Apostolo
870 2242 878 2267 :
908 2242 927 2265 «
951 2223 1108 2267 Fuistis
1126 2223 1241 2267 enim
1264 2222 1500 2284 aliquando
1521 2223 1734 2278 tenebrae,

358 2312 379 2335 »
414 2310 532 2338 nunc
570 2303 715 2337 autem
748 2293 824 2336 lux
860 2294 904 2337 in
937 2294 1122 2338 Domino
1138 2296 1169 2337 ⁰.
1200 2313 1218 2335 »
1247 2295 1333 2353 Ipsi
1362 2304 1463 2338 sunt
1495 2294 1703 2338 carbones
1723 2283 1759 2348 ,¹

354 2365 508 2409 fratres
527 2400 537 2419 ,
571 2380 679 2424 quos
708 2365 931 2408 intuemur
948 2400 958 2418 ‚
983 2365 1160 2424 quando
1190 2364 1393 2409 volumus
1415 2373 1584 2408 mutarc
1606 2364 1737 2408 vitam
1756 2369 1758 2376 ⁴

354 2434 545 2479 transfixi
568 2434 722 2493 sagitta
740 2435 840 2489 Dei,
869 2444 912 2478 et
934 2434 1180 2493 impediunt
1206 2450 1285 2479 nos
1321 2434 1445 2479 malae
1471 2435 1632 2493 linguae
1654 2434 1757 2500 ho'-⁴

403 2538 410 2554 ¹
434 2532 547 2563 Matth.
567 2543 608 2573 xi,
627 2534 681 2566 28.
704 2548 744 2553 —
764 2538 777 2553 ²
796 2531 878 2562 Psal.
904 2542 949 2572 iv,
967 2531 1044 2563 3.—
1065 2529 1077 2553 3
1092 2533 1211 2562 Jcrein.
1236 2542 1281 2571 ix,
1302 2531 1379 2562 5.—
1398 2529 1412 2560 l,
1433 2530 1511 2562 Psal.
1539 2541 1664 2570 cxxxix,
1686 2540 1733 2561 11.
1754 2514 1756 2529 ’

359 2603 399 2608 —-
420 2584 497 2618 51d.
519 2598 602 2627 cxix,
629 2588 660 2627 3,
680 2587 713 2628 4.
736 2603 775 2609 —
797 2584 812 2609 6
831 2586 945 2628 Eplies.
963 2597 996 2626 v,
1016 2586 1048 2617 8.

1794 0 1807 89 ,ψ-ῳ-
