1815 3253
379 273 622 304 munim-no
654 275 700 303 nv
732 272 935 304 PsALMUM
966 276 1096 303 cxxv.
1386 264 1443 302 99

60 361 82 386 »
114 351 201 388 tem
226 342 351 397 Sion,
375 340 478 386 facti
499 356 647 386 sumus
669 341 781 385 sicut
807 340 1047 399 consolati3
1090 349 1193 384 tunc
1223 339 1441 400 repletum

59 431 81 456 »
114 422 178 458 est
197 411 355 473 gaudio
377 427 424 457 os
443 421 641 457 nostrum
658 447 668 467 ,
696 421 739 456 et
756 411 904 471 lingua
924 420 1071 456 nostra
1093 410 1358 456 exultatione
1380 431 1389 456 :
1418 429 1440 453 »

55 494 107 530 ut
141 483 388 530 ostenderet
424 499 468 529 se
496 485 634 542 ligura
672 484 879 543 praeteriti
913 482 1061 528 futura
1095 483 1310 541 cogitare,
1345 483 1404 527 ait
1431 502 1440 528 z

61 575 82 600 (ι
116 558 238 600 Tunc
259 554 406 599 dicent
427 555 540 598 inter
561 556 735 598 Gentes.
763 555 916 614 Dicent
931 589 942 609 ,
967 572 987 595 »
1004 554 1093 614 jam
1112 552 1167 597 de
1192 552 1344 598 futuro
1362 562 1441 598 est.

62 646 82 670 «
114 626 409 686 Magnifieavit
427 626 636 670 Dominus
655 625 796 670 facere
819 625 1045 670 nobiscum
1065 625 1195 682 3facti
1212 641 1361 669 sumus
1374 626 1449 685 ju-

0 743 1 749 *
58 715 80 740 »
114 696 306 742 cundati.
334 715 354 738 »
393 699 516 741 Tunc
541 712 643 741 cum
672 696 965 741 cantabantur
985 732 996 751 ,
1031 694 1180 741 futura
1218 705 1367 751 erant,
1403 704 1448 739 et

0 779 1 783 ’
55 784 175 813 nunc
203 767 407 812 videntur
433 767 676 828 praesentia.
710 770 825 825 Ergo
842 776 938 811 orat
961 776 1172 827 tanquam
1190 765 1244 810 de
1258 766 1417 812 futuris
1432 801 1444 822 ‚

57 840 133 900 qui
156 837 303 891 futura
333 847 543 898 tanquam
571 839 791 899 praeterita
813 839 1083 899 praecinebat
1110 858 1119 883 ε
1149 858 1170 881 «
1194 841 1412 884 Converte
1432 873 1444 893 ‚

59 928 81 952 »
115 909 322 964 Domine,
361 910 656 967 captivitatem
688 918 897 954 nostram.
927 928 949 950 »
977 909 1186 955 Nondum
1217 919 1310 954 erat
1344 925 1448 969 ergo

0 987 1 990 ’
57 996 259 1026 conversa
277 980 503 1040 captivitas
519 1015 529 1035 ,
559 981 662 1040 quia
690 980 885 1024 nondum
905 980 1175 1040 Redemptor
1194 980 1445 1025 advenerat.

56 1055 172 1112 Ergo
193 1051 371 1112 quando
393 1051 554 1095 cantati
577 1059 677 1094 sunt
700 1050 887 1103 Psalmi,
920 1050 1041 1111 quod
1076 1051 1284 1095 orabatur
1315 1061 1444 1106 tunc,

52 1123 141 1183 jam
171 1120 332 1166 factum
356 1130 419 1165 est
446 1139 454 1165 :
479 1141 499 1163 «
522 1122 764 1175 Converte,
792 1120 976 1165 Domine
992 1156 1003 1176 ‚
1026 1121 1323 1180 captivitatem
1345 1137 1449 1166 nos-

2 1198 6 1233 g.
61 1191 82 1235 >i
120 1202 225 1237 tram
243 1227 254 1248 ‚
271 1192 382 1236 sicut
406 1201 572 1236 torrens
589 1191 635 1234 in
654 1200 815 1236 austro.
837 1209 857 1232 »
879 1191 999 1236 Sicut
1027 1201 1346 1237 convertuntur
1360 1202 1452 1237 tor-

4 1265 6 1269 ’
59 1272 200 1308 rentes
222 1263 266 1308 in
285 1272 430 1307 austro
447 1298 457 1319 ‚
474 1263 533 1307 sic
558 1271 762 1306 converte
777 1261 1072 1322 captivitatem
1092 1272 1300 1307 nostram.
1317 1266 1451 1318 Quae-

0 1335 5 1342 ”
58 1335 235 1380 rebatur
254 1333 375 1395 quod
392 1335 444 1378 sit
468 1353 477 1380 ε
503 1333 579 1378 sed
600 1333 768 1392 patebit
790 1332 945 1388 modo,
971 1332 1207 1393 adjuvante
1230 1335 1418 1380 Domino
1435 1371 1446 1389 ,

57 1406 206 1451 vestris
229 1406 512 1451 orationibus.
541 1406 742 1459 Quodam
765 1404 863 1448 loco
899 1405 1120 1464 Scriptura
1137 1441 1148 1460 ‚
1169 1421 1269 1450 cum
1292 1408 1450 1466 praeci-

7 1479 9 1504 *
58 1486 179 1537 peret
202 1486 246 1521 et
268 1486 467 1521 moneret
492 1475 546 1519 de
570 1475 775 1535 operibus
800 1475 947 1529 bonis,
982 1475 1041 1519 ait
1063 1495 1071 1520 :
1100 1495 1120 1517 «
1150 1476 1269 1521 Sicut
1294 1478 1451 1536 glacies

0 1560 6 1570 ·
61 1565 82 1589 »
116 1549 161 1592 in
186 1563 364 1603 sereno,
389 1548 449 1591 ita
474 1546 698 1591 solventur
725 1555 902 1606 peccata
931 1548 1048 1590 tua¹.
1086 1564 1106 1587 »
1134 1549 1251 1606 Ergo
1275 1559 1450 1608 peccata

10 1639 13 1667 ς
58 1617 252 1678 ligabant
275 1634 367 1663 nos.
396 1615 904 1671 QuomodopQuomodo
928 1615 1064 1674 frigus
1089 1615 1196 1675 ligat
1215 1633 1372 1678 aquam
1396 1635 1452 1664 ne

60 1698 219 1734 currat.
258 1692 314 1734 Et
346 1687 496 1748 illigati
526 1688 683 1747 frigore
711 1697 991 1748 peccatorum
1013 1687 1266 1745 gelavimus.
1292 1693 1452 1736 Auster

0 1781 15 1816 ‚²
61 1769 205 1806 autem
233 1758 398 1804 calidus
419 1768 575 1804 ventus
608 1768 701 1803 est:
733 1758 914 1819 quando
942 1758 1020 1802 ssat
1053 1767 1198 1803 auster
1216 1795 1226 1815 ‚
1252 1760 1453 1822 liquescit

14 1865 17 1876 .
61 1831 216 1890 glacies
233 1866 244 1886 ‚
269 1839 313 1875 et
337 1829 574 1888 implentur
596 1839 825 1874 torrentes.
854 1832 1084 1874 Torrentes
1108 1839 1255 1875 autem
1290 1831 1451 1877 dicun-

60 1910 131 1946 tur
164 1901 346 1946 flumina
378 1899 596 1958 hyemalia
628 1919 638 1945 ι
672 1915 829 1958 magno
867 1899 985 1943 enim
1017 1900 1186 1959 impetu
1216 1905 1451 1962 repentinis

2 2025 20 2032 ..
61 1973 182 2032 aquis
211 1970 387 2031 impleta
420 1979 619 2015 currunt.
645 1968 953 2014 Gelaveramus
975 1985 1079 2028 ergo
1096 1971 1140 2014 in
1164 1971 1416 2031 captivitate
1437 2010 1448 2030 ,

8 2071 14 2074 -
62 2042 416 2102 constringebant
436 2056 517 2085 nos
538 2049 714 2099 peccata
734 2049 882 2084 nostra
909 2059 918 2085 ε
942 2040 1064 2084 flavit
1086 2051 1231 2086 auster
1264 2044 1450 2103 Spiritus

7 2139 19 2170 ⁴.
62 2123 233 2158 sanctus
252 2134 263 2172 3
287 2112 459 2157 dimissa
482 2120 584 2156 sunt
609 2111 736 2156 nobis
758 2120 934 2171 peccata
957 2147 968 2166 ‚
992 2110 1125 2155 soluti
1147 2127 1298 2158 sumus
1318 2130 1341 2159 a
1369 2115 1451 2160 fri-

63 2200 165 2245 gore
198 2184 465 2245 iniquitatis,
497 2192 707 2244 tanquam
741 2182 896 2241 glacies
927 2182 974 2226 in
1012 2198 1186 2240 sereno,
1221 2185 1453 2232 solvuntur

22 2292 24 2297 ,
63 2264 239 2316 peccata
261 2265 421 2300 nostra.
446 2257 683 2300 Curramus
705 2254 760 2298 ad
783 2245 966 2314 patriani
983 2289 994 2310 ,
1020 2255 1144 2315 quasi
1172 2265 1385 2303 torrentes
1406 2260 1454 2303 in

64 2335 225 2371 austro.
238 2325 322 2370 Diu
342 2325 457 2369 enim
473 2324 783 2379 laboravimus,
800 2333 844 2368 et
864 2323 1114 2368 laboramus
1137 2327 1266 2370 etiam
1289 2326 1455 2374 facien-

13 2414 24 2459 j
64 2405 127 2442 tes
163 2396 291 2441 bene.
322 2398 431 2442 Nam
457 2395 544 2456 ipsa
574 2396 662 2440 vita
701 2396 891 2439 humana
913 2410 1046 2454 quarn
1069 2395 1250 2454 ingressi
1271 2413 1449 2456 sumus,

10 2498 20 2501 „
64 2468 218 2512 misera
241 2476 329 2522 est,
360 2466 580 2511 laboribus
601 2465 752 2525 plena,
781 2465 1006 2510 doloribus
1025 2501 1035 2520 ‚
1056 2467 1451 2526 periculis,aerum-

0 2527 2 2533 ,
65 2539 153 2595 nis,
178 2538 505 2583 tentationibus.
540 2537 684 2583 Nolite
705 2537 853 2582 seduci
876 2537 1036 2598 gaudio
1058 2554 1204 2582 rerum
1235 2540 1454 2589 humana-

113 2630 124 2647 ¹
143 2624 242 2658 Eccli.
259 2635 308 2666 m,
331 2634 383 2666 ¹7·

1245 2679 1286 2718 7.
