1856 3268
449 260 692 291 ENARRATIO
723 262 770 290 m
801 259 1005 290 PsALMUM
1036 259 1135 285 cxx.
1429 246 1454 282 7

126 334 180 378 V.
206 333 344 377 Canta
374 344 476 388 ergo
497 328 620 390 quod
641 328 862 388 sequitur:
883 327 917 372 si
933 325 997 371 vis
1019 324 1170 368 audire
1188 331 1238 367 ut
1262 323 1456 367 firmissi-

68 418 136 449 me
157 418 292 462 ponas
313 401 444 461 pedes
464 400 509 443 in
531 399 737 458 gradibus
753 434 764 453 ,
782 414 837 442 ne
855 398 902 441 in
929 395 1001 440 illa
1025 395 1272 439 ascensione
1295 403 1370 438 aut
1390 393 1458 438 fa-

68 473 210 533 tigeris
227 508 237 527 ,
263 481 337 516 aut
354 471 498 530 lapsus
521 470 648 513 cadas
670 471 759 527 (3),
775 468 845 513 dic
868 466 988 528 quod
1017 467 1238 526 sequitur:
1261 467 1361 509 «Ne
1382 464 1457 508 des

71 562 91 585 »
126 543 179 588 ad
199 542 460 587 movendum
479 540 635 600 pedem
653 555 801 584 meum
819 542 878 583 ¹.»
896 537 1021 582 Unde
1039 545 1273 580 moventur
1294 534 1424 594 pedes
1442 536 1460 578 Ρ

70 614 193 659 Unde
216 623 357 658 motus
380 626 444 656 est
476 627 551 670 pes
574 610 635 654 illi
654 646 664 665 ,
690 610 765 670 qui
788 618 880 653 erat
901 609 946 652 in
977 606 1192 667 paradiso.
1234 606 1317 651 Sed
1339 605 1458 665 prius

68 683 243 729 attende
260 682 377 727 unde
394 691 538 726 motus
555 690 618 724 est
633 679 711 734 illi,
726 680 801 740 qui
822 687 912 723 erat
926 679 1040 721 inter
1054 675 1260 736 AngeIOS,
1280 684 1322 719 et
1338 683 1458 719 moto

67 754 178 814 pede
200 753 369 807 cecidit,
393 761 436 796 et
458 752 512 796 de
526 751 693 810 Angelo
711 750 850 795 faetus
872 758 936 793 est
953 747 1154 792 diabolus
1173 756 1319 792 :moto
1341 746 1458 790 enim

67 827 179 886 pede
192 824 361 869 cecidit.
378 827 534 877 Quaere
548 822 665 867 unde
679 822 834 867 cecidit
848 839 856 863 :
875 820 1077 879 superbia
1093 819 1250 863 cecidit
1263 821 1342 877 (4).
1360 820 1457 862 Non

68 913 171 956 ergo
188 905 332 940 movet
345 895 517 955 pedem,
532 895 612 938 nisi
626 894 848 953 superbia:
865 892 920 936 ad
937 892 1104 935 ruinam
1123 906 1213 935 non
1226 898 1372 934 movet
1389 904 1463 949 pe-

69 967 167 1011 dem
191 966 270 1010 nisi
304 965 523 1025 superbia.
556 964 625 1009 Ad
654 963 971 1008 ambulandum
996 970 1039 1005 et
1068 960 1385 1020 perficiendum
1419 968 1462 1004 et

70 1038 391 1084 ascendendum
409 1037 595 1082 charitas
611 1044 783 1079 movet:
805 1034 859 1078 ad
876 1032 1123 1078 cadendum
1142 1031 1345 1091 superbia
1363 1046 1460 1075 mo-

68 1112 221 1165 vet(5).
242 1107 346 1153 Ideo
368 1117 411 1152 et
432 1106 506 1151 ille
527 1106 635 1167 quid
658 1105 762 1150 dicit
783 1105 829 1148 in
854 1103 1053 1148 Psalmo?
1068 1102 1200 1146 «Filii
1216 1110 1362 1146 autem
1385 1102 1462 1146 ho·

72 1198 93 1221 »
110 1180 277 1224 minum
294 1179 375 1223 sub
399 1178 588 1237 tegmine
603 1177 768 1221 alarum
789 1185 962 1220 tuarum
979 1173 1261 1233 sperabunt'2.
1278 1173 1356 1217 »Si
1378 1173 1462 1217 sub

68 1250 273 1309 tegmine,
286 1265 454 1309 semper
466 1248 666 1303 humiles,
684 1263 854 1307 semper
868 1247 923 1291 de
937 1250 1026 1290 Deo
1043 1255 1281 1306 sperantes,
1293 1261 1463 1306 semper

69 1319 124 1364 de
148 1335 191 1364 se
225 1336 313 1364 non
347 1328 674 1379 praesumentes.
707 1337 726 1359 «
754 1318 845 1362 Sub
870 1317 1063 1376 tegmine
1085 1316 1253 1360 alarum
1288 1325 1463 1360 tuarum

72 1407 93 1430 »
128 1390 385 1450 sperabunt:
411 1408 430 1430 »
457 1405 546 1433 non
570 1389 686 1432 enim
708 1404 732 1432 a
755 1404 798 1432 se
814 1388 1027 1432 satiantur
1048 1396 1099 1431 ut
1120 1387 1236 1431 beati
1257 1387 1357 1431 sint.
1379 1385 1465 1431 Sed

71 1461 181 1521 quid
211 1462 438 1520 sequitur?
463 1479 483 1502 «
506 1459 848 1504 Inebriabuntur
868 1460 922 1503 ab
946 1459 1147 1503 ubertate
1169 1458 1326 1503 domus
1350 1467 1461 1513 tuae,

74 1550 95 1572 »
133 1541 177 1576 et
198 1540 390 1576 torrente
413 1530 668 1575 deliciarum
691 1540 867 1575 tuarum
889 1530 1059 1590 potabis
1081 1545 1153 1574 eos
1171 1531 1203 1573 3.
1230 1549 1247 1571 »
1274 1532 1387 1573 Eece
1409 1529 1465 1572 si-

71 1602 248 1657 tientes,
269 1618 368 1646 eeee
390 1602 618 1658 inebriati,
641 1617 739 1646 ecee
763 1602 940 1656 sitiunt,
966 1616 1065 1645 ecee
1079 1601 1262 1645 bibunt:
1279 1599 1354 1644 sed
1373 1615 1464 1644 non

71 1688 94 1718 a
120 1689 164 1717 se
193 1674 353 1717 bibunt
371 1708 381 1726 ,
412 1689 492 1717 nec
529 1672 610 1731 ipsi
642 1672 725 1716 sibi
747 1681 849 1716 sunt
879 1670 992 1715 fons.
1023 1670 1108 1715 Sed
1131 1670 1249 1715 unde
1271 1670 1464 1714 bibunt?

74 1762 94 1785 «
132 1744 221 1788 Sub
242 1745 430 1801 tegmine
453 1743 618 1786 alarum
642 1751 817 1786 tuarum
839 1745 1080 1801 sperabunt
1095 1742 1127 1786 4.
1153 1759 1173 1782 »
1198 1741 1241 1786 Si
1263 1740 1345 1784 sub
1367 1740 1462 1795 alis,

2 1821 5 1870 ζ
70 1813 256 1858 humiles
277 1822 390 1857 sunt.
406 1813 728 1866 QuareP«Quia
745 1812 863 1872 apud
884 1821 948 1865 te,
974 1812 1136 1872 inquit,
1161 1811 1259 1856 fons
1280 1811 1381 1854 vitae
1396 1813 1457 1854 ⁵.»

71 1887 167 1929 Non
199 1899 299 1941 ergo
330 1899 352 1927 a
386 1899 429 1927 se
461 1884 696 1942 irrigantur
723 1892 893 1927 montes
909 1918 920 1938 ,
945 1883 1056 1926 sieut
1074 1899 1096 1926 a
1119 1898 1162 1926 se
1185 1898 1276 1926 non
1300 1880 1465 1925 illumi-

71 1963 233 1998 nantur
256 1963 441 1997 montes.
468 1956 577 1998 Nam
599 1952 698 1997 vide
720 1952 828 2013 quid
845 1953 1065 2012 sequitur:
1088 1970 1103 1991 «
1131 1955 1182 1995 In
1198 1951 1364 1995 lumine
1386 1961 1464 1995 tuo

75 2042 96 2066 »
130 2023 374 2068 videbimus
391 2022 539 2066 lumen
554 2025 616 2066 ὖ.»
639 2023 681 2068 Si
699 2039 802 2082 ergo
824 2023 869 2066 in
891 2022 1058 2066 lumine
1072 2022 1204 2082 ipsius
1217 2022 1464 2067 videbimus

74 2094 249 2149 lumen,
273 2094 369 2153 quis
391 2093 506 2137 cadit
530 2110 550 2137 a
576 2092 757 2148 lumine,
784 2093 865 2137 nisi
887 2092 958 2137 cui
980 2093 1070 2151 ipse
1092 2108 1180 2136 non
1203 2101 1265 2136 est
1285 2092 1464 2136 lumen?

74 2166 131 2208 Et
156 2164 231 2223 qui
249 2163 433 2208 voluerit
456 2164 538 2207 sibi
559 2179 648 2207 esse
658 2163 812 2207 lumen
835 2199 845 2218 ,
870 2164 961 2223 ipse
983 2163 1100 2207 eadit
1122 2179 1145 2207 a
1166 2162 1350 2218 lumine,
1375 2178 1464 2222 quo

74 2234 356 2278 illuminatur.
394 2235 499 2278 Ideo
535 2235 671 2278 sciens
695 2250 781 2279 non
817 2234 973 2279 eadere
1006 2235 1087 2279 nisi
1114 2249 1215 2278 eum
1238 2270 1249 2289 ,
1275 2235 1351 2294 qui
1381 2234 1464 2278 sibi

74 2304 170 2348 vult
205 2304 349 2348 lucere
368 2340 378 2359 ‚
419 2320 519 2348 eum
548 2305 602 2348 sit
630 2320 706 2364 per
739 2320 783 2349 se
815 2305 1037 2363 tenebrae,
1073 2306 1218 2349 statim
1240 2305 1425 2365 subjecit
1450 2324 1458 2349 :

81 2393 100 2416 «
134 2376 230 2418 Non
253 2375 394 2418 veniat
417 2375 522 2418 mihi
547 2390 620 2434 pes
652 2375 892 2434 superbiae,
923 2385 967 2419 et
1004 2391 1159 2419 manus
1182 2384 1464 2435 peecatorum

80 2462 101 2486 ³»
135 2459 223 2488 non
257 2453 430 2489 moveat
457 2460 557 2489 me:
594 2444 683 2490 »id
719 2455 812 2501 est,
850 2445 1036 2490 imitatio
1067 2454 1348 2505 peccatorum
1376 2461 1465 2490 non

127 2547 135 2563 ¹
156 2541 235 2572 Psal.
257 2552 330 2581 cxx,
354 2542 384 2573 3.
412 2559 452 2564 —-
469 2543 545 2574 21d.
561 2553 661 2583 xxxv,
680 2543 712 2574 8.
728 2560 768 2565 -
788 2541 801 2565 ³
820 2542 947 2584 lbid.9.
970 2559 1011 2566 ·-
1030 2541 1044 2572 4
1065 2542 1146 2575 Ibid.
1167 2545 1257 2574 8.-
1273 2541 1388 2575 51bid.
1413 2553 1462 2573 10.

82 2612 120 2618 --
140 2595 154 2617 ⁶
171 2597 252 2628 lbid.
