<?xml version="1.0" encoding="UTF-8"?>
<!DOCTYPE html PUBLIC "-//W3C//DTD XHTML 1.0 Transitional//EN"
    "http://www.w3.org/TR/xhtml1/DTD/xhtml1-transitional.dtd">
<html xmlns="http://www.w3.org/1999/xhtml" xml:lang="en" lang="en">
 <head>
  <title>
</title>
<meta http-equiv="Content-Type" content="text/html;charset=utf-8" />
  <meta name='ocr-system' content='tesseract 3.04.00' />
  <meta name='ocr-capabilities' content='ocr_page ocr_carea ocr_par ocr_line ocrx_word'/>
</head>
<body>
  <div class='ocr_page' id='page_1' title='image "./operaomniaaccura12auguuoft_0465.png"; bbox 0 0 1815 3253; ppageno 0'>
   <div class='ocr_carea' id='block_1_1' title="bbox 427 164 1467 204">
    <p class='ocr_par' dir='ltr' id='par_1_1' title="bbox 427 164 1467 204">
     <span class='ocr_line' id='line_1_1' title="bbox 427 164 1467 204; baseline -0.002 0"><span class='ocrx_word' id='word_1_1' title='bbox 427 174 668 204; x_wconf 62' lang='lat' dir='ltr'>:sumnum</span> <span class='ocrx_word' id='word_1_2' title='bbox 700 177 746 204; x_wconf 77' lang='grc' dir='ltr'>ΙΝ</span> <span class='ocrx_word' id='word_1_3' title='bbox 779 175 981 204; x_wconf 64' lang='grc' dir='ltr'>ιἐΑιΜυΜ</span> <span class='ocrx_word' id='word_1_4' title='bbox 1012 179 1156 204; x_wconf 75' lang='lat' dir='ltr'>cxmv.</span> <span class='ocrx_word' id='word_1_5' title='bbox 1383 164 1467 203; x_wconf 75' lang='lat'>455</span> 
     </span>
    </p>
   </div>
   <div class='ocr_carea' id='block_1_2' title="bbox 78 240 1476 512">
    <p class='ocr_par' dir='ltr' id='par_1_2' title="bbox 78 240 1476 512">
     <span class='ocr_line' id='line_1_2' title="bbox 78 240 1473 300; baseline -0.002 -13"><span class='ocrx_word' id='word_1_6' title='bbox 78 244 176 287; x_wconf 87' lang='lat' dir='ltr'>Non</span> <span class='ocrx_word' id='word_1_7' title='bbox 207 241 324 284; x_wconf 90' lang='lat' dir='ltr'>cnim</span> <span class='ocrx_word' id='word_1_8' title='bbox 356 240 659 300; x_wconf 83' lang='lat' dir='ltr'>praedicabunt</span> <span class='ocrx_word' id='word_1_9' title='bbox 691 255 875 299; x_wconf 84' lang='lat' dir='ltr'>regnum</span> <span class='ocrx_word' id='word_1_10' title='bbox 905 250 1028 286; x_wconf 84' lang='lat' dir='ltr'>tuum</span> <span class='ocrx_word' id='word_1_11' title='bbox 1051 251 1293 295; x_wconf 83' lang='lat' dir='ltr'>aeternum,</span> <span class='ocrx_word' id='word_1_12' title='bbox 1335 250 1378 284; x_wconf 80' lang='lat' dir='ltr'>ct</span> <span class='ocrx_word' id='word_1_13' title='bbox 1410 251 1473 284; x_wconf 85' lang='lat' dir='ltr'>ta-</span> 
     </span>
     <span class='ocr_line' id='line_1_3' title="bbox 79 311 1470 369; baseline 0.001 -14"><span class='ocrx_word' id='word_1_14' title='bbox 79 312 244 356; x_wconf 88' lang='lat' dir='ltr'>cebunt</span> <span class='ocrx_word' id='word_1_15' title='bbox 264 311 411 369; x_wconf 79' lang='lat' dir='ltr'>ignem</span> <span class='ocrx_word' id='word_1_16' title='bbox 438 319 668 354; x_wconf 79' lang='lat' dir='ltr'>aeternum.</span> <span class='ocrx_word' id='word_1_17' title='bbox 701 313 814 355; x_wconf 91' lang='lat' dir='ltr'>Laus</span> <span class='ocrx_word' id='word_1_18' title='bbox 836 311 954 355; x_wconf 89' lang='lat' dir='ltr'>enim</span> <span class='ocrx_word' id='word_1_19' title='bbox 977 313 1055 356; x_wconf 88' lang='lat' dir='ltr'>Dei</span> <span class='ocrx_word' id='word_1_20' title='bbox 1076 312 1121 356; x_wconf 93' lang='lat' dir='ltr'>in</span> <span class='ocrx_word' id='word_1_21' title='bbox 1151 313 1219 357; x_wconf 81' lang='lat' dir='ltr'>via</span> <span class='ocrx_word' id='word_1_22' title='bbox 1243 321 1283 355; x_wconf 82' lang='lat' dir='ltr'>tc</span> <span class='ocrx_word' id='word_1_23' title='bbox 1306 313 1470 356; x_wconf 81' lang='lat' dir='ltr'>consti—</span> 
     </span>
     <span class='ocr_line' id='line_1_4' title="bbox 80 379 1471 441; baseline 0.001 -16"><span class='ocrx_word' id='word_1_24' title='bbox 80 391 222 435; x_wconf 88' lang='lat' dir='ltr'>tuens,</span> <span class='ocrx_word' id='word_1_25' title='bbox 235 381 463 425; x_wconf 81' lang='lat' dir='ltr'>ostendere</span> <span class='ocrx_word' id='word_1_26' title='bbox 483 380 563 424; x_wconf 87' lang='lat' dir='ltr'>tibi</span> <span class='ocrx_word' id='word_1_27' title='bbox 580 380 713 427; x_wconf 79' lang='lat' dir='ltr'>debet</span> <span class='ocrx_word' id='word_1_28' title='bbox 725 390 769 425; x_wconf 88' lang='lat' dir='ltr'>et</span> <span class='ocrx_word' id='word_1_29' title='bbox 790 379 899 441; x_wconf 91' lang='lat' dir='ltr'>quid</span> <span class='ocrx_word' id='word_1_30' title='bbox 911 380 1081 439; x_wconf 80' lang='lat' dir='ltr'>diligas,</span> <span class='ocrx_word' id='word_1_31' title='bbox 1097 389 1141 425; x_wconf 88' lang='lat' dir='ltr'>et</span> <span class='ocrx_word' id='word_1_32' title='bbox 1161 380 1271 441; x_wconf 89' lang='lat' dir='ltr'>quid</span> <span class='ocrx_word' id='word_1_33' title='bbox 1295 382 1442 426; x_wconf 87' lang='lat' dir='ltr'>timeas</span> <span class='ocrx_word' id='word_1_34' title='bbox 1459 403 1471 440; x_wconf 78' lang='lat'>3</span> 
     </span>
     <span class='ocr_line' id='line_1_5' title="bbox 79 449 1476 512; baseline -0.001 -16"><span class='ocrx_word' id='word_1_35' title='bbox 79 461 123 496; x_wconf 90' lang='lat' dir='ltr'>et</span> <span class='ocrx_word' id='word_1_36' title='bbox 152 451 262 512; x_wconf 87' lang='lat' dir='ltr'>quid</span> <span class='ocrx_word' id='word_1_37' title='bbox 293 459 497 511; x_wconf 87' lang='lat' dir='ltr'>appetaS‚</span> <span class='ocrx_word' id='word_1_38' title='bbox 528 460 572 495; x_wconf 85' lang='lat' dir='ltr'>et</span> <span class='ocrx_word' id='word_1_39' title='bbox 606 451 716 512; x_wconf 90' lang='lat' dir='ltr'>quid</span> <span class='ocrx_word' id='word_1_40' title='bbox 743 449 915 509; x_wconf 76' lang='lat' dir='ltr'>fugia83</span> <span class='ocrx_word' id='word_1_41' title='bbox 946 451 1055 511; x_wconf 89' lang='lat' dir='ltr'>quid</span> <span class='ocrx_word' id='word_1_42' title='bbox 1089 451 1252 511; x_wconf 83' lang='lat' dir='ltr'>eligas,</span> <span class='ocrx_word' id='word_1_43' title='bbox 1290 460 1334 497; x_wconf 89' lang='lat' dir='ltr'>et</span> <span class='ocrx_word' id='word_1_44' title='bbox 1364 451 1476 512; x_wconf 90' lang='lat' dir='ltr'>quid</span> 
     </span>
    </p>
   </div>
   <div class='ocr_carea' id='block_1_3' title="bbox 6 521 1479 583">
    <p class='ocr_par' dir='ltr' id='par_1_3' title="bbox 6 521 1479 583">
     <span class='ocr_line' id='line_1_6' title="bbox 6 521 1479 583; baseline 0.003 -20"><span class='ocrx_word' id='word_1_45' title='bbox 6 556 13 563; x_wconf 90' lang='lat'>.</span> <span class='ocrx_word' id='word_1_46' title='bbox 79 521 261 583; x_wconf 84' lang='lat' dir='ltr'>rejicias.</span> <span class='ocrx_word' id='word_1_47' title='bbox 295 525 483 581; x_wconf 85' lang='lat' dir='ltr'>Tempus</span> <span class='ocrx_word' id='word_1_48' title='bbox 519 521 745 566; x_wconf 85' lang='lat' dir='ltr'>electionis</span> <span class='ocrx_word' id='word_1_49' title='bbox 766 536 885 567; x_wconf 90' lang='lat' dir='ltr'>nunc</span> <span class='ocrx_word' id='word_1_50' title='bbox 913 530 1004 577; x_wconf 89' lang='lat' dir='ltr'>est,</span> <span class='ocrx_word' id='word_1_51' title='bbox 1028 521 1292 582; x_wconf 83' lang='lat' dir='ltr'>acceptionis</span> <span class='ocrx_word' id='word_1_52' title='bbox 1330 531 1479 582; x_wconf 89' lang='lat' dir='ltr'>postea</span> 
     </span>
    </p>
   </div>
   <div class='ocr_carea' id='block_1_4' title="bbox 0 0 49 3253">
    <p class='ocr_par' dir='ltr' id='par_1_4' title="bbox 0 0 49 3253">
     <span class='ocr_line' id='line_1_7' title="bbox 0 0 49 3253; baseline 0 0"><span class='ocrx_word' id='word_1_53' title='bbox 0 0 49 3253; x_wconf 95' lang='lat' dir='ltr'> </span> 
     </span>
    </p>
   </div>
   <div class='ocr_carea' id='block_1_5' title="bbox 73 589 1481 2491">
    <p class='ocr_par' dir='ltr' id='par_1_5' title="bbox 75 589 1481 1354">
     <span class='ocr_line' id='line_1_8' title="bbox 80 589 1480 650; baseline 0.001 -15"><span class='ocrx_word' id='word_1_54' title='bbox 80 592 177 636; x_wconf 87' lang='lat' dir='ltr'>erit.</span> <span class='ocrx_word' id='word_1_55' title='bbox 204 590 382 636; x_wconf 79' lang='lat' dir='ltr'>Dicatur</span> <span class='ocrx_word' id='word_1_56' title='bbox 403 607 508 650; x_wconf 80' lang='lat' dir='ltr'>ergo</span> <span class='ocrx_word' id='word_1_57' title='bbox 531 591 669 637; x_wconf 89' lang='lat' dir='ltr'>virtus</span> <span class='ocrx_word' id='word_1_58' title='bbox 701 589 1058 636; x_wconf 86' lang='lat' dir='ltr'>metuendorum.</span> <span class='ocrx_word' id='word_1_59' title='bbox 1085 610 1106 635; x_wconf 90' lang='lat'>«</span> <span class='ocrx_word' id='word_1_60' title='bbox 1128 593 1186 636; x_wconf 91' lang='lat' dir='ltr'>Et</span> <span class='ocrx_word' id='word_1_61' title='bbox 1207 591 1480 650; x_wconf 87' lang='lat' dir='ltr'>magnitudi-</span> 
     </span>
     <span class='ocr_line' id='line_1_9' title="bbox 83 662 1478 723; baseline 0.001 -18"><span class='ocrx_word' id='word_1_62' title='bbox 83 681 104 704; x_wconf 89' lang='lat'>»</span> <span class='ocrx_word' id='word_1_63' title='bbox 141 677 241 706; x_wconf 85' lang='lat' dir='ltr'>nem</span> <span class='ocrx_word' id='word_1_64' title='bbox 278 671 395 706; x_wconf 88' lang='lat' dir='ltr'>tuam</span> <span class='ocrx_word' id='word_1_65' title='bbox 414 697 425 719; x_wconf 86' lang='lat'>,</span> <span class='ocrx_word' id='word_1_66' title='bbox 462 662 607 723; x_wconf 84' lang='lat' dir='ltr'>inquit</span> <span class='ocrx_word' id='word_1_67' title='bbox 623 698 634 718; x_wconf 91' lang='lat'>,</span> <span class='ocrx_word' id='word_1_68' title='bbox 661 662 930 707; x_wconf 84' lang='lat' dir='ltr'>enarrabunt</span> <span class='ocrx_word' id='word_1_69' title='bbox 957 677 1068 707; x_wconf 88' lang='lat' dir='ltr'>eam.</span> <span class='ocrx_word' id='word_1_70' title='bbox 1091 680 1112 704; x_wconf 85' lang='lat'>»</span> <span class='ocrx_word' id='word_1_71' title='bbox 1141 662 1210 708; x_wconf 90' lang='lat' dir='ltr'>Sic</span> <span class='ocrx_word' id='word_1_72' title='bbox 1230 662 1478 719; x_wconf 87' lang='lat' dir='ltr'>infinitam,</span> 
     </span>
     <span class='ocr_line' id='line_1_10' title="bbox 80 732 1480 792; baseline 0.001 -16"><span class='ocrx_word' id='word_1_73' title='bbox 80 732 141 776; x_wconf 91' lang='lat' dir='ltr'>sic</span> <span class='ocrx_word' id='word_1_74' title='bbox 173 732 398 792; x_wconf 87' lang='lat' dir='ltr'>quomodo</span> <span class='ocrx_word' id='word_1_75' title='bbox 423 732 737 792; x_wconf 81' lang='lat' dir='ltr'>magnitudinis</span> <span class='ocrx_word' id='word_1_76' title='bbox 759 742 846 778; x_wconf 84' lang='lat' dir='ltr'>tuae</span> <span class='ocrx_word' id='word_1_77' title='bbox 868 748 959 778; x_wconf 91' lang='lat' dir='ltr'>non</span> <span class='ocrx_word' id='word_1_78' title='bbox 981 742 1044 778; x_wconf 82' lang='lat' dir='ltr'>est</span> <span class='ocrx_word' id='word_1_79' title='bbox 1063 733 1160 778; x_wconf 88' lang='lat' dir='ltr'>finis</span> <span class='ocrx_word' id='word_1_80' title='bbox 1182 755 1193 792; x_wconf 77' lang='lat'>3</span> <span class='ocrx_word' id='word_1_81' title='bbox 1216 748 1306 778; x_wconf 92' lang='lat' dir='ltr'>non</span> <span class='ocrx_word' id='word_1_82' title='bbox 1329 732 1385 778; x_wconf 91' lang='lat' dir='ltr'>de</span> <span class='ocrx_word' id='word_1_83' title='bbox 1406 732 1480 778; x_wconf 89' lang='lat' dir='ltr'>illa</span> 
     </span>
     <span class='ocr_line' id='line_1_11' title="bbox 80 803 1478 865; baseline 0.001 -18"><span class='ocrx_word' id='word_1_84' title='bbox 80 804 304 848; x_wconf 86' lang='lat' dir='ltr'>tacebunt.</span> <span class='ocrx_word' id='word_1_85' title='bbox 329 803 471 859; x_wconf 90' lang='lat' dir='ltr'>Illam,</span> <span class='ocrx_word' id='word_1_86' title='bbox 496 803 694 865; x_wconf 87' lang='lat' dir='ltr'>inquam,</span> <span class='ocrx_word' id='word_1_87' title='bbox 708 822 730 847; x_wconf 91' lang='lat'>«</span> <span class='ocrx_word' id='word_1_88' title='bbox 744 803 1096 863; x_wconf 77' lang='lat' dir='ltr'>Magnitudinem</span> <span class='ocrx_word' id='word_1_89' title='bbox 1112 813 1251 860; x_wconf 81' lang='lat' dir='ltr'>tuam,</span> <span class='ocrx_word' id='word_1_90' title='bbox 1274 822 1295 846; x_wconf 93' lang='lat'>»</span> <span class='ocrx_word' id='word_1_91' title='bbox 1320 803 1376 848; x_wconf 91' lang='lat' dir='ltr'>de</span> <span class='ocrx_word' id='word_1_92' title='bbox 1389 819 1478 864; x_wconf 86' lang='lat' dir='ltr'>qua</span> 
     </span>
     <span class='ocr_line' id='line_1_12' title="bbox 77 873 1475 934; baseline 0.001 -16"><span class='ocrx_word' id='word_1_93' title='bbox 77 874 276 934; x_wconf 88' lang='lat' dir='ltr'>superius</span> <span class='ocrx_word' id='word_1_94' title='bbox 310 873 505 918; x_wconf 83' lang='lat' dir='ltr'>dixeram</span> <span class='ocrx_word' id='word_1_95' title='bbox 537 894 547 920; x_wconf 78' lang='lat' dir='ltr'><em>z</em></span> <span class='ocrx_word' id='word_1_96' title='bbox 578 894 598 918; x_wconf 92' lang='lat'>«</span> <span class='ocrx_word' id='word_1_97' title='bbox 623 877 681 920; x_wconf 87' lang='lat' dir='ltr'>Et</span> <span class='ocrx_word' id='word_1_98' title='bbox 707 873 1022 934; x_wconf 84' lang='lat' dir='ltr'>magnitudinis</span> <span class='ocrx_word' id='word_1_99' title='bbox 1052 884 1140 919; x_wconf 90' lang='lat' dir='ltr'>tuae</span> <span class='ocrx_word' id='word_1_100' title='bbox 1162 890 1252 920; x_wconf 93' lang='lat' dir='ltr'>non</span> <span class='ocrx_word' id='word_1_101' title='bbox 1274 883 1338 919; x_wconf 88' lang='lat' dir='ltr'>est</span> <span class='ocrx_word' id='word_1_102' title='bbox 1358 875 1475 931; x_wconf 90' lang='lat' dir='ltr'>finis,</span> 
     </span>
     <span class='ocr_line' id='line_1_13' title="bbox 80 943 1480 1006; baseline 0.002 -20"><span class='ocrx_word' id='word_1_103' title='bbox 80 943 383 988; x_wconf 87' lang='lat' dir='ltr'>»enarrabunt</span> <span class='ocrx_word' id='word_1_104' title='bbox 395 959 490 988; x_wconf 90' lang='lat' dir='ltr'>eam</span> <span class='ocrx_word' id='word_1_105' title='bbox 504 979 516 1001; x_wconf 86' lang='lat'>‚</span> <span class='ocrx_word' id='word_1_106' title='bbox 535 962 556 987; x_wconf 90' lang='lat'>»</span> <span class='ocrx_word' id='word_1_107' title='bbox 569 944 794 1006; x_wconf 91' lang='lat' dir='ltr'>quomodo</span> <span class='ocrx_word' id='word_1_108' title='bbox 805 945 1074 991; x_wconf 87' lang='lat' dir='ltr'>enarrabunt</span> <span class='ocrx_word' id='word_1_109' title='bbox 1088 960 1199 1001; x_wconf 91' lang='lat' dir='ltr'>eam,</span> <span class='ocrx_word' id='word_1_110' title='bbox 1220 946 1255 990; x_wconf 91' lang='lat' dir='ltr'>si</span> <span class='ocrx_word' id='word_1_111' title='bbox 1273 945 1371 990; x_wconf 91' lang='lat' dir='ltr'>finis</span> <span class='ocrx_word' id='word_1_112' title='bbox 1388 961 1480 990; x_wconf 90' lang='lat' dir='ltr'>non</span> 
     </span>
     <span class='ocr_line' id='line_1_14' title="bbox 79 1014 1480 1076; baseline 0.001 -17"><span class='ocrx_word' id='word_1_113' title='bbox 79 1016 176 1059; x_wconf 80' lang='lat' dir='ltr'>est?</span> <span class='ocrx_word' id='word_1_114' title='bbox 197 1016 483 1060; x_wconf 89' lang='lat' dir='ltr'>Enarrabunt</span> <span class='ocrx_word' id='word_1_115' title='bbox 496 1031 592 1060; x_wconf 89' lang='lat' dir='ltr'>eam</span> <span class='ocrx_word' id='word_1_116' title='bbox 610 1051 623 1072; x_wconf 92' lang='lat'>,</span> <span class='ocrx_word' id='word_1_117' title='bbox 646 1031 748 1061; x_wconf 91' lang='lat' dir='ltr'>cum</span> <span class='ocrx_word' id='word_1_118' title='bbox 764 1014 1014 1061; x_wconf 85' lang='lat' dir='ltr'>laudabunt</span> <span class='ocrx_word' id='word_1_119' title='bbox 1035 1031 1131 1061; x_wconf 90' lang='lat' dir='ltr'>eam</span> <span class='ocrx_word' id='word_1_120' title='bbox 1157 1035 1165 1061; x_wconf 89' lang='lat'>:</span> <span class='ocrx_word' id='word_1_121' title='bbox 1194 1025 1238 1060; x_wconf 91' lang='lat' dir='ltr'>et</span> <span class='ocrx_word' id='word_1_122' title='bbox 1259 1016 1363 1076; x_wconf 86' lang='lat' dir='ltr'>quia</span> <span class='ocrx_word' id='word_1_123' title='bbox 1380 1016 1480 1061; x_wconf 88' lang='lat' dir='ltr'>finis</span> 
     </span>
     <span class='ocr_line' id='line_1_15' title="bbox 78 1086 1481 1147; baseline 0.001 -17"><span class='ocrx_word' id='word_1_124' title='bbox 78 1088 172 1147; x_wconf 88' lang='lat' dir='ltr'>ejus</span> <span class='ocrx_word' id='word_1_125' title='bbox 193 1101 282 1130; x_wconf 93' lang='lat' dir='ltr'>non</span> <span class='ocrx_word' id='word_1_126' title='bbox 298 1096 377 1142; x_wconf 89' lang='lat' dir='ltr'>est,</span> <span class='ocrx_word' id='word_1_127' title='bbox 389 1087 450 1131; x_wconf 91' lang='lat' dir='ltr'>sic</span> <span class='ocrx_word' id='word_1_128' title='bbox 467 1096 511 1131; x_wconf 91' lang='lat' dir='ltr'>et</span> <span class='ocrx_word' id='word_1_129' title='bbox 529 1086 672 1131; x_wconf 88' lang='lat' dir='ltr'>laudis</span> <span class='ocrx_word' id='word_1_130' title='bbox 689 1088 781 1147; x_wconf 87' lang='lat' dir='ltr'>ejus</span> <span class='ocrx_word' id='word_1_131' title='bbox 797 1103 889 1131; x_wconf 93' lang='lat' dir='ltr'>non</span> <span class='ocrx_word' id='word_1_132' title='bbox 902 1088 983 1131; x_wconf 86' lang='lat' dir='ltr'>erit</span> <span class='ocrx_word' id='word_1_133' title='bbox 995 1087 1107 1131; x_wconf 87' lang='lat' dir='ltr'>finis.</span> <span class='ocrx_word' id='word_1_134' title='bbox 1121 1087 1363 1131; x_wconf 90' lang='lat' dir='ltr'>Probemus</span> <span class='ocrx_word' id='word_1_135' title='bbox 1377 1088 1481 1147; x_wconf 91' lang='lat' dir='ltr'>quia</span> 
     </span>
     <span class='ocr_line' id='line_1_16' title="bbox 75 1156 1480 1217; baseline 0.001 -17"><span class='ocrx_word' id='word_1_136' title='bbox 75 1172 167 1201; x_wconf 92' lang='lat' dir='ltr'>non</span> <span class='ocrx_word' id='word_1_137' title='bbox 185 1157 266 1200; x_wconf 85' lang='lat' dir='ltr'>erit</span> <span class='ocrx_word' id='word_1_138' title='bbox 282 1156 380 1201; x_wconf 87' lang='lat' dir='ltr'>finis</span> <span class='ocrx_word' id='word_1_139' title='bbox 394 1156 536 1201; x_wconf 88' lang='lat' dir='ltr'>laudis</span> <span class='ocrx_word' id='word_1_140' title='bbox 559 1157 666 1216; x_wconf 89' lang='lat' dir='ltr'>ejus.</span> <span class='ocrx_word' id='word_1_141' title='bbox 695 1175 716 1200; x_wconf 77' lang='grc' dir='ltr'>α</span> <span class='ocrx_word' id='word_1_142' title='bbox 742 1157 891 1212; x_wconf 86' lang='lat' dir='ltr'>Beati,</span> <span class='ocrx_word' id='word_1_143' title='bbox 915 1157 1060 1217; x_wconf 89' lang='lat' dir='ltr'>inquit</span> <span class='ocrx_word' id='word_1_144' title='bbox 1080 1192 1092 1213; x_wconf 92' lang='lat'>,</span> <span class='ocrx_word' id='word_1_145' title='bbox 1114 1156 1193 1217; x_wconf 85' lang='lat' dir='ltr'>qui</span> <span class='ocrx_word' id='word_1_146' title='bbox 1213 1157 1415 1201; x_wconf 88' lang='lat' dir='ltr'>habitant</span> <span class='ocrx_word' id='word_1_147' title='bbox 1433 1158 1480 1202; x_wconf 89' lang='lat' dir='ltr'>in</span> 
     </span>
     <span class='ocr_line' id='line_1_17' title="bbox 78 1226 1480 1288; baseline 0.002 -19"><span class='ocrx_word' id='word_1_148' title='bbox 78 1245 98 1270; x_wconf 88' lang='lat'>»</span> <span class='ocrx_word' id='word_1_149' title='bbox 120 1227 253 1274; x_wconf 91' lang='lat' dir='ltr'>domo</span> <span class='ocrx_word' id='word_1_150' title='bbox 271 1237 362 1283; x_wconf 88' lang='lat' dir='ltr'>tua,</span> <span class='ocrx_word' id='word_1_151' title='bbox 377 1228 423 1271; x_wconf 89' lang='lat' dir='ltr'>in</span> <span class='ocrx_word' id='word_1_152' title='bbox 436 1226 596 1272; x_wconf 86' lang='lat' dir='ltr'>saecula</span> <span class='ocrx_word' id='word_1_153' title='bbox 608 1226 870 1272; x_wconf 88' lang='lat' dir='ltr'>saeculorum</span> <span class='ocrx_word' id='word_1_154' title='bbox 882 1227 1132 1273; x_wconf 88' lang='lat' dir='ltr'>laudabunt</span> <span class='ocrx_word' id='word_1_155' title='bbox 1143 1237 1187 1272; x_wconf 92' lang='lat' dir='ltr'>te</span> <span class='ocrx_word' id='word_1_156' title='bbox 1199 1229 1229 1272; x_wconf 85' lang='lat'>¹.</span> <span class='ocrx_word' id='word_1_157' title='bbox 1241 1230 1299 1273; x_wconf 91' lang='lat' dir='ltr'>Et</span> <span class='ocrx_word' id='word_1_158' title='bbox 1312 1229 1480 1288; x_wconf 84' lang='lat' dir='ltr'>magni-</span> 
     </span>
     <span class='ocr_line' id='line_1_18' title="bbox 77 1297 1475 1354; baseline 0.001 -15"><span class='ocrx_word' id='word_1_159' title='bbox 77 1315 98 1339; x_wconf 89' lang='lat'>»</span> <span class='ocrx_word' id='word_1_160' title='bbox 110 1298 311 1342; x_wconf 87' lang='lat' dir='ltr'>tudinem</span> <span class='ocrx_word' id='word_1_161' title='bbox 324 1307 471 1342; x_wconf 85' lang='lat' dir='ltr'>tuam»</span> <span class='ocrx_word' id='word_1_162' title='bbox 485 1297 622 1353; x_wconf 85' lang='lat' dir='ltr'>illam,</span> <span class='ocrx_word' id='word_1_163' title='bbox 634 1297 749 1341; x_wconf 85' lang='lat' dir='ltr'>illam</span> <span class='ocrx_word' id='word_1_164' title='bbox 763 1297 996 1354; x_wconf 87' lang='lat' dir='ltr'>infinitam,</span> <span class='ocrx_word' id='word_1_165' title='bbox 1006 1316 1027 1340; x_wconf 86' lang='lat'>«</span> <span class='ocrx_word' id='word_1_166' title='bbox 1036 1297 1321 1343; x_wconf 86' lang='lat' dir='ltr'>Enarrabunt</span> <span class='ocrx_word' id='word_1_167' title='bbox 1333 1314 1444 1343; x_wconf 87' lang='lat' dir='ltr'>eam.</span> <span class='ocrx_word' id='word_1_168' title='bbox 1454 1316 1475 1340; x_wconf 90' lang='lat'>»</span> 
     </span>
    </p>

    <p class='ocr_par' dir='ltr' id='par_1_6' title="bbox 73 1367 1479 2491">
     <span class='ocr_line' id='line_1_19' title="bbox 134 1367 1478 1415; baseline 0.002 -3"><span class='ocrx_word' id='word_1_169' title='bbox 134 1370 214 1412; x_wconf 84' lang='lat' dir='ltr'>IX.</span> <span class='ocrx_word' id='word_1_170' title='bbox 252 1387 272 1411; x_wconf 95' lang='lat'>«</span> <span class='ocrx_word' id='word_1_171' title='bbox 313 1369 570 1413; x_wconf 86' lang='lat' dir='ltr'>Memoriam</span> <span class='ocrx_word' id='word_1_172' title='bbox 599 1367 883 1413; x_wconf 85' lang='lat' dir='ltr'>abundantiae</span> <span class='ocrx_word' id='word_1_173' title='bbox 916 1369 1140 1415; x_wconf 86' lang='lat' dir='ltr'>suavitatis</span> <span class='ocrx_word' id='word_1_174' title='bbox 1167 1378 1256 1413; x_wconf 89' lang='lat' dir='ltr'>tuae</span> <span class='ocrx_word' id='word_1_175' title='bbox 1302 1378 1478 1415; x_wconf 87' lang='lat' dir='ltr'>eructa-</span> 
     </span>
     <span class='ocr_line' id='line_1_20' title="bbox 77 1436 1478 1501; baseline 0.004 -22"><span class='ocrx_word' id='word_1_176' title='bbox 77 1455 98 1480; x_wconf 87' lang='lat'>»</span> <span class='ocrx_word' id='word_1_177' title='bbox 133 1438 248 1483; x_wconf 88' lang='lat' dir='ltr'>bunt</span> <span class='ocrx_word' id='word_1_178' title='bbox 261 1442 294 1482; x_wconf 69' lang='lat'>².</span> <span class='ocrx_word' id='word_1_179' title='bbox 321 1458 339 1481; x_wconf 90' lang='lat'>»</span> <span class='ocrx_word' id='word_1_180' title='bbox 365 1440 402 1483; x_wconf 92' lang='grc' dir='ltr'><strong>Ο</strong></span> <span class='ocrx_word' id='word_1_181' title='bbox 425 1439 575 1498; x_wconf 88' lang='lat' dir='ltr'>epulas</span> <span class='ocrx_word' id='word_1_182' title='bbox 592 1436 740 1483; x_wconf 86' lang='lat' dir='ltr'>felices</span> <span class='ocrx_word' id='word_1_183' title='bbox 763 1439 772 1482; x_wconf 75' lang='lat' dir='ltr'>l</span> <span class='ocrx_word' id='word_1_184' title='bbox 800 1438 914 1493; x_wconf 85' lang='lat' dir='ltr'>Quid</span> <span class='ocrx_word' id='word_1_185' title='bbox 936 1440 1271 1485; x_wconf 84' lang='lat' dir='ltr'>manducabunt</span> <span class='ocrx_word' id='word_1_186' title='bbox 1286 1475 1297 1496; x_wconf 88' lang='lat'>,</span> <span class='ocrx_word' id='word_1_187' title='bbox 1322 1441 1400 1501; x_wconf 89' lang='lat' dir='ltr'>qui</span> <span class='ocrx_word' id='word_1_188' title='bbox 1417 1441 1478 1486; x_wconf 90' lang='lat' dir='ltr'>sic</span> 
     </span>
     <span class='ocr_line' id='line_1_21' title="bbox 74 1508 1475 1555; baseline 0.001 -3"><span class='ocrx_word' id='word_1_189' title='bbox 74 1509 372 1553; x_wconf 75' lang='lat' dir='ltr'>eructabunt?</span> <span class='ocrx_word' id='word_1_190' title='bbox 398 1528 418 1551; x_wconf 87' lang='lat'>«</span> <span class='ocrx_word' id='word_1_191' title='bbox 442 1509 700 1554; x_wconf 85' lang='lat' dir='ltr'>Memoriam</span> <span class='ocrx_word' id='word_1_192' title='bbox 730 1508 1016 1553; x_wconf 85' lang='lat' dir='ltr'>abundantiae</span> <span class='ocrx_word' id='word_1_193' title='bbox 1052 1510 1274 1554; x_wconf 87' lang='lat' dir='ltr'>suavitatis</span> <span class='ocrx_word' id='word_1_194' title='bbox 1316 1520 1416 1555; x_wconf 81' lang='lat' dir='ltr'>tuae.</span> <span class='ocrx_word' id='word_1_195' title='bbox 1452 1529 1475 1553; x_wconf 87' lang='lat'>»</span> 
     </span>
     <span class='ocr_line' id='line_1_22' title="bbox 75 1578 1478 1635; baseline 0.002 -12"><span class='ocrx_word' id='word_1_196' title='bbox 75 1578 193 1633; x_wconf 85' lang='lat' dir='ltr'>Quid</span> <span class='ocrx_word' id='word_1_197' title='bbox 210 1588 274 1623; x_wconf 91' lang='lat' dir='ltr'>est</span> <span class='ocrx_word' id='word_1_198' title='bbox 293 1614 304 1634; x_wconf 88' lang='lat'>,</span> <span class='ocrx_word' id='word_1_199' title='bbox 329 1598 350 1622; x_wconf 73' lang='grc' dir='ltr'>α</span> <span class='ocrx_word' id='word_1_200' title='bbox 373 1580 629 1624; x_wconf 89' lang='lat' dir='ltr'>Memoriam</span> <span class='ocrx_word' id='word_1_201' title='bbox 653 1578 939 1624; x_wconf 85' lang='lat' dir='ltr'>abundantiae</span> <span class='ocrx_word' id='word_1_202' title='bbox 962 1580 1186 1625; x_wconf 85' lang='lat' dir='ltr'>suavitatis</span> <span class='ocrx_word' id='word_1_203' title='bbox 1203 1589 1307 1625; x_wconf 90' lang='lat' dir='ltr'>tuae.</span> <span class='ocrx_word' id='word_1_204' title='bbox 1329 1582 1478 1635; x_wconf 87' lang='lat' dir='ltr'>»Quia</span> 
     </span>
     <span class='ocr_line' id='line_1_23' title="bbox 73 1649 1477 1706; baseline 0.001 -11"><span class='ocrx_word' id='word_1_205' title='bbox 73 1666 154 1695; x_wconf 92' lang='lat' dir='ltr'>nos</span> <span class='ocrx_word' id='word_1_206' title='bbox 190 1650 351 1696; x_wconf 87' lang='lat' dir='ltr'>oblitus</span> <span class='ocrx_word' id='word_1_207' title='bbox 374 1667 465 1696; x_wconf 92' lang='lat' dir='ltr'>non</span> <span class='ocrx_word' id='word_1_208' title='bbox 493 1667 537 1695; x_wconf 92' lang='lat' dir='ltr'>es</span> <span class='ocrx_word' id='word_1_209' title='bbox 555 1686 566 1706; x_wconf 88' lang='lat'>,</span> <span class='ocrx_word' id='word_1_210' title='bbox 592 1666 695 1696; x_wconf 91' lang='lat' dir='ltr'>cum</span> <span class='ocrx_word' id='word_1_211' title='bbox 727 1649 853 1696; x_wconf 88' lang='lat' dir='ltr'>obliti</span> <span class='ocrx_word' id='word_1_212' title='bbox 884 1660 928 1696; x_wconf 90' lang='lat' dir='ltr'>te</span> <span class='ocrx_word' id='word_1_213' title='bbox 962 1667 1041 1696; x_wconf 90' lang='lat' dir='ltr'>nos</span> <span class='ocrx_word' id='word_1_214' title='bbox 1069 1650 1299 1696; x_wconf 88' lang='lat' dir='ltr'>fuerimus.</span> <span class='ocrx_word' id='word_1_215' title='bbox 1325 1653 1477 1697; x_wconf 90' lang='lat' dir='ltr'>Omnis</span> 
     </span>
     <span class='ocr_line' id='line_1_24' title="bbox 74 1721 1477 1783; baseline 0.002 -18"><span class='ocrx_word' id='word_1_216' title='bbox 74 1722 193 1775; x_wconf 83' lang='lat' dir='ltr'>enim</span> <span class='ocrx_word' id='word_1_217' title='bbox 215 1737 315 1766; x_wconf 89' lang='lat' dir='ltr'>caro</span> <span class='ocrx_word' id='word_1_218' title='bbox 338 1721 475 1767; x_wconf 88' lang='lat' dir='ltr'>oblita</span> <span class='ocrx_word' id='word_1_219' title='bbox 497 1731 590 1767; x_wconf 86' lang='lat' dir='ltr'>erat</span> <span class='ocrx_word' id='word_1_220' title='bbox 611 1725 769 1777; x_wconf 89' lang='lat' dir='ltr'>Deum,</span> <span class='ocrx_word' id='word_1_221' title='bbox 784 1721 859 1766; x_wconf 91' lang='lat' dir='ltr'>ille</span> <span class='ocrx_word' id='word_1_222' title='bbox 876 1731 1028 1767; x_wconf 88' lang='lat' dir='ltr'>tamen</span> <span class='ocrx_word' id='word_1_223' title='bbox 1049 1738 1182 1783; x_wconf 89' lang='lat' dir='ltr'>opera</span> <span class='ocrx_word' id='word_1_224' title='bbox 1199 1738 1276 1767; x_wconf 89' lang='lat' dir='ltr'>sua</span> <span class='ocrx_word' id='word_1_225' title='bbox 1299 1738 1390 1767; x_wconf 90' lang='lat' dir='ltr'>non</span> <span class='ocrx_word' id='word_1_226' title='bbox 1412 1733 1477 1768; x_wconf 86' lang='lat' dir='ltr'>est</span> 
     </span>
     <span class='ocr_line' id='line_1_25' title="bbox 76 1793 1477 1854; baseline 0.001 -16"><span class='ocrx_word' id='word_1_227' title='bbox 76 1793 255 1838; x_wconf 88' lang='lat' dir='ltr'>oblitus.</span> <span class='ocrx_word' id='word_1_228' title='bbox 279 1796 384 1838; x_wconf 87' lang='lat' dir='ltr'>Haec</span> <span class='ocrx_word' id='word_1_229' title='bbox 405 1794 616 1838; x_wconf 84' lang='lat' dir='ltr'>memoria</span> <span class='ocrx_word' id='word_1_230' title='bbox 639 1794 730 1854; x_wconf 87' lang='lat' dir='ltr'>ejus</span> <span class='ocrx_word' id='word_1_231' title='bbox 752 1808 882 1853; x_wconf 89' lang='lat' dir='ltr'>super</span> <span class='ocrx_word' id='word_1_232' title='bbox 899 1809 977 1838; x_wconf 90' lang='lat' dir='ltr'>nos</span> <span class='ocrx_word' id='word_1_233' title='bbox 995 1829 1007 1849; x_wconf 85' lang='lat'>‚</span> <span class='ocrx_word' id='word_1_234' title='bbox 1028 1794 1130 1854; x_wconf 86' lang='lat' dir='ltr'>quia</span> <span class='ocrx_word' id='word_1_235' title='bbox 1151 1809 1242 1838; x_wconf 92' lang='lat' dir='ltr'>non</span> <span class='ocrx_word' id='word_1_236' title='bbox 1258 1809 1337 1839; x_wconf 92' lang='lat' dir='ltr'>nos</span> <span class='ocrx_word' id='word_1_237' title='bbox 1362 1794 1477 1839; x_wconf 92' lang='lat' dir='ltr'>obli-</span> 
     </span>
     <span class='ocr_line' id='line_1_26' title="bbox 74 1863 1479 1925; baseline 0.001 -18"><span class='ocrx_word' id='word_1_238' title='bbox 74 1873 145 1908; x_wconf 89' lang='lat' dir='ltr'>tus</span> <span class='ocrx_word' id='word_1_239' title='bbox 165 1873 243 1919; x_wconf 88' lang='lat' dir='ltr'>est,</span> <span class='ocrx_word' id='word_1_240' title='bbox 264 1863 544 1924; x_wconf 89' lang='lat' dir='ltr'>praedicanda</span> <span class='ocrx_word' id='word_1_241' title='bbox 566 1873 646 1919; x_wconf 87' lang='lat' dir='ltr'>est,</span> <span class='ocrx_word' id='word_1_242' title='bbox 664 1864 908 1909; x_wconf 85' lang='lat' dir='ltr'>enarranda</span> <span class='ocrx_word' id='word_1_243' title='bbox 925 1873 990 1909; x_wconf 89' lang='lat' dir='ltr'>est</span> <span class='ocrx_word' id='word_1_244' title='bbox 1011 1883 1020 1909; x_wconf 80' lang='lat'>2</span> <span class='ocrx_word' id='word_1_245' title='bbox 1045 1874 1089 1909; x_wconf 86' lang='lat' dir='ltr'>et</span> <span class='ocrx_word' id='word_1_246' title='bbox 1111 1865 1215 1925; x_wconf 88' lang='lat' dir='ltr'>quia</span> <span class='ocrx_word' id='word_1_247' title='bbox 1232 1863 1359 1909; x_wconf 88' lang='lat' dir='ltr'>valde</span> <span class='ocrx_word' id='word_1_248' title='bbox 1380 1865 1479 1909; x_wconf 91' lang='lat' dir='ltr'>dul-</span> 
     </span>
     <span class='ocr_line' id='line_1_27' title="bbox 77 1934 1478 1992; baseline 0.002 -14"><span class='ocrx_word' id='word_1_249' title='bbox 77 1935 136 1979; x_wconf 90' lang='lat' dir='ltr'>cis</span> <span class='ocrx_word' id='word_1_250' title='bbox 171 1943 234 1978; x_wconf 87' lang='lat' dir='ltr'>est</span> <span class='ocrx_word' id='word_1_251' title='bbox 250 1970 261 1990; x_wconf 90' lang='lat'>,</span> <span class='ocrx_word' id='word_1_252' title='bbox 283 1934 607 1980; x_wconf 77' lang='lat' dir='ltr'>&#39;manducanda</span> <span class='ocrx_word' id='word_1_253' title='bbox 630 1944 674 1979; x_wconf 89' lang='lat' dir='ltr'>et</span> <span class='ocrx_word' id='word_1_254' title='bbox 702 1934 942 1979; x_wconf 86' lang='lat' dir='ltr'>eructanda</span> <span class='ocrx_word' id='word_1_255' title='bbox 959 1944 1037 1979; x_wconf 86' lang='lat' dir='ltr'>est.</span> <span class='ocrx_word' id='word_1_256' title='bbox 1067 1934 1135 1980; x_wconf 92' lang='lat' dir='ltr'>Sic</span> <span class='ocrx_word' id='word_1_257' title='bbox 1153 1936 1372 1980; x_wconf 85' lang='lat' dir='ltr'>manduca</span> <span class='ocrx_word' id='word_1_258' title='bbox 1391 1971 1402 1992; x_wconf 94' lang='lat'>‚</span> <span class='ocrx_word' id='word_1_259' title='bbox 1427 1946 1478 1981; x_wconf 90' lang='lat' dir='ltr'>ut</span> 
     </span>
     <span class='ocr_line' id='line_1_28' title="bbox 78 2004 1477 2065; baseline 0.001 -16"><span class='ocrx_word' id='word_1_260' title='bbox 78 2014 247 2049; x_wconf 87' lang='lat' dir='ltr'>eructes</span> <span class='ocrx_word' id='word_1_261' title='bbox 268 2026 279 2062; x_wconf 77' lang='lat'>3</span> <span class='ocrx_word' id='word_1_262' title='bbox 313 2006 374 2049; x_wconf 89' lang='lat' dir='ltr'>sic</span> <span class='ocrx_word' id='word_1_263' title='bbox 397 2005 544 2065; x_wconf 85' lang='lat' dir='ltr'>accipe</span> <span class='ocrx_word' id='word_1_264' title='bbox 563 2041 573 2060; x_wconf 89' lang='lat'>‚</span> <span class='ocrx_word' id='word_1_265' title='bbox 600 2014 651 2049; x_wconf 90' lang='lat' dir='ltr'>ut</span> <span class='ocrx_word' id='word_1_266' title='bbox 674 2004 765 2050; x_wconf 91' lang='lat' dir='ltr'>des.</span> <span class='ocrx_word' id='word_1_267' title='bbox 788 2004 1046 2061; x_wconf 90' lang='lat' dir='ltr'>Manducas,</span> <span class='ocrx_word' id='word_1_268' title='bbox 1068 2021 1171 2050; x_wconf 89' lang='lat' dir='ltr'>cum</span> <span class='ocrx_word' id='word_1_269' title='bbox 1194 2005 1336 2062; x_wconf 87' lang='lat' dir='ltr'>discis,</span> <span class='ocrx_word' id='word_1_270' title='bbox 1358 2022 1477 2052; x_wconf 87' lang='lat' dir='ltr'>eruc-</span> 
     </span>
     <span class='ocr_line' id='line_1_29' title="bbox 77 2074 1478 2134; baseline 0.001 -14"><span class='ocrx_word' id='word_1_271' title='bbox 77 2084 168 2130; x_wconf 87' lang='lat' dir='ltr'>tas,</span> <span class='ocrx_word' id='word_1_272' title='bbox 200 2091 304 2119; x_wconf 91' lang='lat' dir='ltr'>cum</span> <span class='ocrx_word' id='word_1_273' title='bbox 335 2074 492 2133; x_wconf 78' lang='lat' dir='ltr'>doces3</span> <span class='ocrx_word' id='word_1_274' title='bbox 525 2076 786 2132; x_wconf 84' lang='lat' dir='ltr'>manducas,</span> <span class='ocrx_word' id='word_1_275' title='bbox 831 2091 933 2121; x_wconf 90' lang='lat' dir='ltr'>cum</span> <span class='ocrx_word' id='word_1_276' title='bbox 965 2075 1088 2121; x_wconf 89' lang='lat' dir='ltr'>audis</span> <span class='ocrx_word' id='word_1_277' title='bbox 1108 2112 1120 2132; x_wconf 95' lang='lat'><strong>‚</strong></span> <span class='ocrx_word' id='word_1_278' title='bbox 1145 2086 1316 2122; x_wconf 88' lang='lat' dir='ltr'>eructas</span> <span class='ocrx_word' id='word_1_279' title='bbox 1336 2113 1348 2134; x_wconf 88' lang='lat'>,</span> <span class='ocrx_word' id='word_1_280' title='bbox 1375 2093 1478 2122; x_wconf 91' lang='lat' dir='ltr'>cum</span> 
     </span>
     <span class='ocr_line' id='line_1_30' title="bbox 75 2145 1478 2209; baseline 0.002 -20"><span class='ocrx_word' id='word_1_281' title='bbox 75 2145 314 2206; x_wconf 87' lang='lat' dir='ltr'>praedicas:</span> <span class='ocrx_word' id='word_1_282' title='bbox 350 2147 435 2191; x_wconf 92' lang='lat' dir='ltr'>hoc</span> <span class='ocrx_word' id='word_1_283' title='bbox 463 2155 611 2192; x_wconf 87' lang='lat' dir='ltr'>tamen</span> <span class='ocrx_word' id='word_1_284' title='bbox 638 2156 808 2191; x_wconf 87' lang='lat' dir='ltr'>eructas</span> <span class='ocrx_word' id='word_1_285' title='bbox 825 2181 837 2203; x_wconf 91' lang='lat'>,</span> <span class='ocrx_word' id='word_1_286' title='bbox 875 2146 996 2209; x_wconf 78' lang='lat' dir='ltr'>quod</span> <span class='ocrx_word' id='word_1_287' title='bbox 1018 2146 1307 2193; x_wconf 85' lang='lat' dir='ltr'>manducasti.</span> <span class='ocrx_word' id='word_1_288' title='bbox 1342 2149 1478 2194; x_wconf 89' lang='lat' dir='ltr'>Deni-</span> 
     </span>
     <span class='ocr_line' id='line_1_31' title="bbox 76 2216 1475 2278; baseline 0.002 -17"><span class='ocrx_word' id='word_1_289' title='bbox 76 2233 163 2277; x_wconf 87' lang='lat' dir='ltr'>que</span> <span class='ocrx_word' id='word_1_290' title='bbox 185 2216 258 2260; x_wconf 89' lang='lat' dir='ltr'>ille</span> <span class='ocrx_word' id='word_1_291' title='bbox 280 2216 548 2262; x_wconf 86' lang='lat' dir='ltr'>avidissimus</span> <span class='ocrx_word' id='word_1_292' title='bbox 580 2216 780 2277; x_wconf 89' lang='lat' dir='ltr'>epulator</span> <span class='ocrx_word' id='word_1_293' title='bbox 801 2220 992 2262; x_wconf 88' lang='lat' dir='ltr'>Joannes</span> <span class='ocrx_word' id='word_1_294' title='bbox 1015 2218 1258 2278; x_wconf 81' lang='lat' dir='ltr'>apostolus,</span> <span class='ocrx_word' id='word_1_295' title='bbox 1290 2219 1362 2264; x_wconf 90' lang='lat' dir='ltr'>cui</span> <span class='ocrx_word' id='word_1_296' title='bbox 1383 2235 1475 2266; x_wconf 91' lang='lat' dir='ltr'>non</span> 
     </span>
     <span class='ocr_line' id='line_1_32' title="bbox 77 2287 1476 2351; baseline 0.002 -19"><span class='ocrx_word' id='word_1_297' title='bbox 77 2287 322 2332; x_wconf 86' lang='lat' dir='ltr'>sufficiebat</span> <span class='ocrx_word' id='word_1_298' title='bbox 355 2288 446 2347; x_wconf 86' lang='lat' dir='ltr'>ipsa</span> <span class='ocrx_word' id='word_1_299' title='bbox 482 2303 630 2331; x_wconf 88' lang='lat' dir='ltr'>mensa</span> <span class='ocrx_word' id='word_1_300' title='bbox 663 2288 867 2345; x_wconf 89' lang='lat' dir='ltr'>Domini,</span> <span class='ocrx_word' id='word_1_301' title='bbox 904 2289 987 2333; x_wconf 89' lang='lat' dir='ltr'>nisi</span> <span class='ocrx_word' id='word_1_302' title='bbox 1016 2288 1313 2335; x_wconf 90' lang='lat' dir='ltr'>discumberet</span> <span class='ocrx_word' id='word_1_303' title='bbox 1344 2307 1476 2351; x_wconf 89' lang='lat' dir='ltr'>super</span> 
     </span>
     <span class='ocr_line' id='line_1_33' title="bbox 77 2358 1474 2420; baseline 0.004 -19"><span class='ocrx_word' id='word_1_304' title='bbox 77 2367 230 2418; x_wconf 86' lang='lat' dir='ltr'>pectus</span> <span class='ocrx_word' id='word_1_305' title='bbox 250 2358 426 2403; x_wconf 89' lang='lat' dir='ltr'>Domini</span> <span class='ocrx_word' id='word_1_306' title='bbox 439 2359 454 2384; x_wconf 77' lang='lat'>³</span> <span class='ocrx_word' id='word_1_307' title='bbox 467 2393 478 2414; x_wconf 88' lang='lat'>,</span> <span class='ocrx_word' id='word_1_308' title='bbox 496 2367 540 2402; x_wconf 89' lang='lat' dir='ltr'>et</span> <span class='ocrx_word' id='word_1_309' title='bbox 562 2358 617 2402; x_wconf 89' lang='lat' dir='ltr'>de</span> <span class='ocrx_word' id='word_1_310' title='bbox 637 2373 794 2404; x_wconf 91' lang='lat' dir='ltr'>arcano</span> <span class='ocrx_word' id='word_1_311' title='bbox 816 2360 908 2420; x_wconf 84' lang='lat' dir='ltr'>ejus</span> <span class='ocrx_word' id='word_1_312' title='bbox 929 2359 1103 2403; x_wconf 86' lang='lat' dir='ltr'>biberet</span> <span class='ocrx_word' id='word_1_313' title='bbox 1120 2358 1269 2405; x_wconf 85' lang='lat' dir='ltr'>divina</span> <span class='ocrx_word' id='word_1_314' title='bbox 1294 2370 1474 2418; x_wconf 88' lang='lat' dir='ltr'>secreta,</span> 
     </span>
     <span class='ocr_line' id='line_1_34' title="bbox 78 2429 1478 2491; baseline 0.004 -18"><span class='ocrx_word' id='word_1_315' title='bbox 78 2429 187 2491; x_wconf 90' lang='lat' dir='ltr'>quid</span> <span class='ocrx_word' id='word_1_316' title='bbox 214 2430 458 2475; x_wconf 80' lang='lat' dir='ltr'>eructavit?</span> <span class='ocrx_word' id='word_1_317' title='bbox 485 2449 504 2472; x_wconf 89' lang='lat'>«</span> <span class='ocrx_word' id='word_1_318' title='bbox 530 2433 582 2474; x_wconf 91' lang='lat' dir='ltr'>In</span> <span class='ocrx_word' id='word_1_319' title='bbox 609 2430 826 2491; x_wconf 90' lang='lat' dir='ltr'>principio</span> <span class='ocrx_word' id='word_1_320' title='bbox 847 2440 941 2476; x_wconf 90' lang='lat' dir='ltr'>erat</span> <span class='ocrx_word' id='word_1_321' title='bbox 957 2431 1155 2476; x_wconf 88' lang='lat' dir='ltr'>Verbum</span> <span class='ocrx_word' id='word_1_322' title='bbox 1171 2467 1182 2488; x_wconf 87' lang='lat'>,</span> <span class='ocrx_word' id='word_1_323' title='bbox 1207 2442 1252 2478; x_wconf 89' lang='lat' dir='ltr'>et</span> <span class='ocrx_word' id='word_1_324' title='bbox 1280 2432 1478 2478; x_wconf 85' lang='lat' dir='ltr'>Verbum</span> 
     </span>
    </p>
   </div>
   <div class='ocr_carea' id='block_1_6' title="bbox 128 2513 1138 2558">
    <p class='ocr_par' dir='ltr' id='par_1_7' title="bbox 128 2513 1138 2558">
     <span class='ocr_line' id='line_1_35' title="bbox 128 2513 1138 2558; baseline 0.004 -13"><span class='ocrx_word' id='word_1_325' title='bbox 128 2520 138 2536; x_wconf 84' lang='lat'><em>¹</em></span> <span class='ocrx_word' id='word_1_326' title='bbox 158 2513 238 2546; x_wconf 85' lang='lat' dir='ltr'>Psal.</span> <span class='ocrx_word' id='word_1_327' title='bbox 259 2524 391 2556; x_wconf 67' lang='lat' dir='ltr'>Lxxxm,</span> <span class='ocrx_word' id='word_1_328' title='bbox 405 2514 439 2548; x_wconf 85' lang='lat'>5.</span> <span class='ocrx_word' id='word_1_329' title='bbox 457 2531 499 2539; x_wconf 93' lang='lat'><em>-</em></span> <span class='ocrx_word' id='word_1_330' title='bbox 518 2514 596 2548; x_wconf 81' lang='lat' dir='ltr'>²1d.</span> <span class='ocrx_word' id='word_1_331' title='bbox 614 2521 720 2557; x_wconf 72' lang='lat' dir='ltr'>exuv,</span> <span class='ocrx_word' id='word_1_332' title='bbox 738 2526 772 2558; x_wconf 87' lang='lat'>7.</span> <span class='ocrx_word' id='word_1_333' title='bbox 796 2513 864 2541; x_wconf 76' lang='grc'>-3</span> <span class='ocrx_word' id='word_1_334' title='bbox 879 2517 974 2550; x_wconf 82' lang='lat' dir='ltr'>Joan.</span> <span class='ocrx_word' id='word_1_335' title='bbox 993 2526 1063 2558; x_wconf 80' lang='lat' dir='ltr'>xm,</span> <span class='ocrx_word' id='word_1_336' title='bbox 1083 2516 1138 2549; x_wconf 83' lang='lat'>23.</span> 
     </span>
    </p>
   </div>
  </div>
 </body>
</html>
