1815 3253
327 253 383 294 94
763 262 797 290 s.
831 260 1061 292 Aucus'nm
1092 265 1274 293 EP1sc01³1

327 347 351 375 a
373 345 418 375 se
438 344 533 374 eam
555 327 730 389 repulit.
747 328 789 374 Si
806 329 921 373 enim
943 329 1183 374 accessisset
1203 329 1259 373 ad
1280 329 1423 388 ipsum
1441 327 1708 373 Pharisaeum

324 401 421 446 talis
449 400 627 456 mulier,
651 400 726 444 ille
747 400 824 461 qui
845 399 1107 445 munditiam
1128 400 1305 445 tenebat
1337 401 1458 461 quasi
1478 401 1524 444 in
1543 414 1672 444 carne
1691 433 1704 454 ‚
1771 445 1773 450 ,

323 472 567 516 exsufflaret
580 505 591 526 ‚
619 470 868 530 repelleret,
901 470 1126 530 abjiceret3
1161 486 1217 515 ne
1255 469 1481 514 immunda
1513 476 1709 527 tangeret
1770 464 1773 483 ²

324 541 563 596 mundum,
586 550 630 586 et
645 541 958 586 contaminaret
981 542 1071 601 ejus
1091 540 1369 585 munditiam.
1385 540 1497 594 Quia
1513 540 1598 584 hoc
1619 553 1710 583 non

323 611 429 657 fecit
450 612 680 668 Dominus,
708 612 805 657 ideo
825 611 950 656 illurn
973 611 1156 656 credidit
1177 612 1360 656 nescisse
1394 610 1533 671 qualis
1553 607 1710 653 mulier

322 682 383 726 illi
408 683 651 727 accessisset
675 682 730 726 ad
753 681 898 742 pedes.
924 681 1135 726 Dominus
1159 691 1304 726 autem
1322 697 1412 725 non
1428 680 1570 725 solum
1591 678 1710 723 illam

325 762 531 809 noverat,
565 753 640 797 sed
673 762 716 797 et
749 743 1031 811 cogitafiones
1061 752 1177 796 illius
1210 752 1415 796 audiebat
1441 771 1450 796 z
1474 752 1577 811 quia
1601 759 1644 794 et
1675 750 1711 799 si
1769 792 1771 811 ἔ

323 833 548 868 contactus
564 824 755 883 corporis
773 822 939 883 aliquid
951 821 1069 877 facit,
1085 838 1111 867 o
1128 822 1355 866 immunde
1368 822 1594 876 Pharisaee‚
1611 835 1711 864 caro
1768 815 1770 828 ³

325 894 498 937 Domini
514 902 658 952 posset
670 892 807 952 pollui
825 902 1030 937 contactu
1046 892 1252 948 mulieris,
1269 908 1323 936 an
1331 891 1488 936 mulier
1507 890 1712 935 mundari

322 971 529 1007 contactu
561 962 763 1006 Domini?
801 962 1085 1007 Permittebat
1112 971 1259 1006 autem
1289 962 1484 1006 medicus
1505 969 1712 1018 aegrotam
1768 953 1769 1023 J

322 1041 501 1091 tangere
513 1031 902 1089 medicamentum3
920 1041 963 1076 et
974 1031 1047 1076 illa
1058 1048 1156 1092 quae
1172 1041 1365 1087 venerat,
1383 1040 1563 1077 noverat
1578 1029 1713 1074 medi,
1767 1027 1769 1078 f

324 1118 442 1161 cum3
453 1115 495 1147 et
503 1118 601 1162 quae
609 1101 829 1146 solebatin
838 1118 913 1146 sua
922 1101 1206 1147 fornicatione
1216 1101 1394 1146 fortasse
1403 1117 1489 1146 esse
1499 1101 1708 1155 frontosa,
1766 1111 1769 1159 g

326 1172 562 1217 frotonsior
578 1171 691 1216 facta
724 1181 788 1216 est
821 1172 876 1216 ad
905 1173 1104 1217 salutem.
1142 1174 1304 1232 Irrupit
1325 1173 1371 1216 in
1392 1171 1598 1224 domum,
1623 1185 1712 1231 quo
1766 1162 1768 1184 ⁵

326 1260 416 1288 non
437 1253 528 1287 erat
549 1244 727 1287 invitata
749 1262 758 1287 ε
783 1243 858 1287 sed
880 1243 1060 1288 vulnera
1096 1244 1312 1298 habebat,
1345 1252 1388 1287 et
1409 1242 1514 1287 illuc
1533 1250 1714 1287 venerat
1766 1241 1767 1246 ’

328 1314 406 1357 ubi
426 1313 622 1357 medicus
642 1313 939 1357 recumbebat.
964 1313 1043 1357 llle
1065 1322 1210 1357 autem
1234 1314 1309 1373 qui
1340 1313 1596 1356 invitaverat
1618 1326 1712 1355 me-
1765 1335 1767 1355 ι

328 1383 503 1437 dicum,
538 1398 666 1426 sanus
695 1382 776 1426 sibi
809 1382 1060 1437 videbatur,
1085 1392 1314 1442 propterea
1336 1398 1425 1427 non
1458 1383 1708 1427 curabatur.
1764 1379 1767 1431 J

327 1456 425 1497 Jam
446 1468 546 1512 quae
567 1462 811 1512 sequuntur
833 1453 879 1496 in
901 1453 1140 1512 Evangelio
1161 1454 1328 1510 nostis3
1350 1453 1572 1513 quomodo
1604 1468 1712 1497 con-

327 1523 449 1568 fusus
471 1524 637 1583 estipse
656 1523 918 1578 Pharisaeus,
943 1539 1044 1568 cum
1072 1524 1111 1567 ei
1133 1524 1382 1568 ostenderet
1403 1525 1504 1584 quia
1526 1534 1570 1568 et
1593 1523 1713 1568 illam
1763 1549 1764 1562 ι

326 1594 553 1639 mulierem
575 1604 776 1649 noverat,
799 1604 842 1638 et
863 1595 1173 1653 cogitationem
1197 1595 1329 1654 ipsius
1347 1595 1557 1639 audierat.
1762 1645 1764 1652 Ι

385 1668 463 1709 VI.
488 1665 574 1710 Sed
597 1664 652 1708 ad
674 1664 718 1708 id
740 1673 1008 1709 revertamur
1026 1699 1037 1720 ,
1066 1664 1187 1724 quod
1219 1664 1351 1708 modo
1387 1664 1443 1708 de
1477 1664 1713 1722 Evangelio
1762 1700 1763 1706 ,

326 1736 488 1780 lectum
505 1745 583 1790 est,
604 1736 725 1794 quod
747 1735 934 1794 pertinet
951 1734 1005 1779 ad
1029 1744 1286 1794 praesentem
1309 1750 1497 1790 versum,
1525 1735 1603 1778 ubi
1625 1734 1715 1779 dic·
1761 1776 1763 1781 ,

328 1816 423 1851 tum
445 1815 509 1850 est
530 1825 539 1850 :
567 1823 587 1847 (t
611 1804 848 1864 Impletum
884 1814 948 1849 est
975 1806 1133 1864 gaudio
1169 1821 1217 1850 os
1247 1814 1444 1850 nostrum
1465 1840 1476 1860 ‚
1502 1814 1544 1849 et
1565 1805 1713 1863 lingua
1761 1820 1763 1835 ¹

330 1896 351 1919 »
386 1885 533 1921 nostra
550 1875 813 1920 exultatione
831 1895 840 1920 ε
857 1895 875 1918 »
896 1876 1133 1936 quaerimus
1151 1876 1265 1919 enim
1284 1911 1295 1930 7
1315 1876 1436 1935 quod
1453 1891 1499 1920 os
1517 1911 1528 1930 ‚
1550 1884 1593 1919 et
1614 1891 1714 1936 quae

328 1947 493 2006 lingua.
513 1945 724 1990 Attendat
741 1946 938 1990 Charitas
956 1949 1122 1990 Vestra.
1136 1945 1399 1990 Insultatum
1422 1955 1487 1990 est
1507 1946 1709 1997 Domino,

329 2017 432 2077 quia
453 2032 541 2060 non
562 2015 661 2059 lotis
682 2016 882 2059 manibus
905 2015 1110 2075 Discipuli
1129 2017 1220 2075 ejus
1242 2015 1572 2060 manducarent.
1602 2019 1712 2060 Res·
1759 2041 1761 2047 f

330 2086 486 2147 pondit
501 2085 585 2129 illis
598 2086 808 2130 Dominus
830 2086 940 2130 sicut
962 2087 1206 2145 oportebat,
1223 2095 1266 2130 et
1286 2085 1448 2145 vocatis
1469 2086 1609 2130 turbis
1630 2087 1709 2131 ait:
1758 2101 1760 2122 ³

335 2177 356 2200 «
390 2155 550 2202 Audite
572 2171 721 2200 omnes
738 2191 749 2210 ‚
770 2165 814 2200 et
833 2156 1060 2215 intelligite
1087 2176 1096 2201 ε
1125 2158 1266 2200 Omne
1288 2156 1409 2216 quod
1426 2156 1559 2200 intrat
1578 2157 1623 2200 in
1641 2171 1709 2210 os,
1758 2174 1759 2199 z

335 2246 356 2270 u
390 2243 480 2272 non
512 2227 766 2286 coinquinat
795 2226 1018 2270 hominem
1039 2261 1049 2278 ,
1074 2225 1148 2270 sed
1171 2226 1290 2285 quod
1306 2227 1391 2270 exit
1408 2229 1438 2269 ¹.
1466 2245 1487 2267 »
1513 2225 1630 2279 Quid
1650 2235 1714 2270 est
1756 2211 1759 2279 J

331 2299 416 2342 hoc
433 2299 451 2341 Ρ
469 2299 581 2341 Cum
604 2295 713 2340 dixit
735 2314 744 2340 ι
768 2315 788 2338 «
811 2296 941 2349 Quod
967 2296 1101 2340 intrat
1126 2296 1170 2339 in
1189 2311 1234 2340 os
1255 2331 1266 2351 ‚
1293 2314 1314 2337 n
1340 2296 1513 2340 nonnisi
1535 2312 1582 2341 os
1615 2311 1713 2341 cor-

332 2368 447 2428 poris
467 2365 607 2411 voluit
628 2365 870 2410 ostendere.
897 2369 1068 2410 Intrant
1092 2369 1208 2409 enim
1230 2366 1331 2420 cibi⁷
1348 2376 1392 2411 et
1412 2382 1502 2418 non
1518 2367 1714 2426 coinqui-
1756 2406 1757 2411 ,

333 2447 441 2482 nant
456 2437 654 2481 homines
674 2437 760 2479 cibi
786 2455 795 2480 ε
820 2436 944 2496 quia,
970 2455 989 2477 «
1008 2437 1163 2480 Omnia
1185 2436 1348 2481 munda
1371 2436 1591 2482 mundis²z
1609 2455 1631 2478 η
1649 2445 1708 2491 et,
1755 2427 1757 2450 ³

337 2528 356 2552 «
391 2508 543 2552 Omnis
576 2515 771 2551 creatura
804 2506 882 2551 Dei
915 2507 1030 2552 bona
1066 2516 1130 2552 est
1144 2542 1155 2562 ,
1190 2516 1233 2552 et
1268 2506 1377 2552 nihil
1419 2506 1710 2566 abjiciendum

381 2597 391 2614 ¹
410 2590 523 2624 Matth.
537 2601 594 2632 xv,
620 2601 671 2623 11.
691 2606 733 2613 —
753 2596 765 2613 ²
784 2590 848 2622 Tit.
871 2600 894 2631 1,
918 2589 968 2622 15.
