1815 3253
389 206 473 245 354
818 216 852 244 s.
889 217 1118 245 Anaua-mm
1150 218 1331 245 EPlscoPl

384 281 468 326 illis
503 281 588 325 fuit
621 281 667 325 in
696 280 825 326 vultu
856 296 961 338 suo,
998 282 1110 325 bene
1141 282 1226 326 illis
1258 282 1339 326 erit
1375 296 1473 326 cum
1513 281 1640 325 vultu
1672 290 1767 324 tuot-

385 350 573 404 Quando
604 349 777 395 vultum
802 366 930 394 suum
960 361 1243 407 amaverunt,
1271 352 1317 395 in
1350 350 1508 395 sudore
1535 350 1682 395 vultus
1704 350 1769 394 sui

385 436 544 481 panem
580 420 1002 465 manducaverunt¹.
1039 420 1238 465 Redeant
1254 457 1265 477 ,
1305 432 1362 465 ets
1381 420 1550 464 deterso
1583 420 1766 474 sudorei,

384 492 516 536 finitis
538 491 762 536 laboribus
777 527 788 547 ‚
814 501 1024 551 pereunte
1053 493 1216 551 gemitu
1233 528 1244 547 ,
1274 493 1422 536 veniet
1441 491 1523 535 illis
1545 491 1673 535 facies
1698 500 1770 536 tua

385 562 614 607 abundans
641 563 914 607 sufficientia.
953 562 1070 608 Nihil
1091 573 1290 622 quaerent
1318 562 1503 622 amplius
1521 597 1532 617 ‚
1553 562 1655 622 quia
1675 577 1770 605 me-

383 633 465 678 lius
482 649 572 678 non
593 633 758 676 habent
776 654 787 691 3
807 633 992 692 amplius
1011 648 1101 676 non
1121 643 1163 677 te
1184 634 1398 688 deserent,
1416 649 1496 677 nec
1518 631 1787 676 deserentur*
1811 685 1815 700 Ι

384 720 408 748 a
428 713 487 748 te.
515 704 690 747 Etenim
705 713 804 762 post
826 703 1185 747 resurrectionem
1202 704 1256 747 de
1275 705 1459 748 Domino
1476 702 1585 763 quid
1606 702 1785 747 dictum

384 774 480 817 est?
501 771 803 831 «Adimplebis
820 788 889 815 me
910 772 1059 816 laetitia
1080 788 1180 817 cum
1201 772 1329 817 vultu
1347 782 1425 817 tuo
1438 776 1470 816 2.
1489 773 1624 817 »Sine
1647 771 1772 817 vultu

382 858 463 886 suo
486 857 576 886 non
597 841 726 885 nobis
747 842 870 885 daret
896 841 1107 886 laetitiam.
1135 842 1203 886 Ad
1227 843 1310 887 hoc
1335 857 1572 902 purgamus
1598 840 1775 886 vultum⁴

385 922 582 957 nostrum
599 947 610 967 ‚
645 921 695 956 ut
732 912 997 971 gaudeamus
1027 913 1082 957 ad
1103 912 1277 957 vultum
1299 914 1447 973 ipsius.
1489 933 1509 955 «
1533 912 1632 956 Filii
1657 913 1781 957 enim

389 1001 410 1025 »
446 982 524 1027 Dei
542 997 692 1026 sumus
709 1017 721 1037 ‚
746 991 789 1026 et
811 982 1010 1027 nondum
1036 985 1236 1043 apparuit
1258 983 1366 1044 quid
1398 984 1557 1027 erimus
1583 1002 1593 1027 ι
1615 954 1782 1026 scimus!

390 1071 411 1096 »
446 1054 563 1113 quia,
590 1068 691 1097 cum
715 1054 987 1113 apparuerit,
1017 1054 1177 1098 similes
1206 1054 1245 1098 ei
1266 1055 1425 1098 erimus
1441 1089 1451 1109 ‚
1478 1053 1682 1113 quoniam
1705 1053 1770 1097 vi-

389 1142 409 1166 »
444 1124 644 1167 debimus
666 1139 768 1166 eum
795 1124 922 1168 sicuti
943 1125 1052 1167 est3.
1089 1142 1108 1165 »
1137 1124 1248 1178 Quia
1274 1144 1295 1166 (ι
1320 1124 1640 1168 Inhabitabunt
1661 1123 1779 1204 recti

387 1213 408 1236 η
444 1210 545 1238 cum
567 1193 690 1238 vultu
712 1203 806 1238 tuo.
826 1212 845 1235 »
868 1197 1150 1238 Putamus-ne
1171 1210 1271 1239 cum
1290 1195 1416 1239 vultu
1438 1195 1591 1248 Patris,
1618 1203 1661 1237 et
1683 1197 1777 1238 noh

387 1280 487 1308 cum
520 1263 647 1309 vultu
681 1267 712 1307 F
718 1263 780 1307 ilii
792 1266 810 1305 ⁶?
833 1279 888 1307 an
924 1279 1025 1307 cum
1046 1264 1173 1308 vultu
1197 1264 1320 1319 Filii,
1345 1273 1389 1307 et
1415 1279 1516 1308 eum
1537 1263 1664 1308 vultu
1692 1267 1776 1308 Pa:-

388 1334 500 1378 tris?
521 1349 578 1377 an
594 1348 708 1377 unus
726 1332 918 1393 quodam
940 1332 1072 1377 modo
1100 1333 1248 1378 vultus
1271 1335 1406 1378 Patris
1429 1344 1472 1378 et
1492 1333 1590 1378 Filii
1613 1343 1656 1377 et
1677 1333 1767 1392 spis

389 1405 497 1448 ritus
514 1404 651 1448 sancti
669 1406 688 1448 Ξ)
716 1403 949 1447 Videamus
972 1404 1006 1448 si
1027 1420 1117 1448 non
1139 1404 1264 1448 nohis
1286 1405 1376 1464 ipse
1399 1405 1534 1448 Filius
1556 1404 1773 1464 promittit

387 1475 559 1520 vultum
583 1490 711 1518 suum
726 1509 738 1529 ⁷
768 1474 887 1518 unde
911 1490 990 1519 nos
1022 1474 1145 1519 laetos
1168 1475 1313 1519 faciet.
1339 1475 1472 1520 Modo
1496 1476 1579 1520 hoc
1606 1475 1773 1534 capitu-

387 1545 481 1589 lum
501 1545 548 1588 in
565 1543 802 1602 Evangelio
819 1579 830 1598 ‚
856 1543 978 1604 quod
1000 1545 1099 1588 huie
1124 1545 1294 1589 Psalmo
1317 1554 1609 1599 attestaretur,
1632 1544 1770 1588 Domi·
1797 1572 1815 1594 r

388 1631 470 1659 nus
488 1618 600 1659 Deus
619 1614 859 1673 inspiravit,
876 1623 925 1657 ut
945 1614 1178 1673 legeretur.
1205 1615 1277 1659 Ait
1295 1616 1410 1659 enim
1427 1616 1517 1674 ipse
1540 1614 1749 1658 Dominus

393 1704 414 1728 «
448 1686 534 1738 Qui
556 1685 679 1728 audit
705 1693 920 1743 praecepta
942 1699 1063 1739 mea,
1088 1693 1130 1728 et
1167 1685 1356 1729 custodit
1385 1700 1434 1728 ea
1454 1720 1464 1740 ,
1496 1685 1585 1744 ipse
1613 1694 1678 1728 est
1697 1699 1767 1744 qu
1793 1696 1815 1755 del

392 1774 412 1798 >³
448 1755 590 1814 diligit
621 1770 691 1799 me
717 1774 726 1799 ε
751 1764 791 1799 et
814 1756 890 1815 qui
911 1754 1052 1813 diligit
1073 1771 1168 1810 me,
1194 1755 1398 1814 diligetur
1428 1773 1451 1800 a
1483 1760 1609 1800 Patre
1642 1770 1766 1799 meo.
1793 1765 1814 1810 ξω]

397 2551 465 2579 xiv,
484 2548 539 2572 21.
