1815 3253
313 215 368 254 ’78
743 224 778 252 s.
812 221 1044 254 AUGUSTINI
1075 225 1258 255 Emscon

308 291 447 336 licitas
469 298 641 346 nostra,
671 289 773 350 quia
795 289 1054 335 habebimus
1083 290 1301 336 civitatem
1317 323 1328 345 ‚
1353 304 1485 350 quam
1507 289 1696 334 circum-

309 361 527 407 dederunt
547 370 715 406 montes
727 363 745 403 ’ἔ
775 363 891 406 Num
922 361 1040 405 enim
1061 377 1152 406 non
1173 361 1373 406 novimus
1395 362 1589 405 montes?
1622 368 1699 405 aut

309 431 418 492 quid
437 440 540 476 sunt
559 441 728 476 montes
742 466 753 487 ,
775 432 856 476 nisi
883 439 1077 476 tumores
1100 432 1345 476 terrarum?
1367 430 1453 475 Alii
1473 439 1575 475 sunt
1597 445 1699 488 ergo

309 511 480 546 montes
510 501 740 557 amabiles,
768 510 935 547 montes
954 501 1133 556 excelsi,
1155 500 1456 561 praedicatores
1480 501 1670 544 veritatis
1685 535 1696 556 ‚

310 572 397 617 sive
415 571 570 631 Angeli
590 607 600 627 ‚
626 572 714 617 sive
727 570 945 631 Apostoli,
962 572 1050 617 sive
1068 573 1311 631 Prophetae.
1329 571 1413 631 lpsi
1431 579 1531 616 sunt
1552 571 1598 614 in
1614 571 1701 615 cir-

310 643 432 688 cuitu
440 641 678 687 Jerusalem
693 642 915 687 :ambiunt
926 641 1240 703 illam,etquasi
1251 657 1427 686 murum
1440 641 1504 685 illi
1516 640 1697 686 faciunt.

310 716 373 758 De
389 713 455 758 his
469 713 691 758 montibus
705 712 964 757 amabilibus
977 721 1021 757 et
1035 711 1366 769 delectabilibus
1383 711 1552 756 assidue
1564 711 1706 771 Scrip-

311 793 410 829 tura
426 783 636 845 loquitur.
664 783 890 830 Advertite
911 799 1012 828 cum
1034 782 1191 828 auditis
1211 781 1281 827 vel
1308 781 1453 841 legitis
1467 817 1479 837 ‚
1503 781 1706 841 pluribus

311 854 416 899 locis
455 854 656 901 invenitis
684 863 853 898 montes
874 852 1179 908 delectabileS‚
1210 867 1342 912 quam
1371 868 1450 897 nos
1477 867 1705 912 possumus

312 939 667 969 commemorare.
687 926 998 968 Verumtamen
1018 932 1233 984 quantum
1254 923 1462 967 Dominus
1483 923 1675 982 suggerit
1689 957 1702 978 ‚

313 993 500 1039 delectat
520 1010 598 1039 nos
621 993 676 1038 de
696 994 762 1038 his
776 994 998 1038 montibus
1021 993 1158 1037 multa
1179 993 1344 1050 diem-03
1364 1002 1408 1037 et
1419 993 1565 1037 divina
1586 993 1708 1038 testi-
1770 1011 1772 1026 1

315 1065 460 1110 monia
469 1064 524 1108 de
532 1063 705 1110 Litteris
719 1065 876 1108 sanctis
890 1072 1174 1109 occurrerunt
1182 1063 1320 1107 nobis.
1330 1064 1413 1122 Ipsi
1426 1071 1528 1107 sunt
1536 1071 1707 1108 montes

315 1135 391 1196 qui
414 1134 717 1179 illuminantur
739 1150 762 1178 a
783 1137 873 1179 Deo
900 1154 908 1179 :
935 1143 979 1178 et
995 1134 1191 1194 primitus
1209 1132 1539 1188 illuminantur,
1569 1142 1620 1176 ut
1649 1132 1705 1177 ab

314 1205 415 1266 ipsis
448 1204 600 1250 lumen
623 1204 858 1249 descendat
879 1204 935 1248 ad
952 1203 1110 1259 valles,
1140 1202 1208 1247 vel
1229 1202 1282 1247 ad
1304 1202 1457 1261 colles3
1481 1203 1582 1263 quia
1615 1219 1706 1248 non

315 1285 448 1320 tantae
470 1285 573 1320 sunt
595 1274 855 1331 altitudinis,
876 1284 1052 1334 quantae
1074 1283 1175 1318 sunt
1194 1283 1378 1319 montes.
1398 1274 1484 1333 Ipsi
1506 1283 1608 1318 sunt
1626 1289 1704 1333 per

316 1362 425 1407 quos
449 1346 574 1391 nobis
592 1355 862 1406 praerogatur
886 1347 1129 1405 Scriptura,
1155 1346 1242 1389 sive
1269 1345 1315 1388 in
1335 1345 1567 1403 Prophetia
1582 1379 1593 1398 ‚
1617 1344 1705 1389 sive
1768 1337 1770 1368 ³

316 1417 361 1459 in
382 1415 599 1476 Apostolis
616 1451 627 1471 ,
659 1416 746 1460 sive
768 1416 813 1460 in
835 1415 1086 1474 Evangelio.
1107 1416 1192 1474 Ipsi
1213 1424 1314 1459 sunt
1335 1424 1504 1459 montes
1525 1414 1580 1458 de
1602 1414 1704 1474 qui·

316 1486 399 1530 bus
436 1494 661 1530 cantamus
679 1520 690 1541 ,
732 1485 936 1529 «Levavi
966 1484 1114 1529 oculos
1154 1500 1272 1530 meos
1305 1485 1350 1528 in
1370 1494 1561 1540 monteS‚
1587 1485 1705 1529 unde
1766 1482 1769 1517 ³

319 1575 338 1598 »
373 1557 520 1602 veniet
552 1555 759 1600 auxilium
784 1555 917 1599 mihi.-
947 1575 964 1597 »
1004 1555 1106 1615 quia
1129 1555 1183 1599 dc
1209 1555 1440 1615 Scripturis
1469 1555 1626 1600 sanctis
1658 1555 1704 1599 in

316 1626 398 1671 hac
419 1626 507 1671 vita
529 1626 741 1669 habemus
763 1623 985 1669 auxilium.
1010 1624 1094 1669 Sed
1107 1625 1208 1684 quia
1226 1625 1305 1684 ipsi
1320 1634 1485 1668 montes
1507 1639 1597 1668 non
1613 1640 1638 1668 a
1659 1639 1704 1668 se
1764 1650 1767 1661 2

316 1706 632 1758 proteguntur3
656 1712 736 1741 nec
758 1713 781 1740 a
798 1695 953 1755 seipsis
974 1695 1100 1739 nobis
1118 1695 1369 1751 consulunt,
1394 1711 1474 1740 nec
1495 1711 1590 1755 spes
1607 1711 1704 1742 nos-

316 1777 381 1813 tra
395 1768 527 1812 debet
544 1782 633 1811 esse
657 1767 702 1810 in
720 1766 942 1810 montibus
957 1801 968 1821 ,
993 1782 1074 1810 nec
1098 1766 1316 1811 maledicti
1333 1767 1465 1811 simus
1487 1768 1563 1826 qui
1581 1782 1703 1826 spem

316 1839 362 1883 in
383 1839 560 1884 homine
583 1838 812 1898 ponimus¹
830 1856 838 1881 :
853 1838 944 1897 jam
967 1837 1160 1892 dixerat,
1190 1856 1209 1879 «
1235 1837 1392 1882 Levavi
1415 1837 1563 1882 oeulos
1583 1853 1702 1882 meos
1762 1844 1764 1894 j

318 1927 338 1951 »
374 1909 420 1953 in
449 1918 618 1954 montes
638 1943 649 1964 ‚
674 1906 792 1951 unde
813 1907 959 1952 veniet
981 1906 1186 1951 auxilium
1209 1907 1316 1950 mihi
1337 1926 1346 1952 ε
1367 1906 1610 1963 Auxilium,
1635 1908 1703 1952 in-

319 1997 339 2021 »
374 1980 486 2040 quit,
498 1994 644 2023 meum
659 1994 682 2022 a
697 1978 898 2033 Domino,
913 1977 989 2038 qui
1009 1978 1111 2022 fecit
1126 1977 1288 2022 coelum
1306 1988 1349 2022 et
1368 1988 1523 2022 terram
1539 1980 1599 2022 ².»
1614 1979 1702 2038 Ipsi

315 2059 418 2094 sunt
446 2058 613 2094 montes
639 2049 693 2092 de
725 2048 883 2109 quibus
907 2048 1010 2092 item
1044 2048 1174 2103 dicit,
1210 2068 1230 2091 «
1269 2050 1512 2109 Suscipiant
1533 2058 1702 2094 montes
1760 2042 1763 2088 ἱ

320 2140 338 2162 »
374 2135 525 2179 pacem
542 2118 706 2178 populo
727 2128 825 2174 tuo,
850 2127 894 2162 et
909 2116 1039 2162 colles
1051 2118 1265 2178 justitiam
1278 2120 1338 2163 ³.»
1365 2122 1537 2164 Montes
1554 2119 1701 2178 magni
1760 2115 1761 2123 ¹

315 2198 438 2244 sunt,
465 2199 507 2233 et
538 2188 668 2233 colles
690 2190 876 2232 minores
897 2197 1014 2231 sunt.
1039 2191 1208 2232 Montes
1237 2204 1340 2247 ergo
1362 2188 1537 2244 vident,
1570 2189 1701 2234 eolles
1759 2177 1761 2228 1

316 2259 502 2304 credunt
520 2278 528 2303 :
546 2259 622 2319 qui
642 2257 793 2302 vident
811 2292 823 2312 ‚
860 2272 1010 2317 pacem
1032 2267 1313 2317 susceperunt
1329 2267 1370 2302 et
1388 2258 1628 2303 attulerunt
1644 2258 1700 2302 ad
1758 2276 1760 2310 5

315 2346 386 2374 eos
408 2330 484 2390 qui
506 2328 706 2374 credunt.
732 2329 814 2381 Qui
837 2328 949 2371 enim
972 2327 1156 2371 credunt
1171 2362 1181 2382 ,
1202 2328 1442 2387 suscipiunt
1456 2330 1667 2389 justitiam
1685 2348 1695 2374 z
1758 2326 1760 2390 ξ

315 2400 437 2461 quia,
469 2419 484 2439 «
512 2403 660 2443 Justus
681 2415 731 2442 ex
748 2398 834 2442 fide
856 2398 1001 2441 vivit4.
1021 2416 1039 2438 »
1061 2397 1214 2454 Angcli
1236 2398 1411 2454 vident,
1437 2400 1699 2444 annuntiant
1756 2442 1758 2445 ,

316 2470 436 2532 quod
460 2470 631 2524 vident,
657 2478 700 2512 et
727 2468 941 2512 credimus
964 2482 1056 2511 nos.
1083 2470 1270 2512 ,Ioannes
1294 2467 1365 2512 ille
1388 2488 1396 2512 ;
1427 2487 1447 2510 «
1471 2472 1522 2512 In
1543 2469 1698 2528 princi·

364 2562 373 2580 ¹
396 2558 515 2588 Jerem.
535 2565 617 2597 xvn,
637 2553 724 2586 5.-
743 2560 756 2576 ³
775 2552 854 2585 Psal.
872 2563 943 2595 cxx,
966 2564 995 2594 1,
1013 2561 1045 2586 2.
1065 2569 1107 2575 ——
1123 2550 1136 2575 3
1158 2554 1204 2586 Id.
1225 2564 1311 2596 mxxi,
1331 2554 1363 2586 3.
1383 2571 1425 2577 -
1445 2553 1460 2584 4
1474 2557 1564 2587 Rom.
1585 2565 1610 2594 1,
1627 2565 1679 2596 17-

1756 2462 1758 2481 1

1756 2485 1758 2522 l

1756 2534 1757 2552 1

1754 2561 1756 2600 1
