1815 3253
351 194 433 231 398
787 203 820 230 s.
855 202 1086 232 Aucusnm
1116 205 1298 233 Emscom

346 268 462 327 poris
480 302 491 323 ‚
511 276 562 311 ut
582 267 700 312 intus
717 268 793 312 fiat
826 268 950 313 ruina
967 269 1123 313 cordis.
1156 272 1265 315 Nam
1288 269 1322 313 si
1343 267 1525 314 cadente
1549 283 1729 329 corpore
1755 299 1759 302 -

348 347 430 381 stat
448 338 589 381 anima
606 374 616 393 ‚
642 337 884 398 muscipula
902 339 1168 383 comminuta
1190 348 1274 394 est,
1300 348 1343 384 et
1364 355 1442 383 nos
1462 338 1634 383 liberati
1655 355 1730 383 su—

347 423 458 452 mus.
484 411 603 468 Ergo-
620 418 722 452 sunt
743 417 786 452 et
814 407 885 452 alii
919 409 1061 453 hostes
1092 410 1246 465 nostri,
1281 426 1305 454 a
1327 409 1485 470 quibus
1506 409 1730 469 deprecari

347 476 556 522 debemus
582 482 717 522 Deum
736 487 785 522 ut
807 488 931 523 eruat
954 495 1052 533 nos,
1078 494 1133 522 ne
1153 478 1362 524 seducant
1389 495 1467 524 nos
1485 514 1496 534 ,
1521 479 1590 523 vel
1612 477 1738 526 frac-,

347 558 412 594 tos
432 549 634 594 molestiis
651 549 952 605 saecularibus,
977 550 1047 594 vel
1061 550 1262 595 inductos
1279 550 1508 595 illecebris.
1533 551 1614 604 Qui
1629 559 1733 596 sunt

346 619 416 663 isti
438 620 616 664 hostes?
638 619 870 664 Videamus
896 620 930 664 si
951 620 1006 664 ab
1021 619 1167 680 aliquo
1186 636 1309 665 servo
1333 621 1555 665 Dominico
1585 629 1731 680 aperte

346 690 675 745 describuntur,
701 691 755 734 ab
795 690 941 751 aliquo
978 690 1115 735 milite
1142 691 1365 750 perfecto,
1405 691 1606 750 quicum
1645 689 1731 734 illis

346 776 599 819 congressus
616 770 694 804 est.
712 761 828 805 Audi
844 761 1101 820 Apostolum
1118 760 1357 805 dicentem:
1381 764 1509 807 «Non
1525 770 1590 805 est
1607 760 1732 805 vobis

350 847 370 871 »
405 829 656 875 colluctatio
691 830 893 875 adversus
927 847 1101 875 carnem
1138 841 1182 875 et
1211 831 1509 890 sanguinem1.
1536 849 1556 872 »
1588 831 1732 876 Nolite

347 901 470 961 quasi
492 902 591 946 odia
608 911 747 946 vestra
765 911 1016 946 convertere
1038 902 1084 946 in
1098 902 1296 946 homines
1315 937 1326 953 ,
1346 911 1389 946 et
1405 917 1478 946 eos
1492 902 1616 946 vobis
1637 901 1734 945 hos-

348 980 409 1016 tes
427 973 690 1027 existimare‚
705 982 748 1016 et
761 988 912 1017 eorum
933 972 1166 1018 inimicitiis
1178 989 1252 1018 vos
1270 973 1434 1017 conteri
1450 982 1602 1032 putare
1627 991 1637 1017 :
1660 972 1732 1016 isti

346 1043 543 1087 homines
565 1059 674 1103 quos
691 1043 872 1098 timetis,
893 1060 994 1088 caro
1011 1053 1054 1088 et
1069 1043 1240 1101 sanguis
1261 1053 1362 1087 sunt
1381 1064 1392 1100 3
1420 1062 1440 1086 «
1460 1046 1558 1088 Non
1581 1052 1644 1087 est
1661 1058 1732 1087 vo-

350 1130 370 1154 »
406 1113 471 1157 bis
505 1113 755 1157 colluctatio
787 1113 990 1158 adversus
1022 1129 1195 1158 carnem
1228 1123 1270 1159 et
1306 1114 1576 1171 sanguinem.
1604 1131 1625 1154 »
1665 1113 1732 1158 Sic-

351 1182 488 1227 voluit
518 1182 683 1238 dicere,
722 1193 1004 1228 contemnens
1042 1185 1270 1228 hominum
1309 1183 1634 1228 mortalitatem.
1675 1186 1734 1228 Et

347 1252 550 1298 adversus
572 1244 714 1314 quos?
740 1273 760 1296 «
780 1254 996 1299 Adversus
1020 1255 1236 1314 principes
1253 1289 1264 1309 ‚
1283 1254 1448 1315 inquit,
1474 1264 1517 1298 et
1538 1263 1731 1313 potesta-

350 1341 370 1364 »
407 1332 490 1378 tes,
523 1333 566 1368 et
604 1333 789 1368 rectores
818 1324 948 1384 hujus
982 1324 1137 1368 mundi
1159 1324 1438 1369 tenebrarum
1475 1325 1679 1368 harum2.
1707 1342 1727 1366 »

346 1396 590 1453 Expaveras
607 1429 618 1448 ‚
657 1410 758 1438 cum
799 1393 991 1448 audires,
1034 1404 1220 1439 rectores
1254 1394 1424 1438 mundi.
1461 1395 1504 1439 Si
1544 1403 1730 1440 rectores

346 1463 500 1507 mundi
521 1464 665 1519 istius,
699 1463 918 1524 numquid
952 1473 1108 1524 praeter
1139 1465 1355 1508 mundum
1385 1465 1524 1508 iturus
1552 1480 1616 1519 es,
1653 1463 1732 1511 ubi
1774 1503 1776 1506 ,

345 1533 441 1578 illos
463 1550 552 1578 non
576 1534 776 1593 patiaris?
799 1537 959 1578 Praeter
991 1534 1208 1578 mundum
1238 1535 1377 1578 iturus
1393 1550 1436 1578 es
1454 1569 1464 1589 ‚
1491 1534 1569 1578 ubi
1596 1534 1651 1578 ab
1672 1534 1731 1578 eis
1809 1595 1812 1597 Α

346 1605 539 1649 eruaris?
563 1606 630 1650 Sic
653 1621 756 1664 ergo
778 1605 923 1665 accipe
936 1606 1089 1649 mundi
1107 1615 1150 1649 et
1166 1607 1443 1650 tenebrarum
1462 1606 1618 1649 harum
1639 1620 1732 1649 rec-
1772 1663 1774 1666 Ι
1802 1594 1806 1621 ²

346 1685 459 1720 tores
475 1711 486 1730 ‚
512 1692 601 1720 non
625 1686 810 1720 rectores
838 1676 939 1720 coeli
967 1685 1010 1720 et
1041 1685 1166 1736 terrae
1191 1693 1202 1720 :
1227 1692 1326 1720 nam
1350 1676 1440 1736 ipsa
1469 1674 1630 1720 fabrica
1653 1675 1732 1724 Dei
1804 1666 1807 1674 ⁷

346 1755 424 1790 est.
445 1747 620 1792 Coelum
654 1756 697 1791 et
724 1757 836 1790 terra
869 1746 1061 1791 mundus
1095 1746 1282 1801 dicitur,
1318 1756 1361 1790 et
1397 1747 1594 1791 homines
1627 1737 1731 1794 mali

346 1817 551 1862 mundus.
578 1822 718 1871 Quare
741 1828 781 1861 et
804 1818 871 1862 isti
890 1818 1109 1862 mundus?
1135 1819 1246 1872 Quia
1270 1818 1458 1877 diligunt
1478 1816 1695 1868 mundum
1717 1836 1729 1863 z
1770 1835 1771 1838 ’

345 1897 389 1932 et
408 1888 506 1933 ideo
530 1889 742 1942 tenebrae‚
769 1888 870 1949 quia
887 1889 1022 1948 impii.
1048 1889 1241 1948 Ideoque
1258 1890 1348 1949 jam
1367 1905 1417 1932 ex
1435 1889 1528 1948 ipso
1545 1903 1730 1932 numero

345 1957 625 2002 credentibus
659 1958 833 2014 multis,
865 1959 972 2018 quid
1003 1959 1109 2003 dicit
1140 1959 1398 2018 Apostolus?
1425 1978 1444 2001 «
1467 1959 1624 2003 Fuistis
1646 1958 1730 2002 ali-
1772 1987 1774 1989 -

348 2047 368 2070 »
404 2029 582 2089 quando
606 2030 820 2084 tenebrae,
862 2046 980 2074 nunc
1001 2039 1148 2074 autem
1169 2030 1243 2074 lux
1266 2030 1312 2073 in
1333 2030 1563 2074 Domin0³.
1589 2046 1608 2069 »
1635 2032 1730 2073 An-

345 2110 517 2160 tequam
536 2101 679 2144 essetis
711 2116 813 2158 ergo
836 2099 934 2154 lux,
961 2116 1062 2144 cum
1084 2101 1277 2143 tenebrae
1314 2098 1482 2153 essetis,
1514 2099 1731 2144 attendite,

344 2186 474 2230 quem
500 2180 711 2215 rectorem
727 2170 951 2214 habuistis.
973 2175 1108 2223 Quem
1132 2180 1343 2215 rectorem
1365 2170 1528 2214 habent
1562 2170 1726 2230 iniqui,

344 2240 426 2283 nisi
448 2239 671 2284 diabolum
687 2275 697 2294 ‚
729 2239 952 2299 quomodo
974 2240 1033 2299 pii
1071 2250 1115 2284 et
1136 2239 1283 2284 fideles
1321 2250 1531 2284 rectorem
1563 2240 1730 2290 habent

350 2310 593 2354 thistum?
614 2313 729 2368 Effgo
751 2309 974 2353 diabjlum
1000 2319 1046 2353 et
1063 2309 1235 2367 angelos
1258 2311 1348 2369 ejus
1367 2318 1550 2354 rectores
1573 2308 1726 2353 mundi

344 2379 603 2439 appellavit,
644 2380 690 2424 id
711 2390 803 2435 est,
841 2389 1026 2424 rectores
1048 2380 1305 2425 dilectorum
1329 2379 1480 2424 mundi
1499 2415 1510 2434 ,
1542 2390 1728 2424 rectores

344 2462 648 2510 peccatorum,
672 2449 788 2511 qaod
813 2459 897 2506 est,
928 2451 1208 2495 tenebrarum
1225 2452 1380 2495 harum
1406 2470 1414 2496 ε
1445 2450 1558 2511 ipsos
1589 2451 1726 2494 habe-

392 2541 399 2557 ¹
420 2534 535 2577 Ephes.
553 2546 598 2576 w,
621 2543 672 2566 12.
688 2551 724 2557 -
747 2540 759 2557 ²
781 2533 861 2566 lbid.
893 2550 929 2557 -
946 2532 1019 2566 31d.
1039 2545 1073 2576 v,
1092 2536 1126 2567 8.
