1815 3253
303 235 306 237 Δ
351 246 436 286 374
780 259 816 286 s.
849 256 1079 287 Aucusnm
1112 258 1294 287 Episcom

349 471 555 521 superent
573 462 802 506 hominum
824 461 959 506 millia
994 462 1272 509 tundentium
1293 461 1374 506 sibi
1404 471 1555 521 pectus
1583 471 1626 510 et,
1658 462 1724 510 di-

351 532 567 586 centium,
596 550 617 573 «
651 532 828 575 Dimitte
848 532 973 576 nobis
1002 531 1148 576 debita
1169 541 1313 577 nostra
1330 566 1340 585 ,
1367 532 1478 577 sicut
1498 541 1542 576 et
1559 547 1637 576 nos
1658 532 1728 576 di-
1777 562 1780 578 .

354 619 374 644 >›
408 601 621 645 mittimus
641 600 913 646 debitoribus
934 601 1130 645 nostris1.
1145 618 1166 641 υ
1188 604 1285 646 Jam
1299 610 1408 661 quot
1430 610 1731 647 remanserunt
1778 632 1779 665 ;

348 672 424 732 qui
445 671 525 715 sibi
548 671 812 715 erubescunt
829 680 979 730 pectus
1000 670 1210 718 tundere?
1230 674 1346 730 Ergo
1375 669 1697 731 reprehendant
1717 689 1726 715 ε

348 741 596 785 toleremus.
622 742 983 800 Reprehendant,
1009 741 1203 797 oderint,
1229 750 1447 796 accusent,
1468 741 1726 790 detrahant:
1778 746 1779 758 ²

353 830 375 852 κ
408 811 564 855 Adhuc
590 820 633 855 et
655 812 790 856 oratio
821 827 917 857 mea
943 813 989 855 in
1013 811 1292 871 beneplacitis
1322 828 1474 857 eorum
1496 831 1506 857 :
1533 831 1553 854 »
1585 812 1732 860 veniet

349 891 521 941 tempus
536 916 547 936 ,
572 881 750 941 quando
767 883 902 926 oratio
919 898 1015 926 mea
1036 882 1226 941 placebit
1239 882 1336 928 illis.
1357 883 1538 941 Erigent
1556 897 1600 926 se
1614 881 1731 925 enim
1776 895 1777 919 ὲ

349 951 472 1010 quasi
484 950 589 1010 justi
610 950 775 1007 viribus
795 951 902 1005 suis,
926 952 1159 997 vincentur
1180 952 1225 995 in
1245 951 1362 996 lucta
1380 973 1391 1010 3
1415 952 1518 1011 quia
1546 951 1731 1011 superbe
1776 951 1777 970 ³

350 1036 394 1064 se
411 1029 667 1075 erexerunt,
694 1019 908 1080 elidentur
926 1055 937 1075 ,
970 1021 1198 1078 trahentur
1217 1037 1240 1065 a
1260 1022 1452 1080 ⁴peccatis
1471 1056 1482 1075 ‚
1517 1021 1731 1068 videbunt
1776 1024 1777 1030 ’

349 1107 393 1142 se
425 1091 618 1150 iniquoS‚
656 1089 956 1149 implebuntur
981 1107 1080 1151 quae
1101 1091 1215 1136 dicta
1236 1101 1338 1138 sunt
1367 1107 1442 1151 per
1465 1092 1701 1151 Prophetas
1717 1125 1728 1146 ,

350 1160 528 1220 incipiet
549 1160 691 1207 timeri
723 1160 961 1219 judicium,
1008 1170 1233 1207 convertet
1263 1177 1308 1206 se
1342 1162 1498 1206 animae
1532 1161 1640 1206 acies
1678 1160 1734 1204 ad

349 1230 658 1277 conscientiam
680 1239 981 1288 peccatorum,
1008 1240 1051 1275 et
1084 1230 1274 1289 placebit
1310 1230 1383 1274 illa
1415 1231 1550 1274 oratio
1571 1265 1583 1284 ,
1619 1248 1639 1272 «
1663 1229 1733 1274 Di-
1773 1225 1776 1280 ξ

354 1317 375 1341 »
411 1299 534 1342 mitte
554 1298 679 1342 nobis
702 1298 848 1342 debita
866 1309 1033 1354 nostra,
1054 1299 1165 1343 sicut
1177 1309 1219 1343 et
1240 1315 1318 1343 nos
1335 1299 1593 1345 dimittimus
1616 1298 1735 1342 debi-
1772 1309 1776 1361 ἢ

353 1387 374 1411 »
410 1369 578 1414 toribus
599 1370 771 1413 nostris.
803 1388 822 1410 »
842 1371 880 1413 O
894 1370 1076 1415 verbosa
1100 1368 1294 1414 defensio
1315 1370 1556 1430 iniquitatis
1578 1372 1586 1411 1
1608 1371 1734 1416 Certe
1772 1366 1774 1404 Ϊ

345 1440 436 1499 jam
460 1439 545 1483 hoc
566 1437 718 1499 populi
740 1439 894 1483 dicunt
913 1474 924 1494 ,
949 1447 992 1482 et
1014 1439 1228 1498 populum
1256 1448 1430 1499 pectora
1452 1438 1735 1483 tundentium
1772 1492 1774 1505 ι

350 1510 570 1557 tonitruus
592 1525 681 1553 non
704 1509 899 1569 quiescit.
916 1512 1051 1556 Recte
1072 1509 1210 1554 nubes
1221 1519 1392 1564 tonant,
1412 1510 1457 1554 in
1474 1509 1633 1570 quibus
1644 1510 1736 1568 jam

349 1580 520 1624 habitat
542 1582 670 1624 Deus·
698 1579 783 1623 Ubi
805 1589 869 1624 est
885 1579 956 1624 illa
975 1579 1231 1635 verbositas,
1257 1580 1336 1624 ubi
1348 1589 1411 1624 est
1425 1578 1732 1639 illajactantia,
1770 1595 1772 1598 ·

350 1652 501 1693 Justus
539 1664 664 1703 sum,
700 1647 811 1692 nihil
842 1648 947 1693 mali
978 1648 1093 1693 feci?
1124 1651 1252 1694 Certe
1284 1665 1386 1693 cum
1422 1649 1468 1693 in
1506 1647 1736 1708 Scripturis
1770 1668 1773 1692 ι

350 1720 508 1764 sanctis
531 1718 663 1764 fueris
692 1719 1013 1779 contemplatus
1030 1735 1228 1765 normam
1246 1720 1427 1780 justitiae
1442 1755 1453 1776 ,
1495 1729 1735 1780 quantum-
1770 1730 1772 1746 ⁸

349 1805 539 1850 cumque
565 1790 821 1849 profeceris,
846 1790 1039 1834 invenies
1068 1800 1112 1836 te
1146 1799 1434 1850 peccatorem.
1473 1788 1697 1834 Profecisti
1716 1817 1733 1846 5

344 1860 433 1919 jam
459 1874 598 1903 unum
621 1863 761 1904 Deum
784 1859 911 1914 colis,
948 1859 1137 1919 optime,
1161 1875 1250 1906 non
1284 1858 1507 1904 fornicaris
1529 1859 1584 1903 ab
1606 1874 1658 1904 eo
1679 1859 1747 1911 ad.v

350 1928 487 1985 idola,
513 1928 568 1974 ad
584 1929 933 1985 mathematicos,
958 1929 1012 1975 ad
1034 1929 1256 2006 sortilegos
1272 1965 1282 1983 ,
1309 1929 1362 1974 ad
1381 1929 1626 1991 haruspices
1643 1962 1654 1984 ,
1680 1927 1736 1974 ad
1767 1972 1769 1984 ,

350 2015 559 2058 augures,
584 1999 637 2043 ad
659 1999 905 2057 maleficos,
924 2000 1003 2043 ista
1025 1999 1142 2046 enim
1169 1997 1398 2045 fornicatio
1420 2008 1484 2044 est
1501 2015 1524 2042 a
1549 1997 1735 2045 Domino
1767 1993 1769 2048 ἔ

350 2072 475 2118 Deo:
496 2070 585 2130 jam
610 2084 653 2112 es
669 2069 715 2112 in
738 2068 884 2129 aliquo
917 2084 1099 2116 numero
1121 2068 1416 2113 membrorum
1435 2067 1609 2112 Christi.
1638 2069 1735 2113 Jam
1768 2067 1769 2072 ’

348 2139 491 2199 incipe
510 2138 657 2184 videre
683 2139 813 2183 etiam
836 2138 908 2182 illa
943 2147 1115 2197 peccata
1140 2137 1354 2181 societatis
1383 2129 1603 2180 humanae.
1637 2139 1736 2182 Non
1745 2168 1767 2198 g

349 2208 509 2253 occidis
546 2224 840 2269 quemquam,
874 2224 963 2252 non
997 2207 1213 2251 adulteras
1243 2209 1499 2285 cujusquam
1524 2221 1731 2262 uxorem,
1766 2204 1768 2235 ῗ

348 2295 437 2323 non
460 2288 698 2333 uxor1tuae
725 2279 869 2322 eundo
887 2277 942 2322 ad
959 2278 1153 2332 alteram,
1169 2278 1368 2338 injuriam
1390 2277 1520 2334 facis,
1537 2293 1625 2322 non
1644 2276 1733 2321 ulla
1764 2266 1767 2326 J

346 2347 781 2408 pessimacorruptela
794 2357 835 2392 te
844 2349 1126 2402 contaminas,
1139 2348 1381 2392 abstinuisti
1394 2364 1547 2392 manus
1561 2364 1582 2391 a
1593 2346 1728 2402 furto,
1764 2351 1770 2400 {Y

346 2419 540 2477 linguam
553 2435 573 2462 a
588 2419 793 2478 perjurio,
805 2434 880 2463 cor
895 2433 917 2463 a
931 2417 1275 2478 concupiscenda
1289 2434 1333 2462 re
1347 2418 1627 2478 proximitui:
1640 2419 1744 2478 jam*

343 2490 484 2549 justus
497 2505 555 2535 es,
571 2489 760 2534 Attende
773 2498 943 2545 caetera,
960 2489 1048 2534 noli
1063 2490 1152 2549 jam
1167 2488 1405 2548 superbire.
1422 2487 1611 2534 Nihil-ne
1625 2501 1731 2546 pec-
1764 2488 1766 2491 ’
1807 2523 1810 2539 1

399 2580 410 2597 ¹
431 2573 545 2605 Matth.
564 2584 608 2615 vi,
631 2582 682 2605 12.

1803 597 1815 852 -ssl-Qssz--es

1802 877 1815 978 ’ΞΣΙΖ

1802 1004 1815 1051 ς-

1802 1160 1815 1259 ΞΕ.<”.“Ξ
