1815 3253
320 194 403 236 522
832 207 1176 240 Annon-nomn&

323 282 417 323 tem
440 288 453 321 :
480 287 536 320 eo
544 270 680 330 quod
690 274 861 320 emnia
877 290 984 332 quoe
999 285 1125 332 sunt,
1144 276 1358 336 possidet
1374 279 1702 342 ineffabiliter.
1731 335 1739 341 ι

325 341 490 404 Igitur
507 340 655 387 bonus
676 352 721 387 et
734 359 943 389 summus
963 344 1225 403 Dominus,
1245 349 1329 406 qui
1347 358 1392 393 et
1402 348 1550 395 Deus.
1567 351 1625 397 Si
1639 350 1710 396 ad

327 412 453 456 hunc
470 429 561 472 per
575 414 952 473 prcenominatos
968 426 1151 461 montes
1174 416 1399 463 levaveris
1414 419 1596 477 oculos,
1614 438 1703 466 au-

329 483 502 528 oeilium
526 495 655 529 tuum
676 486 1078 546 sempiternaliter
1097 488 1200 534 erit.
1230 478 1299 534 [st.
1324 507 1438 552 ergo
1472 490 1709 537 auxilium

330 555 460 599 tuum
482 557 568 613 sit,
589 572 708 620 roga
727 566 772 602 et
794 557 871 602 dic
892 558 1024 616 quod
1040 560 1254 618 sequitur
1274 576 1285 604 :
1309 560 1391 609 Ne
1419 559 1502 606 fles
1516 598 1531 619 ,
1557 572 1647 607 etc.

758 686 1014 749 ΑΝΝοΤᾸΤῙο
1036 705 1100 763 (4)
1120 718 1219 764 pag.
1245 708 1287 748 7.

383 847 611 893 Editiones
633 847 718 892 illae
739 851 850 894 Ven.
874 858 920 895 et
941 853 1039 894 Par.
1059 848 1299 909 Superbia
1316 847 1487 895 cecidit
1508 849 1568 896 cle
1593 849 1714 896 coelo

329 919 378 963 in
409 928 604 963 terram.
632 917 851 980 Angelus
881 929 988 964 erat
1020 921 1068 964 in
1086 919 1231 976 coelo,
1255 919 1435 964 cadens
1457 922 1506 965 in
1533 931 1714 966 terram

327 987 549 1035 diabolus
567 1006 598 1034 a
620 1006 671 1034 se
693 991 795 1050 ipso
813 1007 903 1050 per:
931 1007 1069 1035 suam
1100 989 1376 1051 superbiam
1405 990 1602 1053 effectus
1624 1000 1710 1040 est.

338 1059 813 1126 Qiiz'sqzcz's„sicp‚erbi‘t,
835 1059 1029 1106 diabolo
1046 1062 1316 1123 participat
1336 1078 1347 1105 .·
1371 1062 1414 1106 si
1422 1062 1709 1124 participat,

330 1129 457 1179 idem
470 1140 541 1175 est
563 1148 574 1175 .·
600 1132 747 1194 igitur
767 1132 921 1176 omnis
942 1130 1176 1191 superbus
1193 1130 1414 1176 diabolus
1434 1149 1526 1194 per
1551 1131 1715 1192 bicipi-

331 1209 427 1244 tem
444 1202 716 1262 portionem
729 1210 798 1246 est
809 1221 831 1257 ;
848 1211 892 1246 et
908 1200 998 1247 lioc
1012 1199 1228 1259 quandiu
1248 1201 1477 1267 superbus
1495 1213 1579 1254 est.
1595 1203 1652 1251 N
1652 1218 1715 1254 On

334 1287 449 1335 ergo
472 1281 642 1319 movet.
669 1281 757 1317 etc.
899 1276 907 1279 χ

715 1420 973 1464 ΑΝΝΟΤΑΤΙΟ
995 1419 1057 1478 (5)
1077 1433 1176 1479 pag.
1201 1415 1332 1470 Ibid.

381 1567 477 1610 Hoc
496 1565 600 1609 item
614 1565 711 1610 loco
730 1565 776 1609 in
789 1564 872 1617 illis
887 1565 1151 1611 editionibus
1165 1567 1276 1610 Ven.
1293 1573 1335 1613 et
1347 1568 1445 1612 Par.
1461 1565 1652 1609 habetur
1668 1566 1720 1610 is-

330 1635 411 1680 tud
433 1635 663 1694 glossema,
693 1635 744 1683 O,
756 1633 904 1695 lepidi
918 1651 979 1679 ac
997 1633 1270 1694 lipidissimi
1282 1633 1431 1694 pedes
1443 1633 1717 1691 charitatis,

331 1707 417 1766 qui
436 1704 635 1750 humiles
651 1704 722 1750 act
739 1704 1070 1750 celsitudinem
1096 1704 1378 1765 provehunt.
1404 1704 1514 1750 Hos
1540 1703 1691 1766 pedes
1702 1741 1719 1761 ,

331 1775 628 1832 charissimi,
660 1792 850 1835 semper
870 1773 1105 1820 imitando
1133 1785 1180 1820 et
1202 1773 1418 1820 amando
1440 1791 1718 1834 sequamur,

333 1857 384 1892 ut
403 1846 474 1892 ad
493 1847 624 1892 illum
645 1847 781 1908 cujus
798 1856 907 1891 sunt
926 1881 936 1902 7
953 1847 1203 1906 pervenire
1224 1862 1513 1902 mereamur,
1534 1847 1649 1904 quia
1673 1854 1723 1889 ut

332 1917 552 1963 Joannes
576 1919 670 1974 ait,
689 1917 823 1963 Deus
844 1916 1063 1962 charitas
1094 1926 1178 1960 est.
1206 1915 1498 1975 Superbiam
1529 1917 1722 1960 omnino

318 1990 610 2052 fugiamus,
635 2005 741 2049 quse
766 1998 919 2033 movet
928 1986 1074 2047 pedes
1099 1986 1168 2031 ad
1180 1985 1470 2041 cadendum,
1490 2003 1549 2030 ne
1574 1996 1619 2031 et
1636 2001 1724 2031 nos

339 2060 482 2108 simul
497 2058 814 2121 superbiendo
828 2058 1081 2104 cadamus.
1105 2057 1229 2103 Ideo
1254 2067 1300 2102 et
1319 2056 1399 2102 ille
1415 2092 1430 2112 ‚
1461 2065 1551 2101 etc.

750 2182 1007 2239 ΑΝΝΟΤΑᾶ-ῑο
1029 2193 1094 2250 (6)
1114 2206 1215 2251 pag.
1243 2197 1311 2235 18.

399 2331 659 2382 Parisienses
684 2338 728 2374 et
749 2331 928 2375 Venetae
950 2327 1216 2389 antiquiores
1237 2325 1450 2375 editiones
1466 2359 1478 2380 ‚
1512 2323 1726 2368 maxime

340 2402 658 2457 Arianorum,
683 2399 767 2459 qui
787 2406 875 2447 tres
898 2405 1083 2442 ἀποστάσας
1094 2403 1268 2442 ἀποστάσει
1285 2431 1296 2452 ,
1324 2393 1376 2442 id
1397 2404 1467 2440 est
1473 2430 1489 2451 ,
1506 2403 1601 2439 tres
1614 2391 1725 2439 sub-

338 2471 556 2517 sistentes
586 2469 885 2518 substantias
918 2466 1310 2523 introduxerunt,
1347 2464 1436 2511 sed
1458 2464 1558 2511 Dei
1582 2463 1726 2510 mise-

341 2551 481 2587 rante
500 2594 508 2602 ·
527 2539 716 2592 auxilio
743 2542 928 2600 primus
964 2537 1105 2599 liujus
1157 2545 1331 2585 auctor
1369 2535 1544 2583 erroris
1581 2531 1728 2580 exilio
