1815 3253
394 281 640 311 ENAanAno
673 284 718 310 m
751 280 955 310 PsALMUM
987 282 1107 309 cxxv.
1379 269 1433 307 93

11 342 13 392 ἶ
45 371 66 395 n
91 359 233 396 nostia
255 349 566 394 exultatione¹.
598 368 616 389 »
642 350 722 403 Os,
744 346 897 391 fratres
930 346 1017 390 mei
1035 343 1195 405 ‚quod
1222 345 1434 389 habemus

10 425 13 470 ἰ
42 424 84 467 in
107 436 310 482 corpore,
336 418 560 480 quomodo
583 417 776 478 lepletur
793 417 977 476 gaudio?
998 419 1095 462 Non
1108 415 1219 461 solet
1242 416 1430 475 impleti,

11 505 13 543 ι
42 492 122 536 nisi
144 501 219 536 aut
242 491 357 545 cibo,
384 499 457 534 aut
473 499 602 548 potu,
629 498 704 533 aut
722 488 866 549 aliqua
888 504 933 531 re
955 486 1031 531 tali
1054 487 1180 530 missa
1198 485 1243 528 in
1266 500 1326 529 os.
1343 489 1434 528 Im-

10 549 13 594 Ι
40 562 184 622 pletur
216 561 449 621 aliquando
472 575 518 604 os
540 568 774 604 nostium:
803 568 846 602 et
868 557 965 617 plus
994 566 1057 601 est
1089 555 1212 616 quod
1246 555 1430 600 dicimus

45 633 465 685 SanctitatiVestrae‚
486 628 664 690 quando
680 645 725 674 os
748 628 925 688 plenum
945 627 1155 671 babemus
1170 662 1180 677 ,
1206 625 1327 686 loqui
1345 642 1435 670 non

41 708 282 763 possumus.
305 702 525 746 Habemus
543 710 690 745 autem
712 701 830 745 intus
852 716 914 755 οε,
928 700 973 743 id
995 708 1073 749 est,
1090 700 1135 742 in
1153 699 1300 752 corde,
1316 697 1434 742 unde

40 772 258 834 quidquid
275 771 472 832 procedit
486 807 497 827 ‚
519 772 553 816 si
569 771 738 816 malum
759 780 846 826 est,
868 770 1072 830 inquinat
1095 785 1195 827 nos3
1216 769 1435 813 sibonum

42 853 127 899 est,
161 843 343 888 mundat
366 859 459 887 nos.
487 845 549 887 De
569 843 663 903 ipso
691 843 807 886 enim
832 857 905 887 ore
927 841 1130 896 audistis,
1156 840 1264 884 dum
1286 842 1435 885 Evan-

0 907 1 910 ¹
43 914 202 974 gelium
224 914 456 993 legeretur.
485 912 761 957 Insultabant
789 913 904 956 enim
927 914 951 956 J
958 911 1071 956 udaei
1091 910 1280 956 Domino
1296 946 1306 966 ‚
1332 911 1436 971 quia

10 994 14 1014 ¹
43 984 247 1044 Discipuli
270 985 362 1044 ejus
384 999 475 1027 non
495 983 594 1027 lotis
616 983 820 1027 manibus
842 981 1183 1027 manducabant.
1204 980 1274 1026 Illi
1291 980 1434 1025 insul-

11 1046 15 1120 Ι
45 1056 216 1110 tabant,
241 1055 317 1115 qui
340 1053 601 1098 munditiam
623 1054 727 1098 foris
748 1053 999 1107 habebant,
1028 1062 1072 1096 et
1098 1053 1216 1097 intus
1254 1051 1436 1096 maculis

12 1144 13 1147 ¹
42 1126 160 1186 pleni
181 1135 338 1170 erant:
363 1124 426 1168 illi
444 1124 734 1179 insultabant,
760 1122 1174 1184 quorumjustitiam
1201 1137 1291 1166 non
1314 1131 1432 1177 erat,

43 1198 124 1241 nisi
145 1198 190 1241 in
212 1196 348 1242 oculis
368 1196 612 1241 hominum.
634 1195 846 1240 Dominus
865 1203 1010 1238 autem
1025 1193 1252 1254 quaerebat
1263 1191 1437 1236 mundi-

44 1268 146 1312 tiam
164 1276 355 1312 nostram
378 1266 656 1323 interiorem3
683 1281 781 1325 quae
804 1264 839 1309 si
861 1263 994 1308 fuerit
1011 1299 1022 1319 ,
1047 1278 1221 1307 necesse
1239 1272 1303 1307 est
1324 1272 1375 1307 ut
1395 1271 1438 1307 et

44 1353 142 1398 quae
164 1337 268 1382 foris
291 1346 393 1381 sunt
416 1335 583 1380 munda
604 1335 705 1380 sint.
731 1333 997 1389 «Mundam,
1014 1333 1176 1394 inquit,
1203 1350 1302 1394 quae
1318 1333 1437 1377 intus

47 1427 67 1450 »
93 1418 214 1464 sunt,
247 1418 290 1452 et
311 1424 410 1468 quae
427 1407 529 1451 soris
545 1415 649 1450 sunt
669 1405 834 1450 munda
853 1414 982 1449 erunt
995 1407 1027 1448 ².
1058 1425 1076 1446 »
1104 1407 1201 1463 Ipse
1226 1404 1436 1448 Dominus

14 1486 16 1538 ἔ
44 1478 150 1523 dicit
172 1478 256 1523 alio
274 1477 395 1533 loco,
416 1496 436 1519 «
457 1480 620 1521 Verum
637 1475 738 1520 date
761 1475 1057 1532 eleemosynas
1074 1509 1084 1529 ,
1110 1484 1153 1518 et
1170 1489 1269 1519 ecce
1291 1474 1437 1518 omnia

15 1567 16 1573 ¹
48 1568 68 1591 »
93 1549 258 1593 munda
276 1558 379 1593 sunt
398 1548 565 1592 vobisss.
580 1565 600 1588 »
622 1547 748 1591 Unde
765 1555 910 1590 autem
922 1544 1120 1605 procedit
1132 1544 1437 1603 eleemosyna?

46 1623 108 1665 De
128 1619 274 1665 corde.
294 1620 336 1665 Si
359 1619 475 1663 enim
494 1633 675 1662 manum
693 1618 902 1677 porrigas,
923 1632 1003 1660 nec
1020 1617 1065 1659 in
1077 1615 1208 1660 corde
1233 1616 1438 1659 miserea-

48 1691 103 1734 ris
118 1725 129 1744 ,
155 1689 260 1734 nihil
286 1689 426 1734 fecisti
452 1708 461 1734 z
485 1689 519 1732 si
540 1697 688 1733 autem
710 1687 842 1732 corde
863 1686 1126 1738 miserearis,
1157 1686 1325 1730 etiamsi
1347 1702 1438 1731 non

0 1773 1 1779 ¹
48 1761 204 1804 habeas
226 1760 347 1821 quod
365 1759 557 1819 porrigas
581 1774 738 1811 manu,
763 1765 960 1817 acceptat
982 1760 1097 1801 Deus
1116 1754 1438 1814 eleemosynam

16 1856 17 1866 1
48 1839 182 1875 tuam.
208 1830 276 1874 llli
299 1839 445 1874 autem
475 1829 612 1888 iniqui
647 1827 752 1872 foris
780 1827 1036 1888 quaerebant
1057 1826 1335 1870 munditiam.
1376 1830 1440 1872 De

0 1907 18 1949 ’ἶ
48 1900 210 1945 talibus
233 1909 325 1944 erat
356 1900 485 1944 etiam
508 1898 581 1942 ille
606 1898 869 1954 Pharisaeus,
901 1897 977 1957 qui
1006 1897 1265 1942 invitaverat
1287 1897 1440 1941 Domi-

0 1960 18 2012 .³
49 1987 180 2027 num,
206 1971 384 2032 quando
413 1970 588 2015 accessit
619 1969 799 2025 mulier,
839 1985 938 2029 quae
960 1969 1005 2012 in
1027 1969 1201 2013 civitate
1223 1969 1441 2028 peccatrix

51 2053 141 2087 erat
162 2052 205 2087 et
225 2043 415 2098 famosa,
442 2058 542 2102 quae
564 2041 768 2099 lacrymis
790 2041 896 2085 lavit
925 2039 1057 2100 pedes
1083 2040 1282 2095 Domini,
1320 2040 1442 2085 tersit

51 2113 236 2175 capillis,
261 2115 386 2158 unxit
403 2117 650 2172 unguento.
678 2113 918 2157 Pharisaeus
940 2127 1066 2170 ergo,
1084 2113 1161 2173 qni
1184 2112 1443 2157 invitaverat

52 2185 332 2240 Dominum&
357 2194 400 2228 et
417 2183 677 2228 munditiam
696 2198 786 2227 non
808 2183 968 2227 habeat
988 2183 1071 2227 nisi
1093 2182 1333 2228 forinsecus
1347 2198 1444 2228 cor-

53 2270 158 2315 pore
172 2290 182 2310 ‚
210 2255 339 2299 corde
361 2264 507 2300 autem
530 2254 686 2314 plenus
706 2263 798 2298 erat
820 2254 1051 2314 iniquitate
1073 2263 1117 2298 et
1131 2254 1306 2313 rapina,
1333 2253 1444 2298 dixit

55 2325 171 2386 apud
193 2326 487 2386 semetipsum,
507 2345 527 2368 «
547 2329 636 2370 Iste
653 2326 687 2369 si
709 2334 819 2370 esset
836 2326 1066 2385 propheta,
1091 2325 1218 2370 sciret
1237 2341 1336 2385 quae
1349 2341 1445 2369 mu-

58 2414 78 2437 »
103 2395 183 2440 lier
203 2396 266 2440 illi
290 2397 464 2454 accessit
483 2397 537 2440 ad
558 2396 708 2456 pedes5
722 2430 731 2440 .
751 2413 771 2437 »
790 2394 914 2440 Unde
936 2405 1115 2441 noverat
1133 2406 1280 2440 utrum
1298 2396 1441 2451 sciret,

57 2481 112 2511 an
133 2468 344 2512 nesciret?
361 2466 446 2512 Sed
463 2466 562 2511 ideo
584 2481 686 2510 eum
708 2466 872 2510 nescire
887 2466 1119 2511 arbitratus
1140 2476 1218 2522 est,
1231 2466 1333 2526 quia
1355 2482 1446 2510 non

1 2466 8 2501 .—-
0 2402 7 2430 m
0 2324 6 2359 ρη-
0 2253 6 2288 .-,-
0 2189 5 2218 ...ψ
0 2102 5 2146 --
0 2058 4 2065 .

105 2570 114 2587 ¹
135 2565 215 2596 Psal.
241 2575 332 2606 cxxv,
359 2572 392 2598 2.
412 2579 455 2587 ·—-
473 2562 614 2595 ’Malta
643 2573 742 2605 xxm,
760 2563 814 2596 26.
835 2580 877 2587 —
898 2561 912 2587 3
930 2565 1009 2597 Luc.
1028 2574 1070 2605 xi,
1094 2562 1148 2605 ίμ.
1166 2579 1206 2586 -
1225 2561 1242 2592 4
1259 2563 1304 2594 Id.
1325 2563 1443 2604 vn‚36.

0 2614 9 2642 ³
61 2614 101 2643 -’-
116 2617 229 2653 ⁵1bid.
250 2621 303 2662 39.
