1815 3253
356 177 439 216 194-
780 190 813 216 s.
849 187 1075 217 AUGUS'nM
1106 189 1289 218 Erlseon

349 252 551 297 cedemus
574 253 629 298 ad
649 252 960 312 pugnandum,
997 253 1073 298 sed
1093 254 1443 314 permanebimus
1470 255 1527 300 ad
1545 255 1733 303 laudan·
1759 245 1762 248 ,

353 323 474 368 dum.
487 323 604 377 Quid
622 324 736 368 enim
752 324 910 369 dieitur
926 324 980 368 de
999 324 1073 369 illa
1092 324 1223 370 domo
1236 329 1253 369 ⁶?
1272 345 1292 367 «
1309 327 1428 370 Beati
1441 327 1515 386 qui
1536 327 1734 374 habitant
1800 325 1811 386 l

355 413 375 436 »
409 395 456 438 in
477 393 609 438 domo
631 404 727 449 tua,
755 394 967 439 insaecula
984 395 1238 441 saeculorum
1253 396 1496 441 laudabunt
1520 407 1561 441 te
1577 400 1606 442 ¹.
1635 416 1655 440 »
1682 401 1736 444 Inv
1799 389 1815 448 ἦ

349 465 630 510 tabernaculo
653 466 796 510 adhue
819 467 1046 525 gemimus,
1061 467 1106 510 iu
1119 466 1249 512 domo
1260 467 1550 514 laudabimus.
1568 470 1734 522 Quare?

351 536 461 589 Quia
487 537 670 595 gemitus
693 547 756 581 est
785 537 1153 596 peregrinantium
1169 573 1180 593 ‚
1210 538 1403 583 laudatio
1423 539 1576 599 jamin
1598 539 1737 599 patria-
1799 547 1815 594 ᾗ,

348 607 733 652 commanentium.
759 608 839 652 Hic
875 608 1015 667 primo
1043 618 1264 668 quaeratur
1289 610 1622 655 tabernaculum
1644 613 1742 658 Deo,
1794 635 1813 657 m

351 677 504 722 Jacob.
1740 724 1742 726 ,

403 749 484 791 ΧΙ.
514 765 534 790 «
552 749 665 792 Ecce
679 746 924 793 audivimus
941 748 1309 807 eaminEphrata.
1327 751 1504 802 »Quam
1522 767 1543 791 «
1561 749 1731 793 Eam?»
1811 759 1813 805 j

347 817 503 862 Sedem
523 818 709 862 Domini.
730 817 1023 863 «Audivimus
1049 819 1095 862 in
1120 819 1332 878 Ephrata.
1359 819 1611 865 Invenimus
1640 834 1736 864 eam
1798 822 1813 868 ,j

349 906 370 930 »
395 889 441 931 in
458 887 619 947 eampis
629 887 890 932 saltuum2.»
904 888 973 932 Ibi
986 888 1167 944 audivit,
1180 889 1257 933 ubi
1272 889 1530 935 invenitzan
1544 888 1648 933 alibi
1663 905 1737 934 aua
1793 892 1813 939 ,ιῖ

347 957 470 1012 divit,
488 967 532 1002 et
545 956 649 1001 alibi
661 958 852 1002 invenit?
869 960 1125 1011 Quaeramus
1142 974 1245 1017 ergo
1258 958 1368 1019 quid
1384 960 1437 1002 sit
1459 977 1479 1001 «
1495 959 1732 1018 Ephratast»
1809 944 1811 962 Α

346 1028 424 1072 ubi
447 1026 750 1072 audivitzitem
771 1043 1016 1087 quaeramus
1035 1027 1143 1088 quid
1155 1029 1210 1072 sit
1226 1032 1304 1072 «In
1320 1028 1482 1087 campis
1499 1028 1732 1085 saltuum,»

346 1099 425 1143 ubi
465 1098 645 1142 invenit.
683 1098 874 1157 Ephrata
916 1098 1098 1142 verbum
1148 1099 1395 1154 hebraeum,
1428 1099 1738 1159 interpretatur

347 1168 479 1213 latine
501 1166 747 1226 speculum,
775 1168 885 1211 sicut
907 1166 1183 1211 tradiderunt
1212 1168 1292 1228 qui
1329 1169 1462 1213 verba
1485 1169 1658 1213 hebraea
1692 1168 1737 1218 in

350 1237 580 1296 Scripturis
601 1236 738 1296 posita
760 1237 806 1280 in
839 1236 966 1280 aliam
1000 1236 1196 1295 linguam
1234 1238 1573 1293 transtulerunt,
1609 1248 1659 1282 ut
1683 1237 1737 1282 ad

348 1324 427 1353 nos
455 1306 697 1366 perveniret
725 1305 984 1350 intellectus.
1016 1309 1125 1351 Nam
1155 1322 1206 1350 ex
1228 1308 1400 1352 hebraea
1423 1307 1738 1353 transtulerunt
1765 1317 1770 1416 Ι
1805 1346 1807 1351 .

350 1379 397 1422 in
433 1391 643 1436 graecam,
669 1385 711 1420 et
733 1392 785 1419 ex
806 1391 944 1434 graeca
975 1375 1180 1419 translata
1201 1385 1302 1420 sunt
1331 1377 1456 1420 nobis
1473 1378 1518 1420 in
1539 1377 1742 1425 latinam..
1765 1420 1768 1431 ,

352 1451 552 1492 Fuerunt
566 1447 682 1490 enim
703 1446 779 1506 qui
799 1445 1029 1504 vigilarent
1044 1446 1089 1489 in
1112 1446 1408 1506 Scripturis.Si
1427 1462 1529 1505 ergo
1546 1447 1737 1506 Ephrata
1764 1434 1768 1466 ⁹
1805 1484 1807 1490 Α

352 1517 599 1578 speculum,
618 1516 692 1560 illa
714 1515 870 1560 domus
892 1532 990 1576 quae
1003 1517 1179 1562 inventa
1194 1525 1258 1560 est
1279 1516 1325 1559 in
1347 1518 1508 1575 campis
1529 1516 1744 1572 saltuum,

352 1589 398 1632 in
419 1587 594 1647 speculo
617 1585 765 1630 audita
791 1594 867 1629 est.
905 1585 1141 1644 Speculum
1162 1586 1393 1644 imaginem
1415 1586 1561 1630 habet.
1587 1580 1737 1630 Omnis

354 1658 582 1719 prophetia
613 1658 757 1716 imago
788 1655 1052 1700 futurorum.
1083 1660 1246 1700 Domus
1269 1671 1371 1714 ergo
1396 1657 1470 1700 Dei
1493 1657 1666 1710 futura,
1691 1657 1738 1701 in
1806 1698 1807 1702 ,

353 1730 541 1788 imagine
563 1727 804 1788 prophetiae
825 1727 1057 1786 praedicata
1087 1736 1166 1770 est.
1192 1726 1450 1771 Audivimus
1484 1727 1599 1770 enim
1620 1727 1738 1772 illam
1759 1757 1763 1817 Ι
1806 1767 1807 1770 ,

355 1802 401 1845 in
422 1798 620 1859 speculo,
645 1798 688 1841 id
706 1807 790 1853 est,
817 1816 838 1839 «
862 1796 1118 1841 Audivimus
1137 1797 1183 1840 in
1198 1797 1404 1856 Ephrata.
1430 1797 1680 1841 Invenimus
1693 1797 1739 1840 in
1758 1825 1762 1878 f

361 1889 381 1914 >›
417 1871 577 1929 eampis
611 1868 816 1913 saltuum.
845 1886 864 1910 »
901 1869 986 1921 Qui
1020 1877 1122 1911 sunt
1152 1868 1294 1926 campi
1335 1867 1552 1911 saltuum?
1588 1867 1761 1926 Campi]
1805 1896 1807 1902 ι

357 1942 592 1999 sylvarum.
613 1943 710 1985 Non
728 1939 842 1982 enim
860 1937 1230 1997 quemadmodum
1249 1937 1381 1996 vulgo
1393 1937 1571 1992 dicitur,
1599 1937 1740 1982 Saltus
1806 1978 1807 1982 ,

358 2012 456 2068 ille,
491 2011 614 2056 verbi
640 2010 797 2069 gratia,
822 2009 1038 2053 centurias
1063 2009 1231 2052 habens
1255 2017 1333 2052 tot.
1348 2007 1504 2065 ‚Saltus
1536 2008 1708 2067 proprie
1724 2041 1746 2064 ,s

359 2082 481 2127 locus
504 2081 647 2125 adhuc
667 2078 856 2124 incultus
874 2088 916 2122 et
938 2077 1144 2135 sylvester
1167 2078 1342 2122 dicitur.
1369 2080 1479 2123 Nam
1500 2087 1543 2121 et
1564 2078 1741 2137 quidam

362 2151 530 2197 codices
552 2169 572 2193 «
594 2153 647 2194 In
668 2149 828 2208 eampis
850 2148 982 2205 sylvae
1004 2165 1023 2188 >›
1049 2148 1228 2191 habent.
1246 2148 1328 2200 Qui
1345 2162 1448 2206 ergo
1469 2157 1591 2191 erant
1603 2146 1742 2206 campi
1805 2161 1808 2189 ι

363 2221 574 2274 saltuum,
598 2220 679 2263 nisi
713 2228 859 2277 gentes
880 2217 1081 2262 incultae?
1103 2218 1188 2271 Qui
1206 2227 1328 2261 erant
1350 2218 1491 2277 campi
1520 2217 1738 2274 saltuum,
1805 2234 1807 2268 ι

362 2292 442 2336 nisi
463 2291 540 2334 ubi
562 2289 705 2334 adhuc
726 2303 875 2347 vepres
897 2296 1019 2332 erant
1046 2286 1325 2331 idololatriae?
1355 2287 1423 2331 Sic
1459 2295 1603 2330 tamen
1629 2301 1741 2346 quo·
1805 2321 1807 2330 ,

363 2362 496 2406 modo
523 2375 674 2419 vepres
695 2359 756 2402 ibi
786 2367 909 2401 erant
936 2356 1212 2411 idololatriae,
1236 2357 1298 2400 ibi
1331 2356 1575 2401 invenimus
1596 2354 1752 2419 locum!
1804 2384 1815 2404 η

363 2431 572 2485 Domino,
594 2428 923 2474 tabernaculum
939 2430 1029 2471 Deo
1046 2427 1196 2472 Jacob.
1222 2426 1351 2480 Quod
1376 2445 1396 2469 α
1420 2425 1678 2471 Audivimus
1696 2421 1751 2479 ini
1814 2462 1815 2480 2

417 2522 426 2538 ¹
447 2514 527 2548 Psal.
546 2524 676 2555 Lxxxm,
700 2512 731 2545 5.
752 2529 794 2536 --
813 2519 826 2535 ¹
844 2512 891 2544 Id.
912 2521 1019 2552 cxxxx,
1037 2510 1069 2542 6.

1794 993 1811 1090 {J

1794 1096 1810 1159 ιζ

1792 1171 1809 1227 5}
