1815 3253
381 237 624 268 ENAnnATm
655 241 701 267 m
732 237 936 267 PsALMUM
967 239 1102 267 cxxx1.
1349 227 1433 266 203

111 308 255 350 XXII.
285 324 305 348 «
327 308 431 350 Haec
446 305 612 364 requies
627 319 719 347 mea
736 305 777 347 iu
802 303 960 348 saecula
981 302 1283 347 saeculorum1.
1302 320 1323 344 »
1338 305 1435 346 Jam

15 347 18 439 i
53 377 130 422 Dei
152 376 281 420 verba
303 384 418 422 sunt.
448 394 467 417 «
487 374 675 433 Requies
696 390 810 428 mea,
830 393 849 415 »
876 374 937 417 ibi
952 373 1188 433 requiesco.
1210 375 1435 425 Quantum

15 442 19 512 l
53 461 130 496 nos
161 454 278 490 amat
312 448 446 500 Deus,
484 444 636 489 fratres
653 480 663 499 ,
704 453 753 488 ut
777 443 877 502 quia
910 459 987 488 nos
1015 443 1322 501 requiescimus
1343 478 1353 497 ‚
1391 458 1435 486 se

15 514 19 566 Ι
53 515 168 563 dicat
189 516 471 576 requiescere.
495 518 591 560 Non
613 516 726 559 enim
752 515 841 574 ipse
858 512 1094 574 aliquando
1110 513 1315 556 turbatur
1333 547 1343 567 ,
1361 521 1435 556 aut

53 586 111 631 sic
131 586 358 645 requiescit
379 605 388 629 z
406 584 481 629 scd
499 585 558 629 ibi
580 601 624 628 se
638 585 743 629 dicit
765 584 1028 644 requiescere
1042 618 1053 637 ,
1078 583 1180 643 quia
1203 598 1281 627 nos
1302 583 1345 625 in
1359 582 1435 627 illo

54 657 248 716 requiem
271 655 544 710 habebimus,
571 674 590 696 «
613 657 692 700 Hic
720 654 927 700 habitabo
944 689 955 710 ,
992 654 1198 714 quoniam
1235 651 1435 712 praeelegi

55 743 76 768 »
110 741 221 771 eam.
245 745 266 768 ))

110 799 237 840 XXII
248 799 279 840 Ι.
305 815 324 838 «
343 795 528 840 Viduam
548 797 639 856 ejus
655 793 1200 850 benedicensbenedicam,
1216 803 1258 838 et
1273 809 1436 854 paupe-

54 883 76 911 »
111 881 176 910 res
199 867 290 925 ejus
315 866 519 910 saturabo
542 867 773 925 panibus2.
801 884 822 907 »
844 866 994 910 Omnis
1018 865 1159 910 anima
1182 881 1282 925 quae
1303 864 1436 909 intel-

51 935 146 995 ligit
162 951 205 979 se
226 936 441 982 desertam
459 937 578 980 omni
601 936 759 980 auxilio
775 971 785 991 ‚
811 937 891 980 nisi
914 936 1045 980 solius
1068 936 1146 980 Dei
1165 971 1176 988 ,
1201 935 1333 980 vidua
1355 944 1433 979 est.

53 1004 283 1061 Quomodo
300 1006 415 1049 enim
435 1005 668 1065 Apostolus
685 1006 890 1050 describit
901 1007 1109 1051 vidaum‘?
1131 1024 1150 1047 «
1169 1010 1275 1059 Quae
1292 1015 1437 1049 autem

56 1094 76 1118 »
110 1091 208 1125 vere
235 1075 367 1121 vidua
395 1084 459 1119 est
495 1085 538 1120 et
574 1075 765 1120 desolata
780 1111 790 1129 ‚
827 1077 1014 1135 speravit
1051 1077 1095 1119 in
1133 1076 1383 1119 Dominum.
1415 1093 1435 1115 ν)

51 1148 221 1206 Agebat
243 1157 385 1192 autem
410 1146 465 1190 de
487 1148 576 1192 istis
598 1147 764 1202 viduis,
789 1164 897 1207 quas
918 1162 1068 1191 omnes
1090 1147 1274 1190 dicimus
1291 1146 1337 1189 in
1359 1148 1441 1189 Ec-

53 1217 194 1268 clesia.
221 1219 393 1262 Dixerat
411 1228 555 1263 autem
572 1254 582 1273 ,
603 1237 621 1259 «
640 1220 748 1271 Quae
770 1218 815 1261 in
832 1217 996 1262 deliciis
1014 1217 1126 1276 agit,
1148 1217 1297 1261 vivens
1319 1232 1439 1261 mor-

56 1306 76 1330 »
110 1297 184 1332 tua
212 1298 274 1338 est
305 1309 313 1333 :
343 1308 362 1330 η
389 1298 432 1333 et
466 1304 555 1333 non
576 1288 696 1332 illam
718 1288 963 1332 numeravit
991 1287 1102 1332 inter
1129 1285 1299 1330 viduas.
1334 1289 1442 1330 Des-

53 1358 221 1403 eribens
252 1368 399 1403 autem
432 1359 585 1403 viduas
617 1367 811 1412 sanctas,
845 1356 955 1417 quid
976 1357 1069 1400 ait?
1106 1375 1127 1399 «
1160 1359 1268 1409 Quae
1292 1366 1439 1400 autern

55 1447 76 1470 »
110 1445 210 1474 vere
231 1429 361 1474 vidua
376 1438 439 1473 est
452 1438 494 1472 et
505 1428 713 1483 desolata,
733 1429 920 1488 speravit
942 1428 987 1471 in
1004 1427 1256 1482 Dominum,
1282 1437 1325 1471 et
1342 1443 1442 1487 per-

19 1517 23 1541 ι,
56 1517 76 1540 »
111 1499 220 1543 sistit
253 1499 300 1542 in
321 1499 523 1558 precibus
545 1509 587 1543 et
617 1498 990 1543 obsecrationibus
1018 1506 1147 1542 nocte
1175 1513 1223 1542 ac
1253 1497 1338 1541 die.
1373 1497 1441 1541 Ibi

19 1543 23 1642 ξ
58 1588 75 1609 ι)
110 1568 204 1628 subj
212 1569 424 1621 ecit.Quee
437 1578 582 1612 autem
599 1568 645 1612 in
660 1567 822 1612 deliciis
835 1569 937 1625 agit,
954 1568 1103 1612 vivens
1117 1576 1289 1611 mortua
1303 1569 1401 1611 est3.
1416 1585 1437 1608 n

54 1653 153 1697 ergo
177 1638 302 1689 Unde
335 1639 468 1684 vidua
493 1640 581 1682 est?
605 1639 715 1691 Quia
738 1654 827 1682 non
844 1638 977 1682 habet
1004 1637 1217 1682 auxilium
1239 1636 1439 1692 aliunde,

54 1709 133 1753 nisi
152 1709 282 1754 solius
305 1709 397 1753 Dei.
415 1708 494 1753 Ille
513 1725 611 1769 quae
628 1709 794 1753 habent
814 1709 949 1759 viros,
966 1710 1089 1769 quasi
1107 1709 1367 1768 superbiunt
1389 1707 1444 1752 de

57 1779 210 1824 auxilio
234 1779 427 1824 virorum
447 1799 456 1825 ;
482 1780 663 1824 desertae
680 1779 886 1824 videntur
906 1779 1050 1824 viduae
1062 1814 1073 1833 ,
1091 1789 1134 1824 et
1148 1780 1367 1824 robustius
1381 1788 1445 1823 est

56 1849 260 1894 auxilium
280 1865 444 1893 earum.
459 1852 576 1908 Ergo
587 1859 676 1893 tota
688 1849 880 1893 Ecclesia
894 1865 978 1893 una
994 1848 1126 1893 vidua
1135 1858 1214 1904 est,
1227 1850 1314 1894 sive
1324 1849 1444 1894 invi-

57 1919 127 1975 ris,
146 1920 234 1964 sive
247 1920 291 1964 in
310 1919 518 1975 foeminis,
540 1921 626 1964 sive
642 1920 686 1965 in
699 1922 795 1980 conj
804 1920 959 1977 rigatis,
975 1919 1062 1963 sive
1079 1920 1124 1963 in
1140 1920 1348 1964 maritatis
1364 1918 1446 1964 soe-

57 1991 198 2045 minis,
224 1992 313 2036 sive
333 1991 377 2034 in
397 1990 745 2035 adolescentibus
760 2026 770 2045 ‚
793 1991 881 2034 sive
903 1991 949 2034 in
971 1990 1169 2045 senibus,
1189 1991 1277 2035 sive
1294 1991 1338 2034 in
1356 1991 1444 2036 vir-

59 2061 230 2120 ginibus
251 2080 259 2105 :
279 2061 419 2106 omnis
438 2060 628 2105 Ecclesia
646 2077 733 2104 una
755 2060 888 2105 vidua
912 2070 975 2105 est
988 2096 998 2116 ,
1015 2060 1183 2105 deserta
1201 2061 1247 2104 in
1269 2062 1352 2105 hoc
1367 2077 1446 2105 see-

57 2131 181 2189 culo,
205 2131 239 2174 si
257 2130 387 2175 sentit
404 2130 538 2186 illud,
557 2132 590 2175 si
609 2132 733 2176 novit
756 2131 1014 2175 viduitatem
1036 2147 1158 2176 suam
1175 2167 1185 2187 ,
1206 2141 1311 2176 tunc
1331 2132 1448 2176 enim

59 2201 263 2246 auxilium
295 2211 453 2260 praesto
481 2211 545 2246 est
580 2201 658 2246 illi.
686 2204 841 2247 Nonne
865 2202 1094 2261 agnoscitis
1122 2202 1248 2246 istam
1268 2201 1448 2247 viduam

59 2272 100 2316 in
124 2271 362 2330 Evangelio
379 2307 389 2326 ,
414 2272 567 2316 fratres
588 2273 699 2327 mei,
725 2288 823 2316 cum
840 2272 1005 2316 diceret
1025 2273 1235 2316 Dominus
1249 2282 1450 2332 oportere

60 2356 225 2401 semper
263 2357 384 2385 orare
400 2376 410 2396 ,
443 2350 486 2385 et
505 2358 596 2387 non
626 2342 840 2387 deficere?
866 2361 887 2385 ‹<
918 2345 1025 2387 Erat
1051 2342 1232 2403 quidam
1249 2341 1384 2402 judex
1404 2342 1451 2385 in

64 2429 84 2453 »
117 2412 315 2466 civitate,
341 2411 476 2467 dixit,
497 2413 573 2472 qui
607 2428 688 2456 nec
712 2416 851 2456 Deum
880 2412 1085 2470 timebat,
1118 2428 1199 2456 nec
1228 2412 1451 2457 hominem

66 2499 87 2524 »
119 2483 422 2538 reverebatur,
449 2492 492 2527 et
512 2481 819 2542 interpellabat
840 2498 942 2527 eum
964 2483 1166 2543 quaedam
1187 2483 1321 2529 vidua
1337 2498 1451 2542 quo-

109 2572 118 2590 ¹
138 2566 220 2599 Psal.
238 2578 344 2609 cxxxi,
366 2566 417 2609 14.
439 2583 481 2589 —-
501 2573 514 2589 ²
533 2566 616 2599 Ibid.
633 2565 684 2600 15.
704 2582 742 2589 --
761 2564 775 2589 3
800 2578 813 2598 1
836 2567 915 2599 Tim.
932 2567 1018 2609 v,76.
