<?xml version="1.0" encoding="UTF-8"?>
<!DOCTYPE html PUBLIC "-//W3C//DTD XHTML 1.0 Transitional//EN"
    "http://www.w3.org/TR/xhtml1/DTD/xhtml1-transitional.dtd">
<html xmlns="http://www.w3.org/1999/xhtml" xml:lang="en" lang="en">
 <head>
  <title>
</title>
<meta http-equiv="Content-Type" content="text/html;charset=utf-8" />
  <meta name='ocr-system' content='tesseract 3.04.00' />
  <meta name='ocr-capabilities' content='ocr_page ocr_carea ocr_par ocr_line ocrx_word'/>
</head>
<body>
  <div class='ocr_page' id='page_1' title='image "./operaomniaaccura12auguuoft_0460.png"; bbox 0 0 1815 3253; ppageno 0'>
   <div class='ocr_carea' id='block_1_1' title="bbox 362 205 1310 254">
    <p class='ocr_par' dir='ltr' id='par_1_1' title="bbox 362 205 1310 254">
     <span class='ocr_line' id='line_1_1' title="bbox 362 205 1310 254; baseline -0.001 -1"><span class='ocrx_word' id='word_1_1' title='bbox 362 214 446 254; x_wconf 80' lang='lat'>450</span> <span class='ocrx_word' id='word_1_2' title='bbox 463 205 470 210; x_wconf 47' lang='lat'>⁵</span> <span class='ocrx_word' id='word_1_3' title='bbox 797 227 830 252; x_wconf 88' lang='lat' dir='ltr'>s.</span> <span class='ocrx_word' id='word_1_4' title='bbox 866 224 1097 253; x_wconf 68' lang='lat' dir='ltr'>Aucusmm</span> <span class='ocrx_word' id='word_1_5' title='bbox 1129 227 1310 254; x_wconf 74' lang='lat' dir='ltr'>Emscom</span> 
     </span>
    </p>
   </div>
   <div class='ocr_carea' id='block_1_2' title="bbox 342 288 1803 2522">
    <p class='ocr_par' dir='ltr' id='par_1_2' title="bbox 348 288 1745 1815">
     <span class='ocr_line' id='line_1_2' title="bbox 356 288 1742 350; baseline 0.002 -17"><span class='ocrx_word' id='word_1_6' title='bbox 356 290 456 333; x_wconf 90' lang='lat' dir='ltr'>ideo</span> <span class='ocrx_word' id='word_1_7' title='bbox 491 289 566 332; x_wconf 88' lang='lat' dir='ltr'>lux</span> <span class='ocrx_word' id='word_1_8' title='bbox 586 288 766 332; x_wconf 86' lang='lat' dir='ltr'>interior</span> <span class='ocrx_word' id='word_1_9' title='bbox 785 288 832 331; x_wconf 90' lang='lat' dir='ltr'>in</span> <span class='ocrx_word' id='word_1_10' title='bbox 858 290 989 333; x_wconf 88' lang='lat' dir='ltr'>corde</span> <span class='ocrx_word' id='word_1_11' title='bbox 1017 288 1212 334; x_wconf 75' lang='lat' dir='ltr'><strong>defecit?</strong></span> <span class='ocrx_word' id='word_1_12' title='bbox 1253 290 1380 335; x_wconf 80' lang='lat' dir='ltr'>Stetit</span> <span class='ocrx_word' id='word_1_13' title='bbox 1402 291 1568 350; x_wconf 85' lang='lat' dir='ltr'>quippe</span> <span class='ocrx_word' id='word_1_14' title='bbox 1589 292 1633 335; x_wconf 92' lang='lat' dir='ltr'>in</span> <span class='ocrx_word' id='word_1_15' title='bbox 1668 292 1742 336; x_wconf 91' lang='lat' dir='ltr'>illa</span> 
     </span>
     <span class='ocr_line' id='line_1_3' title="bbox 354 357 1743 414; baseline 0.001 -12"><span class='ocrx_word' id='word_1_16' title='bbox 354 358 453 403; x_wconf 91' lang='lat' dir='ltr'>luce</span> <span class='ocrx_word' id='word_1_17' title='bbox 470 393 481 414; x_wconf 87' lang='lat'>,</span> <span class='ocrx_word' id='word_1_18' title='bbox 512 367 555 402; x_wconf 91' lang='lat' dir='ltr'>et</span> <span class='ocrx_word' id='word_1_19' title='bbox 575 357 634 402; x_wconf 87' lang='lat' dir='ltr'>ait</span> <span class='ocrx_word' id='word_1_20' title='bbox 657 378 667 403; x_wconf 77' lang='lat' dir='ltr'>t</span> <span class='ocrx_word' id='word_1_21' title='bbox 698 377 720 400; x_wconf 91' lang='lat'>«</span> <span class='ocrx_word' id='word_1_22' title='bbox 745 358 954 402; x_wconf 86' lang='lat' dir='ltr'>Dominus</span> <span class='ocrx_word' id='word_1_23' title='bbox 983 357 1130 414; x_wconf 81' lang='lat' dir='ltr'>dedit,</span> <span class='ocrx_word' id='word_1_24' title='bbox 1158 360 1369 404; x_wconf 89' lang='lat' dir='ltr'>Dominus</span> <span class='ocrx_word' id='word_1_25' title='bbox 1395 359 1573 404; x_wconf 89' lang='lat' dir='ltr'>abstulit</span> <span class='ocrx_word' id='word_1_26' title='bbox 1598 380 1606 404; x_wconf 91' lang='lat'>:</span> <span class='ocrx_word' id='word_1_27' title='bbox 1633 362 1743 405; x_wconf 87' lang='lat' dir='ltr'>sicut</span> 
     </span>
     <span class='ocr_line' id='line_1_4' title="bbox 358 427 1742 487; baseline 0.004 -18"><span class='ocrx_word' id='word_1_28' title='bbox 358 446 380 469; x_wconf 86' lang='lat'>»</span> <span class='ocrx_word' id='word_1_29' title='bbox 412 428 599 473; x_wconf 92' lang='lat' dir='ltr'>Domino</span> <span class='ocrx_word' id='word_1_30' title='bbox 620 427 805 487; x_wconf 81' lang='lat' dir='ltr'>placuit,</span> <span class='ocrx_word' id='word_1_31' title='bbox 829 428 889 472; x_wconf 88' lang='lat' dir='ltr'>ita</span> <span class='ocrx_word' id='word_1_32' title='bbox 905 427 1071 473; x_wconf 87' lang='lat' dir='ltr'>factum</span> <span class='ocrx_word' id='word_1_33' title='bbox 1094 437 1158 473; x_wconf 88' lang='lat' dir='ltr'>est</span> <span class='ocrx_word' id='word_1_34' title='bbox 1182 446 1192 473; x_wconf 74' lang='grc' dir='ltr'>ε</span> <span class='ocrx_word' id='word_1_35' title='bbox 1216 429 1271 473; x_wconf 91' lang='lat' dir='ltr'>sit</span> <span class='ocrx_word' id='word_1_36' title='bbox 1293 444 1455 474; x_wconf 91' lang='lat' dir='ltr'>nomen</span> <span class='ocrx_word' id='word_1_37' title='bbox 1474 431 1646 474; x_wconf 88' lang='lat' dir='ltr'>Domini</span> <span class='ocrx_word' id='word_1_38' title='bbox 1664 430 1742 474; x_wconf 88' lang='lat' dir='ltr'>be·-</span> 
     </span>
     <span class='ocr_line' id='line_1_5' title="bbox 356 498 1742 560; baseline 0.003 -20"><span class='ocrx_word' id='word_1_39' title='bbox 356 516 377 540; x_wconf 84' lang='lat'>»</span> <span class='ocrx_word' id='word_1_40' title='bbox 412 499 637 544; x_wconf 85' lang='lat' dir='ltr'>nedictum</span> <span class='ocrx_word' id='word_1_41' title='bbox 659 500 691 543; x_wconf 83' lang='lat'>¹.</span> <span class='ocrx_word' id='word_1_42' title='bbox 725 517 746 541; x_wconf 89' lang='lat'>»</span> <span class='ocrx_word' id='word_1_43' title='bbox 777 501 894 558; x_wconf 83' lang='lat' dir='ltr'>Ergo</span> <span class='ocrx_word' id='word_1_44' title='bbox 933 514 1011 559; x_wconf 90' lang='lat' dir='ltr'>per</span> <span class='ocrx_word' id='word_1_45' title='bbox 1054 498 1245 557; x_wconf 83' lang='lat' dir='ltr'>singulos</span> <span class='ocrx_word' id='word_1_46' title='bbox 1277 500 1366 544; x_wconf 85' lang='lat' dir='ltr'>dies</span> <span class='ocrx_word' id='word_1_47' title='bbox 1401 498 1596 544; x_wconf 89' lang='lat' dir='ltr'>laudavit</span> <span class='ocrx_word' id='word_1_48' title='bbox 1615 534 1627 556; x_wconf 88' lang='lat'>‚</span> <span class='ocrx_word' id='word_1_49' title='bbox 1666 501 1742 560; x_wconf 88' lang='lat' dir='ltr'>qui</span> 
     </span>
     <span class='ocr_line' id='line_1_6' title="bbox 352 569 1743 630; baseline 0.002 -17"><span class='ocrx_word' id='word_1_50' title='bbox 352 570 483 614; x_wconf 89' lang='lat' dir='ltr'>etiam</span> <span class='ocrx_word' id='word_1_51' title='bbox 499 570 546 614; x_wconf 91' lang='lat' dir='ltr'>in</span> <span class='ocrx_word' id='word_1_52' title='bbox 563 569 633 614; x_wconf 92' lang='lat' dir='ltr'>die</span> <span class='ocrx_word' id='word_1_53' title='bbox 655 579 744 615; x_wconf 89' lang='lat' dir='ltr'>tam</span> <span class='ocrx_word' id='word_1_54' title='bbox 768 571 876 614; x_wconf 88' lang='lat' dir='ltr'>tristi</span> <span class='ocrx_word' id='word_1_55' title='bbox 896 570 1107 615; x_wconf 86' lang='lat' dir='ltr'>laudavit.</span> <span class='ocrx_word' id='word_1_56' title='bbox 1128 574 1264 615; x_wconf 83' lang='lat' dir='ltr'>Breve</span> <span class='ocrx_word' id='word_1_57' title='bbox 1278 571 1573 630; x_wconf 84' lang='lat' dir='ltr'>magisterium</span> <span class='ocrx_word' id='word_1_58' title='bbox 1594 580 1672 626; x_wconf 83' lang='lat' dir='ltr'>est,</span> <span class='ocrx_word' id='word_1_59' title='bbox 1690 580 1743 616; x_wconf 88' lang='lat' dir='ltr'>ut</span> 
     </span>
     <span class='ocr_line' id='line_1_7' title="bbox 353 641 1739 702; baseline 0.001 -17"><span class='ocrx_word' id='word_1_60' title='bbox 353 656 522 701; x_wconf 88' lang='lat' dir='ltr'>semper</span> <span class='ocrx_word' id='word_1_61' title='bbox 549 641 699 685; x_wconf 88' lang='lat' dir='ltr'>laudes</span> <span class='ocrx_word' id='word_1_62' title='bbox 718 644 879 697; x_wconf 88' lang='lat' dir='ltr'>Deum,</span> <span class='ocrx_word' id='word_1_63' title='bbox 903 657 1095 702; x_wconf 88' lang='lat' dir='ltr'>veroque</span> <span class='ocrx_word' id='word_1_64' title='bbox 1129 641 1260 687; x_wconf 87' lang='lat' dir='ltr'>corde</span> <span class='ocrx_word' id='word_1_65' title='bbox 1277 676 1289 697; x_wconf 87' lang='lat'>‚</span> <span class='ocrx_word' id='word_1_66' title='bbox 1329 657 1420 686; x_wconf 92' lang='lat' dir='ltr'>non</span> <span class='ocrx_word' id='word_1_67' title='bbox 1448 641 1558 687; x_wconf 84' lang='lat' dir='ltr'>falso</span> <span class='ocrx_word' id='word_1_68' title='bbox 1586 641 1706 686; x_wconf 90' lang='lat' dir='ltr'>dicas·</span> <span class='ocrx_word' id='word_1_69' title='bbox 1728 661 1739 687; x_wconf 71' lang='lat' dir='ltr'><em>z</em></span> 
     </span>
     <span class='ocr_line' id='line_1_8' title="bbox 355 711 1742 772; baseline 0.002 -19"><span class='ocrx_word' id='word_1_70' title='bbox 355 729 376 752; x_wconf 91' lang='lat'>«</span> <span class='ocrx_word' id='word_1_71' title='bbox 407 711 668 755; x_wconf 89' lang='lat' dir='ltr'>Benedicam</span> <span class='ocrx_word' id='word_1_72' title='bbox 698 711 933 756; x_wconf 90' lang='lat' dir='ltr'>Dominum</span> <span class='ocrx_word' id='word_1_73' title='bbox 969 712 1016 755; x_wconf 89' lang='lat' dir='ltr'>in</span> <span class='ocrx_word' id='word_1_74' title='bbox 1050 712 1169 756; x_wconf 89' lang='lat' dir='ltr'>omni</span> <span class='ocrx_word' id='word_1_75' title='bbox 1202 721 1401 771; x_wconf 78' lang='lat' dir='ltr'>tempore</span> <span class='ocrx_word' id='word_1_76' title='bbox 1421 747 1433 767; x_wconf 86' lang='lat'>,</span> <span class='ocrx_word' id='word_1_77' title='bbox 1457 727 1626 772; x_wconf 86' lang='lat' dir='ltr'>semper</span> <span class='ocrx_word' id='word_1_78' title='bbox 1647 712 1742 756; x_wconf 85' lang='lat' dir='ltr'>laus</span> 
     </span>
     <span class='ocr_line' id='line_1_9' title="bbox 354 780 1743 841; baseline 0.004 -21"><span class='ocrx_word' id='word_1_79' title='bbox 354 797 374 820; x_wconf 89' lang='lat'>»</span> <span class='ocrx_word' id='word_1_80' title='bbox 410 781 502 840; x_wconf 86' lang='lat' dir='ltr'>ejus</span> <span class='ocrx_word' id='word_1_81' title='bbox 521 780 568 824; x_wconf 92' lang='lat' dir='ltr'>in</span> <span class='ocrx_word' id='word_1_82' title='bbox 594 796 668 825; x_wconf 87' lang='lat' dir='ltr'>ore</span> <span class='ocrx_word' id='word_1_83' title='bbox 688 784 827 825; x_wconf 66' lang='lat' dir='ltr'>meo‘2.</span> <span class='ocrx_word' id='word_1_84' title='bbox 856 798 880 822; x_wconf 82' lang='lat'>»</span> <span class='ocrx_word' id='word_1_85' title='bbox 902 784 1038 838; x_wconf 76' lang='lat' dir='ltr'>Breve</span> <span class='ocrx_word' id='word_1_86' title='bbox 1059 781 1356 841; x_wconf 86' lang='lat' dir='ltr'>magisterium</span> <span class='ocrx_word' id='word_1_87' title='bbox 1391 790 1480 836; x_wconf 87' lang='lat' dir='ltr'>est,</span> <span class='ocrx_word' id='word_1_88' title='bbox 1509 781 1672 826; x_wconf 79' lang='lat' dir='ltr'>scilicet</span> <span class='ocrx_word' id='word_1_89' title='bbox 1691 790 1743 826; x_wconf 80' lang='lat' dir='ltr'>ut</span> 
     </span>
     <span class='ocr_line' id='line_1_10' title="bbox 351 850 1742 907; baseline 0.001 -14"><span class='ocrx_word' id='word_1_90' title='bbox 351 851 521 895; x_wconf 82' lang='lat' dir='ltr'>noveris</span> <span class='ocrx_word' id='word_1_91' title='bbox 543 866 644 895; x_wconf 84' lang='lat' dir='ltr'>eum</span> <span class='ocrx_word' id='word_1_92' title='bbox 665 850 1000 895; x_wconf 79' lang='lat' dir='ltr'>misericorditer</span> <span class='ocrx_word' id='word_1_93' title='bbox 1019 851 1122 896; x_wconf 86' lang='lat' dir='ltr'>dare</span> <span class='ocrx_word' id='word_1_94' title='bbox 1145 867 1246 896; x_wconf 87' lang='lat' dir='ltr'>cum</span> <span class='ocrx_word' id='word_1_95' title='bbox 1268 851 1344 896; x_wconf 89' lang='lat' dir='ltr'>dat</span> <span class='ocrx_word' id='word_1_96' title='bbox 1360 886 1371 907; x_wconf 90' lang='lat'>,</span> <span class='ocrx_word' id='word_1_97' title='bbox 1408 851 1742 896; x_wconf 70' lang='lat' dir='ltr'>misericorditer</span> 
     </span>
     <span class='ocr_line' id='line_1_11' title="bbox 350 919 1745 981; baseline 0.001 -17"><span class='ocrx_word' id='word_1_98' title='bbox 350 921 522 965; x_wconf 88' lang='lat' dir='ltr'>auferre</span> <span class='ocrx_word' id='word_1_99' title='bbox 543 936 646 966; x_wconf 92' lang='lat' dir='ltr'>cum</span> <span class='ocrx_word' id='word_1_100' title='bbox 673 919 789 965; x_wconf 84' lang='lat' dir='ltr'>tollit</span> <span class='ocrx_word' id='word_1_101' title='bbox 807 942 818 979; x_wconf 78' lang='lat'>3</span> <span class='ocrx_word' id='word_1_102' title='bbox 843 936 924 965; x_wconf 87' lang='lat' dir='ltr'>nec</span> <span class='ocrx_word' id='word_1_103' title='bbox 960 931 1004 966; x_wconf 88' lang='lat' dir='ltr'>te</span> <span class='ocrx_word' id='word_1_104' title='bbox 1025 922 1174 966; x_wconf 88' lang='lat' dir='ltr'>credas</span> <span class='ocrx_word' id='word_1_105' title='bbox 1196 938 1220 966; x_wconf 90' lang='lat' dir='ltr'>a</span> <span class='ocrx_word' id='word_1_106' title='bbox 1240 921 1533 966; x_wconf 82' lang='lat' dir='ltr'>misericordia</span> <span class='ocrx_word' id='word_1_107' title='bbox 1557 923 1649 981; x_wconf 88' lang='lat' dir='ltr'>ejus</span> <span class='ocrx_word' id='word_1_108' title='bbox 1668 922 1745 965; x_wconf 93' lang='lat' dir='ltr'>de-</span> 
     </span>
     <span class='ocr_line' id='line_1_12' title="bbox 352 989 1743 1051; baseline 0.001 -17"><span class='ocrx_word' id='word_1_109' title='bbox 352 989 562 1050; x_wconf 78' lang='lat' dir='ltr'>relinqui,</span> <span class='ocrx_word' id='word_1_110' title='bbox 595 991 672 1051; x_wconf 91' lang='lat' dir='ltr'>qui</span> <span class='ocrx_word' id='word_1_111' title='bbox 704 991 785 1035; x_wconf 81' lang='lat' dir='ltr'>tibi</span> <span class='ocrx_word' id='word_1_112' title='bbox 814 1000 890 1036; x_wconf 89' lang='lat' dir='ltr'>aut</span> <span class='ocrx_word' id='word_1_113' title='bbox 910 991 1136 1036; x_wconf 82' lang='lat' dir='ltr'>blanditur</span> <span class='ocrx_word' id='word_1_114' title='bbox 1157 992 1327 1047; x_wconf 88' lang='lat' dir='ltr'>dando,</span> <span class='ocrx_word' id='word_1_115' title='bbox 1352 1007 1408 1036; x_wconf 91' lang='lat' dir='ltr'>ne</span> <span class='ocrx_word' id='word_1_116' title='bbox 1443 991 1645 1048; x_wconf 82' lang='lat' dir='ltr'>deficias3</span> <span class='ocrx_word' id='word_1_117' title='bbox 1667 1000 1743 1036; x_wconf 84' lang='lat' dir='ltr'>aut</span> 
     </span>
     <span class='ocr_line' id='line_1_13' title="bbox 348 1060 1739 1121; baseline 0 -17"><span class='ocrx_word' id='word_1_118' title='bbox 348 1061 527 1121; x_wconf 88' lang='lat' dir='ltr'>corripit</span> <span class='ocrx_word' id='word_1_119' title='bbox 551 1061 820 1105; x_wconf 87' lang='lat' dir='ltr'>exultantem</span> <span class='ocrx_word' id='word_1_120' title='bbox 835 1096 846 1117; x_wconf 84' lang='lat'>,</span> <span class='ocrx_word' id='word_1_121' title='bbox 871 1077 927 1106; x_wconf 90' lang='lat' dir='ltr'>ne</span> <span class='ocrx_word' id='word_1_122' title='bbox 948 1077 1112 1121; x_wconf 85' lang='lat' dir='ltr'>pereas.</span> <span class='ocrx_word' id='word_1_123' title='bbox 1142 1062 1239 1107; x_wconf 88' lang='lat' dir='ltr'>Sive</span> <span class='ocrx_word' id='word_1_124' title='bbox 1261 1076 1364 1119; x_wconf 83' lang='lat' dir='ltr'>ergo</span> <span class='ocrx_word' id='word_1_125' title='bbox 1395 1061 1442 1104; x_wconf 91' lang='lat' dir='ltr'>in</span> <span class='ocrx_word' id='word_1_126' title='bbox 1464 1062 1558 1121; x_wconf 85' lang='lat' dir='ltr'>eju-s</span> <span class='ocrx_word' id='word_1_127' title='bbox 1579 1060 1705 1105; x_wconf 84' lang='lat' dir='ltr'>donis</span> <span class='ocrx_word' id='word_1_128' title='bbox 1726 1095 1739 1116; x_wconf 88' lang='lat'>‚</span> 
     </span>
     <span class='ocr_line' id='line_1_14' title="bbox 349 1131 1744 1192; baseline 0 -17"><span class='ocrx_word' id='word_1_129' title='bbox 349 1131 436 1176; x_wconf 88' lang='lat' dir='ltr'>sive</span> <span class='ocrx_word' id='word_1_130' title='bbox 458 1132 502 1176; x_wconf 92' lang='lat' dir='ltr'>in</span> <span class='ocrx_word' id='word_1_131' title='bbox 529 1133 619 1192; x_wconf 87' lang='lat' dir='ltr'>ejus</span> <span class='ocrx_word' id='word_1_132' title='bbox 641 1131 822 1190; x_wconf 84' lang='lat' dir='ltr'>flagellis</span> <span class='ocrx_word' id='word_1_133' title='bbox 840 1167 851 1187; x_wconf 86' lang='lat'>‚</span> <span class='ocrx_word' id='word_1_134' title='bbox 887 1131 1019 1176; x_wconf 78' lang='lat' dir='ltr'>l&#39;auda</span> <span class='ocrx_word' id='word_1_135' title='bbox 1052 1142 1117 1176; x_wconf 87' lang='lat' dir='ltr'>tu.</span> <span class='ocrx_word' id='word_1_136' title='bbox 1145 1136 1262 1177; x_wconf 91' lang='lat' dir='ltr'>Laus</span> <span class='ocrx_word' id='word_1_137' title='bbox 1283 1131 1544 1191; x_wconf 80' lang='lat' dir='ltr'>flagellantis</span> <span class='ocrx_word' id='word_1_138' title='bbox 1565 1167 1576 1188; x_wconf 83' lang='lat'>,</span> <span class='ocrx_word' id='word_1_139' title='bbox 1601 1131 1744 1175; x_wconf 87' lang='lat' dir='ltr'>medi·-</span> 
     </span>
     <span class='ocr_line' id='line_1_15' title="bbox 349 1202 1742 1262; baseline 0.001 -17"><span class='ocrx_word' id='word_1_140' title='bbox 349 1203 445 1246; x_wconf 87' lang='lat' dir='ltr'>cina</span> <span class='ocrx_word' id='word_1_141' title='bbox 462 1211 526 1246; x_wconf 92' lang='lat' dir='ltr'>est</span> <span class='ocrx_word' id='word_1_142' title='bbox 547 1202 753 1246; x_wconf 86' lang='lat' dir='ltr'>vulneris.</span> <span class='ocrx_word' id='word_1_143' title='bbox 784 1221 805 1244; x_wconf 91' lang='lat'>«</span> <span class='ocrx_word' id='word_1_144' title='bbox 826 1205 908 1246; x_wconf 87' lang='lat' dir='ltr'>Per</span> <span class='ocrx_word' id='word_1_145' title='bbox 924 1202 1118 1261; x_wconf 80' lang='lat' dir='ltr'>singulos</span> <span class='ocrx_word' id='word_1_146' title='bbox 1133 1238 1144 1256; x_wconf 80' lang='lat'>,</span> <span class='ocrx_word' id='word_1_147' title='bbox 1169 1203 1315 1262; x_wconf 87' lang='lat' dir='ltr'>inquit</span> <span class='ocrx_word' id='word_1_148' title='bbox 1333 1237 1345 1257; x_wconf 87' lang='lat'>‚</span> <span class='ocrx_word' id='word_1_149' title='bbox 1372 1203 1464 1246; x_wconf 87' lang='lat' dir='ltr'>dies</span> <span class='ocrx_word' id='word_1_150' title='bbox 1482 1202 1742 1247; x_wconf 83' lang='lat' dir='ltr'>benedicam</span> 
     </span>
     <span class='ocr_line' id='line_1_16' title="bbox 352 1270 1738 1331; baseline 0.004 -20"><span class='ocrx_word' id='word_1_151' title='bbox 352 1289 373 1312; x_wconf 90' lang='lat'>»</span> <span class='ocrx_word' id='word_1_152' title='bbox 408 1280 466 1314; x_wconf 72' lang='lat' dir='ltr'>te.</span> <span class='ocrx_word' id='word_1_153' title='bbox 496 1289 517 1312; x_wconf 85' lang='lat'>»</span> <span class='ocrx_word' id='word_1_154' title='bbox 549 1275 729 1315; x_wconf 88' lang='lat' dir='ltr'>Prorsus</span> <span class='ocrx_word' id='word_1_155' title='bbox 761 1286 839 1331; x_wconf 89' lang='lat' dir='ltr'>per</span> <span class='ocrx_word' id='word_1_156' title='bbox 871 1271 1064 1329; x_wconf 85' lang='lat' dir='ltr'>singulos</span> <span class='ocrx_word' id='word_1_157' title='bbox 1086 1271 1205 1327; x_wconf 90' lang='lat' dir='ltr'>dies,</span> <span class='ocrx_word' id='word_1_158' title='bbox 1246 1270 1398 1315; x_wconf 87' lang='lat' dir='ltr'>fratres</span> <span class='ocrx_word' id='word_1_159' title='bbox 1416 1306 1427 1326; x_wconf 88' lang='lat'>,</span> <span class='ocrx_word' id='word_1_160' title='bbox 1456 1271 1702 1316; x_wconf 86' lang='lat' dir='ltr'>benedicite</span> <span class='ocrx_word' id='word_1_161' title='bbox 1727 1290 1738 1316; x_wconf 72' lang='grc' dir='ltr'><strong>ε</strong></span> 
     </span>
     <span class='ocr_line' id='line_1_17' title="bbox 349 1341 1740 1401; baseline -0.001 -15"><span class='ocrx_word' id='word_1_162' title='bbox 349 1342 528 1386; x_wconf 89' lang='lat' dir='ltr'>omnino</span> <span class='ocrx_word' id='word_1_163' title='bbox 547 1341 767 1401; x_wconf 87' lang='lat' dir='ltr'>quidquid</span> <span class='ocrx_word' id='word_1_164' title='bbox 784 1341 988 1386; x_wconf 86' lang='lat' dir='ltr'>acciderit</span> <span class='ocrx_word' id='word_1_165' title='bbox 1003 1377 1014 1397; x_wconf 85' lang='lat'>,</span> <span class='ocrx_word' id='word_1_166' title='bbox 1037 1341 1282 1386; x_wconf 88' lang='lat' dir='ltr'>benedicite</span> <span class='ocrx_word' id='word_1_167' title='bbox 1304 1345 1459 1386; x_wconf 88' lang='lat' dir='ltr'>Deum.</span> <span class='ocrx_word' id='word_1_168' title='bbox 1486 1342 1661 1386; x_wconf 87' lang='lat' dir='ltr'>Etenim</span> <span class='ocrx_word' id='word_1_169' title='bbox 1682 1357 1740 1386; x_wconf 87' lang='lat' dir='ltr'>ne</span> 
     </span>
     <span class='ocr_line' id='line_1_18' title="bbox 350 1410 1738 1471; baseline 0 -16"><span class='ocrx_word' id='word_1_170' title='bbox 350 1411 517 1456; x_wconf 87' lang='lat' dir='ltr'>accidat</span> <span class='ocrx_word' id='word_1_171' title='bbox 540 1412 727 1471; x_wconf 85' lang='lat' dir='ltr'>aliquid,</span> <span class='ocrx_word' id='word_1_172' title='bbox 758 1410 881 1471; x_wconf 91' lang='lat' dir='ltr'>quod</span> <span class='ocrx_word' id='word_1_173' title='bbox 899 1411 1012 1455; x_wconf 88' lang='lat' dir='ltr'>ferre</span> <span class='ocrx_word' id='word_1_174' title='bbox 1032 1427 1123 1456; x_wconf 88' lang='lat' dir='ltr'>non</span> <span class='ocrx_word' id='word_1_175' title='bbox 1143 1412 1321 1471; x_wconf 88' lang='lat' dir='ltr'>potestis</span> <span class='ocrx_word' id='word_1_176' title='bbox 1337 1447 1348 1466; x_wconf 87' lang='lat'>,</span> <span class='ocrx_word' id='word_1_177' title='bbox 1373 1412 1464 1471; x_wconf 89' lang='lat' dir='ltr'>ipse</span> <span class='ocrx_word' id='word_1_178' title='bbox 1487 1410 1606 1456; x_wconf 85' lang='lat' dir='ltr'>facit.</span> <span class='ocrx_word' id='word_1_179' title='bbox 1633 1411 1738 1456; x_wconf 76' lang='lat' dir='ltr'>Ideo</span> 
     </span>
     <span class='ocr_line' id='line_1_19' title="bbox 348 1481 1740 1543; baseline 0 -17"><span class='ocrx_word' id='word_1_180' title='bbox 348 1498 451 1526; x_wconf 91' lang='lat' dir='ltr'>cum</span> <span class='ocrx_word' id='word_1_181' title='bbox 484 1482 639 1526; x_wconf 87' lang='lat' dir='ltr'>timore</span> <span class='ocrx_word' id='word_1_182' title='bbox 661 1481 793 1526; x_wconf 91' lang='lat' dir='ltr'>debes</span> <span class='ocrx_word' id='word_1_183' title='bbox 816 1497 906 1526; x_wconf 91' lang='lat' dir='ltr'>esse</span> <span class='ocrx_word' id='word_1_184' title='bbox 923 1517 935 1537; x_wconf 91' lang='lat'>,</span> <span class='ocrx_word' id='word_1_185' title='bbox 971 1481 1149 1542; x_wconf 89' lang='lat' dir='ltr'>quando</span> <span class='ocrx_word' id='word_1_186' title='bbox 1177 1483 1256 1526; x_wconf 90' lang='lat' dir='ltr'>tibi</span> <span class='ocrx_word' id='word_1_187' title='bbox 1281 1483 1394 1526; x_wconf 91' lang='lat' dir='ltr'>bene</span> <span class='ocrx_word' id='word_1_188' title='bbox 1417 1491 1480 1526; x_wconf 88' lang='lat' dir='ltr'>est</span> <span class='ocrx_word' id='word_1_189' title='bbox 1499 1503 1510 1540; x_wconf 82' lang='lat'><em>3</em></span> <span class='ocrx_word' id='word_1_190' title='bbox 1530 1497 1674 1543; x_wconf 84' lang='lat' dir='ltr'>neque</span> <span class='ocrx_word' id='word_1_191' title='bbox 1694 1491 1740 1526; x_wconf 87' lang='lat' dir='ltr'>te</span> 
     </span>
     <span class='ocr_line' id='line_1_20' title="bbox 349 1552 1738 1612; baseline -0.001 -15"><span class='ocrx_word' id='word_1_192' title='bbox 349 1553 404 1597; x_wconf 86' lang='lat' dir='ltr'>ad</span> <span class='ocrx_word' id='word_1_193' title='bbox 424 1553 509 1596; x_wconf 93' lang='lat' dir='ltr'>hoc</span> <span class='ocrx_word' id='word_1_194' title='bbox 524 1567 676 1611; x_wconf 85' lang='lat' dir='ltr'>parare</span> <span class='ocrx_word' id='word_1_195' title='bbox 693 1586 704 1606; x_wconf 87' lang='lat'>,</span> <span class='ocrx_word' id='word_1_196' title='bbox 729 1552 852 1611; x_wconf 87' lang='lat' dir='ltr'>quasi</span> <span class='ocrx_word' id='word_1_197' title='bbox 867 1561 918 1595; x_wconf 88' lang='lat' dir='ltr'>ut</span> <span class='ocrx_word' id='word_1_198' title='bbox 939 1567 1168 1612; x_wconf 86' lang='lat' dir='ltr'>nunquam</span> <span class='ocrx_word' id='word_1_199' title='bbox 1201 1552 1393 1596; x_wconf 86' lang='lat' dir='ltr'>tenteris.</span> <span class='ocrx_word' id='word_1_200' title='bbox 1421 1552 1464 1596; x_wconf 94' lang='lat' dir='ltr'>Si</span> <span class='ocrx_word' id='word_1_201' title='bbox 1488 1552 1603 1596; x_wconf 89' lang='lat' dir='ltr'>enim</span> <span class='ocrx_word' id='word_1_202' title='bbox 1620 1567 1738 1596; x_wconf 88' lang='lat' dir='ltr'>nun-—</span> 
     </span>
     <span class='ocr_line' id='line_1_21' title="bbox 348 1621 1742 1682; baseline 0 -16"><span class='ocrx_word' id='word_1_203' title='bbox 348 1638 481 1682; x_wconf 86' lang='lat' dir='ltr'>quam</span> <span class='ocrx_word' id='word_1_204' title='bbox 505 1623 696 1677; x_wconf 85' lang='lat' dir='ltr'>tentaris,</span> <span class='ocrx_word' id='word_1_205' title='bbox 721 1637 950 1682; x_wconf 86' lang='lat' dir='ltr'>nunquam</span> <span class='ocrx_word' id='word_1_206' title='bbox 971 1623 1183 1681; x_wconf 82' lang='lat' dir='ltr'>probaris.</span> <span class='ocrx_word' id='word_1_207' title='bbox 1206 1625 1362 1667; x_wconf 88' lang='lat' dir='ltr'>Nonne</span> <span class='ocrx_word' id='word_1_208' title='bbox 1378 1621 1533 1665; x_wconf 89' lang='lat' dir='ltr'>melius</span> <span class='ocrx_word' id='word_1_209' title='bbox 1556 1631 1620 1666; x_wconf 85' lang='lat' dir='ltr'>est</span> <span class='ocrx_word' id='word_1_210' title='bbox 1641 1631 1742 1666; x_wconf 83' lang='lat' dir='ltr'>ten—</span> 
     </span>
     <span class='ocr_line' id='line_1_22' title="bbox 348 1691 1739 1752; baseline -0.001 -16"><span class='ocrx_word' id='word_1_211' title='bbox 348 1693 429 1737; x_wconf 87' lang='lat' dir='ltr'>tari</span> <span class='ocrx_word' id='word_1_212' title='bbox 447 1701 490 1736; x_wconf 90' lang='lat' dir='ltr'>et</span> <span class='ocrx_word' id='word_1_213' title='bbox 508 1693 710 1751; x_wconf 85' lang='lat' dir='ltr'>probari,</span> <span class='ocrx_word' id='word_1_214' title='bbox 735 1707 868 1752; x_wconf 86' lang='lat' dir='ltr'>quam</span> <span class='ocrx_word' id='word_1_215' title='bbox 889 1707 979 1736; x_wconf 93' lang='lat' dir='ltr'>non</span> <span class='ocrx_word' id='word_1_216' title='bbox 1000 1700 1218 1736; x_wconf 87' lang='lat' dir='ltr'>tentatum</span> <span class='ocrx_word' id='word_1_217' title='bbox 1234 1692 1491 1752; x_wconf 77' lang='lat' dir='ltr'>reprobari?</span> <span class='ocrx_word' id='word_1_218' title='bbox 1519 1710 1539 1733; x_wconf 90' lang='lat'>«</span> <span class='ocrx_word' id='word_1_219' title='bbox 1558 1694 1616 1735; x_wconf 90' lang='lat' dir='ltr'>Et</span> <span class='ocrx_word' id='word_1_220' title='bbox 1636 1691 1739 1736; x_wconf 89' lang='lat' dir='ltr'>lau-</span> 
     </span>
     <span class='ocr_line' id='line_1_23' title="bbox 351 1760 1735 1815; baseline -0.001 -11"><span class='ocrx_word' id='word_1_221' title='bbox 351 1782 372 1806; x_wconf 85' lang='lat'>»</span> <span class='ocrx_word' id='word_1_222' title='bbox 408 1763 524 1807; x_wconf 88' lang='lat' dir='ltr'>dabo</span> <span class='ocrx_word' id='word_1_223' title='bbox 547 1777 709 1806; x_wconf 88' lang='lat' dir='ltr'>nomen</span> <span class='ocrx_word' id='word_1_224' title='bbox 725 1771 852 1806; x_wconf 87' lang='lat' dir='ltr'>tuum</span> <span class='ocrx_word' id='word_1_225' title='bbox 871 1762 917 1805; x_wconf 91' lang='lat' dir='ltr'>in</span> <span class='ocrx_word' id='word_1_226' title='bbox 939 1762 1164 1815; x_wconf 80' lang='lat' dir='ltr'>saeculum,</span> <span class='ocrx_word' id='word_1_227' title='bbox 1181 1772 1224 1806; x_wconf 92' lang='lat' dir='ltr'>et</span> <span class='ocrx_word' id='word_1_228' title='bbox 1245 1762 1290 1805; x_wconf 91' lang='lat' dir='ltr'>in</span> <span class='ocrx_word' id='word_1_229' title='bbox 1312 1760 1522 1806; x_wconf 82' lang='lat' dir='ltr'>saeculum</span> <span class='ocrx_word' id='word_1_230' title='bbox 1543 1761 1735 1806; x_wconf 78' lang='lat' dir='ltr'>saeculi.»</span> 
     </span>
    </p>

    <p class='ocr_par' dir='ltr' id='par_1_3' title="bbox 342 1830 1803 2522">
     <span class='ocr_line' id='line_1_24' title="bbox 407 1830 1737 1891; baseline -0.001 -14"><span class='ocrx_word' id='word_1_231' title='bbox 407 1835 461 1877; x_wconf 82' lang='lat' dir='ltr'>V.</span> <span class='ocrx_word' id='word_1_232' title='bbox 491 1836 710 1891; x_wconf 82' lang='lat' dir='ltr'>«Magnus</span> <span class='ocrx_word' id='word_1_233' title='bbox 735 1832 950 1876; x_wconf 86' lang='lat' dir='ltr'>Dominus</span> <span class='ocrx_word' id='word_1_234' title='bbox 967 1840 1010 1875; x_wconf 86' lang='lat' dir='ltr'>et</span> <span class='ocrx_word' id='word_1_235' title='bbox 1027 1831 1257 1876; x_wconf 88' lang='lat' dir='ltr'>laudabilis</span> <span class='ocrx_word' id='word_1_236' title='bbox 1280 1830 1406 1876; x_wconf 88' lang='lat' dir='ltr'>valde</span> <span class='ocrx_word' id='word_1_237' title='bbox 1422 1832 1454 1874; x_wconf 78' lang='lat'>3.</span> <span class='ocrx_word' id='word_1_238' title='bbox 1473 1833 1737 1884; x_wconf 85' lang='lat' dir='ltr'>»Quantum</span> 
     </span>
     <span class='ocr_line' id='line_1_25' title="bbox 347 1902 1738 1962; baseline -0.002 -15"><span class='ocrx_word' id='word_1_239' title='bbox 347 1903 542 1947; x_wconf 89' lang='lat' dir='ltr'>dicturus</span> <span class='ocrx_word' id='word_1_240' title='bbox 564 1904 686 1946; x_wconf 80' lang='lat' dir='ltr'>erat?</span> <span class='ocrx_word' id='word_1_241' title='bbox 701 1918 801 1962; x_wconf 85' lang='lat' dir='ltr'>quae</span> <span class='ocrx_word' id='word_1_242' title='bbox 831 1902 965 1946; x_wconf 86' lang='lat' dir='ltr'>verba</span> <span class='ocrx_word' id='word_1_243' title='bbox 985 1902 1278 1962; x_wconf 78' lang='lat' dir='ltr'>quaesiturus?</span> <span class='ocrx_word' id='word_1_244' title='bbox 1307 1904 1527 1955; x_wconf 82' lang='lat' dir='ltr'>Quantam</span> <span class='ocrx_word' id='word_1_245' title='bbox 1551 1916 1738 1960; x_wconf 90' lang='lat' dir='ltr'>concep-</span> 
     </span>
     <span class='ocr_line' id='line_1_26' title="bbox 347 1971 1733 2031; baseline -0.002 -13"><span class='ocrx_word' id='word_1_246' title='bbox 347 1974 513 2018; x_wconf 82' lang='lat' dir='ltr'>tionem</span> <span class='ocrx_word' id='word_1_247' title='bbox 536 1973 749 2019; x_wconf 89' lang='lat' dir='ltr'>conclusit</span> <span class='ocrx_word' id='word_1_248' title='bbox 767 1974 811 2017; x_wconf 92' lang='lat' dir='ltr'>in</span> <span class='ocrx_word' id='word_1_249' title='bbox 840 1988 930 2016; x_wconf 91' lang='lat' dir='ltr'>uno</span> <span class='ocrx_word' id='word_1_250' title='bbox 955 1992 976 2015; x_wconf 91' lang='lat'>«</span> <span class='ocrx_word' id='word_1_251' title='bbox 1001 1972 1171 2016; x_wconf 79' lang='lat' dir='ltr'>Valde?</span> <span class='ocrx_word' id='word_1_252' title='bbox 1195 1991 1215 2014; x_wconf 87' lang='lat'>»</span> <span class='ocrx_word' id='word_1_253' title='bbox 1241 1972 1394 2030; x_wconf 85' lang='lat' dir='ltr'>Cogita</span> <span class='ocrx_word' id='word_1_254' title='bbox 1416 1981 1634 2031; x_wconf 87' lang='lat' dir='ltr'>quantum</span> <span class='ocrx_word' id='word_1_255' title='bbox 1655 1971 1733 2015; x_wconf 90' lang='lat' dir='ltr'>vis.</span> 
     </span>
     <span class='ocr_line' id='line_1_27' title="bbox 346 2042 1736 2103; baseline -0.003 -14"><span class='ocrx_word' id='word_1_256' title='bbox 346 2044 535 2098; x_wconf 86' lang='lat' dir='ltr'>Quando</span> <span class='ocrx_word' id='word_1_257' title='bbox 554 2053 701 2089; x_wconf 82' lang='lat' dir='ltr'>autem</span> <span class='ocrx_word' id='word_1_258' title='bbox 721 2052 863 2102; x_wconf 86' lang='lat' dir='ltr'>potest</span> <span class='ocrx_word' id='word_1_259' title='bbox 876 2043 1071 2100; x_wconf 81' lang='lat' dir='ltr'>cogitari,</span> <span class='ocrx_word' id='word_1_260' title='bbox 1086 2043 1162 2103; x_wconf 90' lang='lat' dir='ltr'>qui</span> <span class='ocrx_word' id='word_1_261' title='bbox 1181 2042 1276 2100; x_wconf 90' lang='lat' dir='ltr'>capi</span> <span class='ocrx_word' id='word_1_262' title='bbox 1291 2057 1379 2085; x_wconf 92' lang='lat' dir='ltr'>non</span> <span class='ocrx_word' id='word_1_263' title='bbox 1396 2043 1570 2099; x_wconf 81' lang='lat' dir='ltr'>potest?</span> <span class='ocrx_word' id='word_1_264' title='bbox 1589 2059 1610 2082; x_wconf 92' lang='lat'>«</span> <span class='ocrx_word' id='word_1_265' title='bbox 1627 2043 1736 2085; x_wconf 92' lang='lat' dir='ltr'>Lau-</span> 
     </span>
     <span class='ocr_line' id='line_1_28' title="bbox 346 2110 1731 2170; baseline -0.002 -14"><span class='ocrx_word' id='word_1_266' title='bbox 346 2132 368 2156; x_wconf 89' lang='lat'>»</span> <span class='ocrx_word' id='word_1_267' title='bbox 403 2115 560 2159; x_wconf 86' lang='lat' dir='ltr'>dabilis</span> <span class='ocrx_word' id='word_1_268' title='bbox 591 2124 654 2159; x_wconf 88' lang='lat' dir='ltr'>est</span> <span class='ocrx_word' id='word_1_269' title='bbox 681 2113 837 2170; x_wconf 79' lang='lat' dir='ltr'>valde3</span> <span class='ocrx_word' id='word_1_270' title='bbox 857 2122 900 2156; x_wconf 92' lang='lat' dir='ltr'>et</span> <span class='ocrx_word' id='word_1_271' title='bbox 922 2111 1235 2170; x_wconf 84' lang='lat' dir='ltr'>magnitudinis</span> <span class='ocrx_word' id='word_1_272' title='bbox 1258 2112 1350 2170; x_wconf 84' lang='lat' dir='ltr'>ejus</span> <span class='ocrx_word' id='word_1_273' title='bbox 1368 2126 1458 2154; x_wconf 92' lang='lat' dir='ltr'>non</span> <span class='ocrx_word' id='word_1_274' title='bbox 1479 2119 1543 2154; x_wconf 89' lang='lat' dir='ltr'>est</span> <span class='ocrx_word' id='word_1_275' title='bbox 1565 2110 1679 2154; x_wconf 82' lang='lat' dir='ltr'>finis.</span> <span class='ocrx_word' id='word_1_276' title='bbox 1710 2128 1731 2152; x_wconf 89' lang='lat'>»</span> 
     </span>
     <span class='ocr_line' id='line_1_29' title="bbox 346 2180 1803 2241; baseline -0.003 -13"><span class='ocrx_word' id='word_1_277' title='bbox 346 2185 452 2229; x_wconf 92' lang='lat' dir='ltr'>Ideo</span> <span class='ocrx_word' id='word_1_278' title='bbox 474 2185 603 2240; x_wconf 83' lang='lat' dir='ltr'>dixit,</span> <span class='ocrx_word' id='word_1_279' title='bbox 631 2203 652 2227; x_wconf 87' lang='lat'>«</span> <span class='ocrx_word' id='word_1_280' title='bbox 676 2182 840 2233; x_wconf 83' lang='lat' dir='ltr'>Valde3</span> <span class='ocrx_word' id='word_1_281' title='bbox 867 2200 888 2222; x_wconf 91' lang='lat'>»</span> <span class='ocrx_word' id='word_1_282' title='bbox 909 2182 1010 2241; x_wconf 89' lang='lat' dir='ltr'>quia</span> <span class='ocrx_word' id='word_1_283' title='bbox 1030 2215 1041 2236; x_wconf 82' lang='grc'>,</span> <span class='ocrx_word' id='word_1_284' title='bbox 1071 2200 1091 2223; x_wconf 95' lang='lat'>«</span> <span class='ocrx_word' id='word_1_285' title='bbox 1117 2180 1430 2239; x_wconf 85' lang='lat' dir='ltr'>Magnitudinis</span> <span class='ocrx_word' id='word_1_286' title='bbox 1447 2181 1539 2239; x_wconf 91' lang='lat' dir='ltr'>ejus</span> <span class='ocrx_word' id='word_1_287' title='bbox 1560 2195 1650 2224; x_wconf 90' lang='lat' dir='ltr'>non</span> <span class='ocrx_word' id='word_1_288' title='bbox 1672 2189 1737 2224; x_wconf 85' lang='lat' dir='ltr'>est</span> <span class='ocrx_word' id='word_1_289' title='bbox 1792 2194 1803 2216; x_wconf 51' lang='grc' dir='ltr'>υ</span> 
     </span>
     <span class='ocr_line' id='line_1_30' title="bbox 344 2249 1734 2310; baseline -0.001 -15"><span class='ocrx_word' id='word_1_290' title='bbox 344 2271 366 2295; x_wconf 82' lang='grc'>))</span> <span class='ocrx_word' id='word_1_291' title='bbox 402 2254 498 2298; x_wconf 87' lang='lat' dir='ltr'>finis</span> <span class='ocrx_word' id='word_1_292' title='bbox 521 2274 530 2300; x_wconf 73' lang='grc' dir='ltr'>ε</span> <span class='ocrx_word' id='word_1_293' title='bbox 558 2272 579 2296; x_wconf 85' lang='lat'>»</span> <span class='ocrx_word' id='word_1_294' title='bbox 604 2269 660 2297; x_wconf 88' lang='lat' dir='ltr'>ne</span> <span class='ocrx_word' id='word_1_295' title='bbox 676 2253 789 2298; x_wconf 88' lang='lat' dir='ltr'>forte</span> <span class='ocrx_word' id='word_1_296' title='bbox 811 2251 990 2310; x_wconf 87' lang='lat' dir='ltr'>incipias</span> <span class='ocrx_word' id='word_1_297' title='bbox 1011 2249 1124 2294; x_wconf 87' lang='lat' dir='ltr'>velle</span> <span class='ocrx_word' id='word_1_298' title='bbox 1141 2249 1342 2304; x_wconf 87' lang='lat' dir='ltr'>laudare,</span> <span class='ocrx_word' id='word_1_299' title='bbox 1364 2259 1407 2293; x_wconf 88' lang='lat' dir='ltr'>et</span> <span class='ocrx_word' id='word_1_300' title='bbox 1424 2260 1548 2309; x_wconf 87' lang='lat' dir='ltr'>putes</span> <span class='ocrx_word' id='word_1_301' title='bbox 1571 2259 1614 2293; x_wconf 91' lang='lat' dir='ltr'>te</span> <span class='ocrx_word' id='word_1_302' title='bbox 1634 2249 1734 2294; x_wconf 87' lang='lat' dir='ltr'>lau-</span> 
     </span>
     <span class='ocr_line' id='line_1_31' title="bbox 343 2321 1733 2384; baseline -0.002 -16"><span class='ocrx_word' id='word_1_303' title='bbox 343 2324 489 2369; x_wconf 87' lang='lat' dir='ltr'>dando</span> <span class='ocrx_word' id='word_1_304' title='bbox 517 2340 641 2384; x_wconf 88' lang='lat' dir='ltr'>posse</span> <span class='ocrx_word' id='word_1_305' title='bbox 668 2323 823 2374; x_wconf 85' lang='lat' dir='ltr'>finire,</span> <span class='ocrx_word' id='word_1_306' title='bbox 854 2323 977 2382; x_wconf 86' lang='lat' dir='ltr'>cujus</span> <span class='ocrx_word' id='word_1_307' title='bbox 1006 2321 1264 2381; x_wconf 85' lang='lat' dir='ltr'>magnitudo</span> <span class='ocrx_word' id='word_1_308' title='bbox 1297 2321 1430 2366; x_wconf 86' lang='lat' dir='ltr'>finem</span> <span class='ocrx_word' id='word_1_309' title='bbox 1466 2337 1555 2365; x_wconf 91' lang='lat' dir='ltr'>non</span> <span class='ocrx_word' id='word_1_310' title='bbox 1590 2330 1733 2380; x_wconf 88' lang='lat' dir='ltr'>potest</span> 
     </span>
     <span class='ocr_line' id='line_1_32' title="bbox 342 2390 1737 2453; baseline -0.002 -15"><span class='ocrx_word' id='word_1_311' title='bbox 342 2395 519 2439; x_wconf 84' lang='lat' dir='ltr'>habere.</span> <span class='ocrx_word' id='word_1_312' title='bbox 548 2393 645 2440; x_wconf 88' lang='lat' dir='ltr'>Noli</span> <span class='ocrx_word' id='word_1_313' title='bbox 662 2408 763 2451; x_wconf 81' lang='lat' dir='ltr'>ergo</span> <span class='ocrx_word' id='word_1_314' title='bbox 785 2402 828 2437; x_wconf 90' lang='lat' dir='ltr'>te</span> <span class='ocrx_word' id='word_1_315' title='bbox 847 2401 1002 2453; x_wconf 85' lang='lat' dir='ltr'>putare</span> <span class='ocrx_word' id='word_1_316' title='bbox 1019 2407 1136 2447; x_wconf 88' lang='lat' dir='ltr'>eum,</span> <span class='ocrx_word' id='word_1_317' title='bbox 1157 2393 1279 2451; x_wconf 87' lang='lat' dir='ltr'>cujus</span> <span class='ocrx_word' id='word_1_318' title='bbox 1301 2390 1617 2449; x_wconf 78' lang='lat' dir='ltr'>magnitudinis</span> <span class='ocrx_word' id='word_1_319' title='bbox 1636 2391 1737 2435; x_wconf 51' lang='lat' dir='ltr'>finis¹</span> 
     </span>
     <span class='ocr_line' id='line_1_33' title="bbox 343 2459 1732 2522; baseline -0.004 -14"><span class='ocrx_word' id='word_1_320' title='bbox 343 2479 433 2508; x_wconf 89' lang='lat' dir='ltr'>non</span> <span class='ocrx_word' id='word_1_321' title='bbox 461 2474 546 2519; x_wconf 87' lang='lat' dir='ltr'>est,</span> <span class='ocrx_word' id='word_1_322' title='bbox 579 2463 844 2508; x_wconf 80' lang='lat' dir='ltr'>sufficienter</span> <span class='ocrx_word' id='word_1_323' title='bbox 870 2478 994 2522; x_wconf 88' lang='lat' dir='ltr'>posse</span> <span class='ocrx_word' id='word_1_324' title='bbox 1024 2461 1218 2506; x_wconf 85' lang='lat' dir='ltr'>laudare.</span> <span class='ocrx_word' id='word_1_325' title='bbox 1259 2463 1414 2506; x_wconf 86' lang='lat' dir='ltr'>Nonne</span> <span class='ocrx_word' id='word_1_326' title='bbox 1447 2475 1548 2519; x_wconf 84' lang='lat' dir='ltr'>ergo</span> <span class='ocrx_word' id='word_1_327' title='bbox 1577 2459 1732 2504; x_wconf 84' lang='lat' dir='ltr'>melius</span> 
     </span>
    </p>
   </div>
   <div class='ocr_carea' id='block_1_3' title="bbox 392 2543 1325 2589">
    <p class='ocr_par' dir='ltr' id='par_1_4' title="bbox 392 2543 1325 2589">
     <span class='ocr_line' id='line_1_34' title="bbox 392 2543 1325 2589; baseline -0.003 -10"><span class='ocrx_word' id='word_1_328' title='bbox 392 2553 400 2569; x_wconf 86' lang='lat'>¹</span> <span class='ocrx_word' id='word_1_329' title='bbox 421 2547 493 2579; x_wconf 86' lang='lat' dir='ltr'>Job.</span> <span class='ocrx_word' id='word_1_330' title='bbox 513 2559 536 2589; x_wconf 90' lang='lat'>1,</span> <span class='ocrx_word' id='word_1_331' title='bbox 555 2556 609 2580; x_wconf 68' lang='grc' dir='ltr'>Ἡ.</span> <span class='ocrx_word' id='word_1_332' title='bbox 631 2563 673 2570; x_wconf 95' lang='grc'>-</span> <span class='ocrx_word' id='word_1_333' title='bbox 688 2553 700 2570; x_wconf 87' lang='lat'>²</span> <span class='ocrx_word' id='word_1_334' title='bbox 720 2545 800 2579; x_wconf 84' lang='lat' dir='ltr'>Psal.</span> <span class='ocrx_word' id='word_1_335' title='bbox 821 2557 928 2588; x_wconf 81' lang='lat' dir='ltr'>xxxin,</span> <span class='ocrx_word' id='word_1_336' title='bbox 949 2554 981 2578; x_wconf 87' lang='lat'>2.</span> <span class='ocrx_word' id='word_1_337' title='bbox 1001 2562 1043 2568; x_wconf 93' lang='lat'><strong>—</strong></span> <span class='ocrx_word' id='word_1_338' title='bbox 1066 2543 1079 2568; x_wconf 81' lang='lat'>³</span> <span class='ocrx_word' id='word_1_339' title='bbox 1100 2545 1148 2578; x_wconf 92' lang='lat' dir='ltr'>Id.</span> <span class='ocrx_word' id='word_1_340' title='bbox 1168 2555 1272 2587; x_wconf 81' lang='lat' dir='ltr'>cxuv,</span> <span class='ocrx_word' id='word_1_341' title='bbox 1295 2544 1325 2577; x_wconf 82' lang='lat'>3.</span> 
     </span>
    </p>
   </div>
   <div class='ocr_carea' id='block_1_4' title="bbox 1743 0 1804 3253">
    <p class='ocr_par' dir='ltr' id='par_1_5' title="bbox 1743 0 1804 3253">
     <span class='ocr_line' id='line_1_35' title="bbox 1779 0 1804 539; baseline 0 0"><span class='ocrx_word' id='word_1_342' title='bbox 1779 0 1804 539; x_wconf 95' lang='lat' dir='ltr'>   </span> 
     </span>
     <span class='ocr_line' id='line_1_36' title="bbox 1775 539 1799 871; baseline 0 0"><span class='ocrx_word' id='word_1_343' title='bbox 1775 539 1799 871; x_wconf 95' lang='lat' dir='ltr'>   </span> 
     </span>
     <span class='ocr_line' id='line_1_37' title="bbox 1771 871 1795 1101; baseline 0 0"><span class='ocrx_word' id='word_1_344' title='bbox 1771 871 1795 1101; x_wconf 95' lang='lat' dir='ltr'>    </span> 
     </span>
     <span class='ocr_line' id='line_1_38' title="bbox 1743 1101 1790 3253; baseline 0 -2031"><span class='ocrx_word' id='word_1_345' title='bbox 1743 1101 1790 3253; x_wconf 95' lang='lat' dir='ltr'>  </span> 
     </span>
    </p>
   </div>
  </div>
 </body>
</html>
