1815 3253
316 211 369 248 88
745 216 779 246 s.
815 216 1046 247 Aucus‘rnu
1078 220 1261 247 EPISCOPI

312 284 439 329 nobis
455 318 466 338 ,
487 292 531 328 et
545 292 694 343 postea
716 282 942 327 nobiscum
965 302 974 328 ε
997 292 1040 327 et
1061 282 1210 328 docuit
1230 298 1308 327 nos
1328 284 1570 339 contemni,
1591 284 1693 344 quia

314 363 590 414 contemptus
611 363 705 412 est3
734 353 882 397 docuit
912 353 1120 409 tolerare,
1150 354 1252 414 quia
1281 353 1509 410 toleravit3
1544 353 1694 399 docuit

313 424 426 485 pati,
451 425 553 485 quia
573 440 721 484 passus
743 433 833 481 est3
861 432 905 467 et
925 424 1121 483 promisit
1148 433 1462 468 resurrecturos
1478 459 1489 479 ,
1510 425 1606 484 quia
1629 440 1697 469 re-

313 495 524 550 surrexit,
547 495 593 538 in
612 510 655 538 se
681 494 774 554 ipso
803 493 1032 538 ostendens
1056 493 1164 554 quid
1197 510 1367 554 sperare
1384 494 1632 539 debeamus.
1652 495 1695 540 Si

314 580 432 624 ergo,
465 563 617 609 fratres
632 599 642 619 ,
670 565 900 624 Prophetae
922 564 1090 624 antiqui
1111 574 1252 624 patres
1271 565 1406 610 nostri
1425 599 1436 620 ,
1462 573 1696 625 antequam

313 636 523 681 Dominus
546 638 668 680 Jesus
688 635 885 680 Christus
906 635 1073 678 veniret
1091 635 1137 678 in
1154 650 1304 689 carne,
1328 644 1562 695 antequam
1584 649 1698 679 mor-

314 717 415 752 tuus
432 707 728 750 resurrexisset
747 715 790 750 et
820 705 1080 750 ascendisset
1112 706 1158 750 in
1187 705 1351 750 coelum
1371 741 1382 760 ‚
1424 705 1698 765 suspirabant

315 787 462 822 tamen
482 777 545 820 illi
558 777 720 821 civitati
743 786 985 836 :quantum
1009 792 1088 820 nos
1117 784 1290 835 oportet
1312 774 1555 819 desiderare
1573 811 1584 831 ,
1610 792 1698 835 quo

314 864 393 893 nos
409 848 499 907 ipse
517 847 755 906 praecessit,
783 856 826 890 ct
847 846 964 890 unde
987 862 1214 907 nunquam
1237 846 1442 890 recessit?
1463 849 1561 892 Non
1583 846 1699 890 enim

315 919 524 963 Dominus
555 918 613 961 sic
634 917 753 961 venit
771 916 826 960 ad
855 933 958 970 nOS‚
990 927 1040 961 ut
1068 918 1282 961 desereret
1309 917 1512 976 Angelos.
1539 920 1596 961 Et
1617 916 1700 961 illis

315 989 498 1044 mansit,
524 987 638 1032 etad
660 1003 737 1031 nos
758 987 879 1032 venit
899 1006 907 1031 :
932 986 1016 1031 illis
1035 989 1189 1031 mansit
1206 987 1252 1031 in
1274 988 1518 1046 majestate,
1546 986 1600 1030 ad
1622 1002 1699 1031 nos

314 1061 435 1105 venit
451 1060 496 1103 in
518 1056 660 1104 carne.
683 1061 865 1102 Eramus
886 1067 1031 1102 autem
1051 1093 1063 1114 ,
1087 1058 1190 1102 ubi?
1210 1059 1252 1103 Si
1284 1058 1533 1117 redemptor
1555 1067 1700 1102 noster

315 1130 388 1174 ille
410 1130 591 1185 dicitur,
618 1129 774 1189 captivi
795 1128 1067 1173 tenebamur.
1094 1129 1180 1174 Ubi
1203 1144 1305 1188 ergo
1343 1129 1624 1183 tenebamur,
1650 1138 1701 1174 ut

316 1201 391 1245 ille
421 1201 590 1245 veniret
621 1199 834 1244 redimere
872 1200 1100 1260 captivos?
1137 1200 1215 1243 ubi
1254 1199 1538 1243 tenebamur?
1570 1203 1700 1244 Forte

318 1272 436 1332 apud
452 1272 672 1315 barbaros.
699 1271 824 1330 Pejor
846 1280 910 1314 est
930 1270 1126 1314 barbaris
1148 1269 1346 1314 diabolus
1364 1279 1406 1313 et
1428 1268 1566 1327 angeli
1589 1271 1696 1329 ejus.

319 1342 407 1401 Ipsi
429 1351 553 1385 antea
574 1341 784 1385 tenebant
805 1355 939 1398 genus
961 1341 1203 1384 humanum
1221 1359 1229 1385 ;
1246 1341 1300 1384 ab
1323 1340 1381 1384 eis
1405 1339 1587 1384 redemit
1605 1355 1698 1395 nos,

318 1412 395 1472 qui
421 1427 512 1455 non
529 1426 685 1455 aurum
716 1426 859 1470 neque
893 1419 1119 1468 argentum
1142 1446 1153 1468 ,
1179 1411 1255 1454 sed
1290 1410 1543 1468 sanguinem
1575 1425 1703 1454 suum
1763 1414 1764 1429 ³

319 1498 399 1543 pro
422 1482 547 1526 nobis
570 1481 705 1525 dedit.

381 1556 439 1596 H.
473 1551 704 1605 Quomodo
736 1559 882 1594 autem
917 1550 1050 1595 homo
1083 1559 1263 1595 venerat
1300 1551 1343 1594 in
1379 1550 1700 1609 captivitatem,

321 1622 506 1667 Paulum
532 1621 777 1681 apostolum
802 1621 1130 1678 interrogemus.
1163 1621 1338 1665 Etenim
1369 1621 1459 1680 ipse
1486 1620 1704 1679 praecipue
1762 1652 1764 1683 ἶ

323 1694 456 1752 gemit
476 1693 521 1736 in
546 1693 625 1736 ista
648 1691 917 1750 captivitate,
942 1691 1160 1750 suspirans
1175 1700 1348 1735 aeternae
1370 1689 1607 1734 Jerusalem
1627 1709 1636 1734 ε
1662 1700 1705 1735 et
1763 1689 1764 1735 ζ

320 1764 471 1809 docuit
492 1779 570 1808 nos
593 1778 763 1822 gemere
795 1777 847 1805 ex
876 1763 969 1821 ipso
994 1762 1155 1821 Spiritu
1171 1797 1182 1817 ‚
1213 1778 1302 1823 quo
1329 1771 1372 1806 et
1401 1761 1475 1805 ille
1500 1760 1705 1821 impletus
1763 1780 1764 1805 ι

322 1835 536 1893 gemebat.
559 1837 651 1878 Hoc
669 1834 785 1877 enim
807 1834 867 1877 ait
887 1851 895 1877 :
925 1851 944 1874 «
967 1833 1117 1877 Omnis
1145 1843 1341 1877 creatura
1362 1832 1640 1891 congemiscit
1662 1841 1706 1876 et
1763 1865 1764 1877 ¹

325 1925 344 1947 »
382 1905 502 1949 dolet
519 1920 658 1965 usqne
679 1919 813 1947 nunc.
842 1921 861 1945 n
887 1906 943 1947 Et
964 1905 1121 1947 iterum
1147 1922 1156 1947 :
1184 1922 1203 1946 «
1227 1903 1418 1947 Vanitati
1440 1903 1554 1946 enim
1583 1919 1705 1947 crea-

326 1995 347 2018 »
382 1985 481 2020 tura
503 1976 695 2034 subjecta
720 1983 804 2029 est,
841 1975 926 2029 ait,
963 1990 1052 2018 non
1089 1983 1268 2033 sponte,
1301 1973 1375 2017 sed
1403 1983 1581 2032 propter
1604 1989 1705 2017 eum
1763 1977 1765 1998 ²

328 2064 349 2087 ))
384 2046 460 2105 qui
489 2045 672 2105 subjecit
695 2045 740 2087 in
768 2059 858 2102 spe.
887 2045 1114 2087 »Omnem
1151 2052 1391 2087 creaturam
1421 2042 1527 2086 dixit
1557 2044 1601 2087 in
1625 2045 1706 2088 ho-

325 2115 517 2159 minibus
541 2115 670 2158 etiam
706 2129 795 2157 non
838 2113 1144 2167 credentibus,
1171 2113 1247 2157 sed
1269 2122 1415 2157 tamen
1449 2113 1674 2158 credituris
1691 2150 1702 2170 ‚
1763 2123 1765 2156 ῐ

325 2186 606 2244 ingemiscere
650 2193 889 2229 creaturam
931 2184 976 2227 in
1015 2183 1253 2228 laboribus.
1292 2185 1619 2244 Numquidnam
1660 2185 1706 2228 in
1763 2180 1764 2183 ¹

324 2257 391 2300 his
435 2265 603 2299 tantum
634 2254 790 2313 gemit,
825 2254 901 2313 qui
939 2253 1136 2298 nondum
1168 2254 1478 2299 crediderunt?
1511 2256 1706 2314 jamvero

328 2326 373 2369 in
390 2325 456 2369 his
478 2326 553 2385 qui
574 2324 963 2369 credideruntnon
985 2324 1117 2381 gemit
1136 2358 1147 2378 ,
1183 2339 1263 2368 nec
1284 2324 1470 2383 parturit
1491 2334 1703 2379 creatura,

330 2415 350 2437 «
376 2398 474 2441 Non
496 2395 636 2439 solum
660 2403 804 2438 autem
823 2429 833 2448 ,
854 2392 996 2453 inquit
1014 2429 1025 2448 ,
1050 2393 1125 2437 sed
1147 2403 1190 2438 et
1207 2410 1284 2438 nos
1308 2395 1387 2453 ipsi
1403 2394 1608 2453 primitias
1626 2394 1707 2453 spi·
1763 2425 1764 2439 i

328 2483 349 2506 »
385 2465 491 2508 ritus
503 2465 736 2518 habentes,
765 2482 784 2504 »
809 2463 854 2507 id
871 2472 959 2518 est,
983 2464 1059 2523 qui
1077 2467 1168 2524 jam
1190 2464 1343 2523 spiritu
1365 2467 1453 2508 Deo
1477 2463 1703 2519 servimus,
1762 2456 1764 2468 ¹

325 2535 402 2595 qui
417 2536 507 2595 jam
530 2544 675 2579 mente
699 2538 789 2580 Deo
811 2533 1093 2591 credidimus,
1119 2534 1228 2580 etin
1259 2535 1350 2595 ipsa
1383 2534 1468 2579 fide
1496 2534 1706 2594 primitias
1762 2533 1764 2579 ί

1760 94 1762 144 Ι

1760 202 1762 269 l

1760 303 1762 340 s
