1815 3253
371 211 612 240 ENARRAno
645 215 690 241 nv
723 212 926 241 PsALMUM
957 216 1117 242 cxxxv.
1340 202 1424 241 255

38 277 218 336 longum
235 285 312 321 est.
341 279 392 321 In
413 277 495 322 isto
517 287 662 322 autem
686 278 855 323 Psalmo
877 280 1006 323 ctiam
1035 279 1149 322 idem
1172 278 1263 338 ipse
1289 277 1426 323 codex

38 364 126 394 non
148 348 280 392 habet
306 367 326 391 «
354 352 404 392 In
421 348 654 404 saeculum,
683 369 702 391 »
725 351 843 410 quod
875 350 1072 410 plerique
1094 348 1259 393 habent
1287 370 1296 394 ι
1321 350 1420 405 sed,

43 438 63 462 «
94 421 144 462 In
176 427 389 463 aeternum
419 419 708 464 misericordia
737 422 842 479 ejus.
874 439 893 461 »
929 419 1057 473 Quod
1087 420 1165 463 etsi
1184 420 1422 479 postjudi-

40 488 176 542 cium,
211 504 300 548 quo
326 489 372 532 in
406 490 492 532 fine
514 490 661 533 saeculi
687 491 772 535 vivi
795 500 838 534 et
860 490 1019 533 mortui
1043 488 1268 549 judicandi
1302 498 1422 544 sunt,

41 558 199 618 missisj
209 558 310 602 ustis
330 559 376 602 in
387 559 517 603 vitam
534 569 739 603 [eternam
756 595 766 614 ‚
789 560 948 619 iniquis
960 569 1106 603 autem
1123 549 1168 602 in
1182 559 1426 603 ambustio-

41 632 138 674 n'em
165 639 372 672 aeternam
393 632 423 684 ¹,
454 645 542 674 non
563 630 649 675 sint
671 631 875 690 deinceps
898 630 1036 674 futuri
1060 645 1250 690 quorum
1277 628 1422 673 adhuc

41 700 291 744 misereatur
314 703 451 757 Deus·⁷
472 710 588 745 recte
610 711 755 745 tamen
784 700 965 759 intelligi
984 709 1126 760 potest
1142 700 1187 744 in
1213 711 1428 744 aeternum

41 769 187 815 futura
218 770 509 815 misericordia
539 772 652 831 ejus,
678 787 811 831 quam
832 771 918 815 suis
950 771 1107 815 sanctis
1137 770 1430 830 fidelibusque

40 841 219 900 largitur
244 860 253 886 ε
287 857 376 886 11011
409 842 511 902 quia
539 842 585 886 in
619 852 832 887 aeternum
863 843 1006 886 miseri
1027 851 1151 896 sunt,
1183 851 1226 885 et
1259 841 1357 885 ideo
1383 842 1430 885 in

43 922 252 956 aeternum
290 912 584 956 misericordia
625 914 715 972 ejus
761 913 1050 971 indigebunt3
1089 912 1165 956 sed
1200 912 1302 972 quia
1339 911 1431 971 ipsa

41 982 291 1037 beatitudo,
329 998 462 1042 quam
486 982 820 1027 misericorditer
841 983 1005 1026 miseris
1032 992 1230 1041 praestat,
1257 991 1307 1025 ut
1335 996 1426 1025 esse

43 1053 181 1097 miseri
197 1053 412 1107 desinant,
431 1062 475 1096 et
492 1053 606 1097 beati
625 1069 713 1097 esse
730 1053 955 1112 incipiant,
973 1068 1063 1096 non
1077 1052 1259 1095 habebit
1274 1052 1423 1106 finem,

43 1123 138 1168 ideo
170 1142 189 1165 «
225 1126 276 1168 In
309 1133 523 1167 aeternum
556 1122 848 1168 misericordia
871 1123 976 1182 ejus.
1011 1122 1138 1176 Quod
1171 1122 1289 1165 enim
1322 1121 1429 1182 justi

44 1195 198 1240 erimus
221 1210 274 1239 ex
295 1195 477 1255 iniquis,
505 1194 597 1238 sani
619 1210 670 1238 ex
694 1194 896 1248 infirmis,
922 1194 1007 1239 vivi
1031 1210 1082 1238 ex
1106 1194 1310 1248 mortuis,
1345 1194 1431 1237 im-

43 1266 243 1310 mortales
259 1264 599 1320 ex1n0rtalibus‚
620 1266 735 1309 beati
750 1281 801 1308 ex
822 1265 985 1308 miseris
998 1300 1008 1319 ‚
1026 1264 1319 1309 'misericordia
1339 1265 1430 1324 ejus

45 1345 119 1380 est.
149 1339 242 1380 Hoc
277 1345 424 1379 autem
448 1335 569 1395 quod⁴
590 1336 649 1379 ita
677 1336 858 1391 erimus,
882 1336 928 1379 in
950 1345 1163 1380 aeternum
1189 1336 1270 1379 erit
1293 1355 1301 1379 ε
1328 1349 1432 1393 ergo

49 1425 67 1448 «
103 1409 154 1449 In
179 1415 392 1449 aeternum
420 1404 712 1449 misericordia
733 1406 838 1467 ejus.
872 1424 892 1446 »
929 1405 1143 1460 Proinde,
1185 1424 1202 1445 «
1237 1405 1434 1450 Confite-

48 1493 68 1519 »
91 1476 198 1520 mini
221 1477 417 1531 Domino,
447 1495 466 1518 »
498 1476 543 1520 id
568 1487 653 1531 est,
677 1474 929 1521 confitendo
952 1475 1128 1520 laudate
1152 1476 1388 1519 Dominum
1420 1495 1429 1520 ε

50 1566 70 1590 «
101 1548 317 1601 Quoniam
338 1548 495 1592 bonus.
521 1569 536 1588 »
563 1550 650 1592 Nee
674 1563 752 1606 pro
775 1548 855 1591 hac
872 1546 1142 1591 confessione
1158 1547 1323 1607 aliquid
1335 1549 1434 1591 estis

45 1618 281 1678 temporale
303 1618 519 1678 sumpturi
546 1638 554 1662 ε
592 1637 611 1659 «
641 1617 858 1670 Quoniam
879 1619 923 1661 in
953 1627 1166 1662 aeternum
1190 1619 1434 1662 misericor-

49 1689 115 1734 dia
134 1691 247 1750 ejus'‚
277 1707 297 1730 »
324 1688 370 1732 id
391 1698 469 1735 esti
500 1689 779 1743 beneficium,
806 1688 927 1747 quod
948 1689 1071 1733 vobis
1099 1689 1434 1733 misericorditer

48 1769 234 1820 praestat,
272 1769 486 1804 aeternum
521 1769 600 1803 est.
635 1758 766 1812 Quod
799 1768 944 1802 autem
973 1759 1126 1814 hahet,
1168 1780 1186 1801 «
1219 1761 1437 1813 Quoniam

55 1849 72 1872 1»
108 1831 272 1884 bonus,
301 1849 320 1871 »
348 1845 513 1889 graecus
549 1829 684 1873 habet
717 1838 861 1883 ἀγαθὸςι
902 1845 992 1874 11011
1033 1831 1144 1874 sicut
1181 1833 1226 1874 in
1264 1831 1435 1874 Psalmo

0 1921 2 1931 ν
51 1901 280 1945 centesimo
302 1910 344 1944 et
366 1901 538 1960 quinto,
562 1899 682 1959 quod
709 1900 770 1943 ibi
793 1909 878 1954 est,
904 1900 1112 1959 quoniam
1136 1900 1300 1964 boni—is,
1326 1915 1437 1958 grae·
1486 1912 1490 1913 ⁷

0 2010 1 2015 ,
54 1987 124 2016 cus
147 1970 282 2015 habet
302 1992 429 2025 χρησος,
462 1971 567 2015 Ideo
605 1970 806 2015 nonnulli
845 1971 956 2015 illud
997 1971 1269 2031 interpretati
1299 1981 1402 2016 sunt
1422 2007 1432 2026 ‚

0 2065 5 2083 ε
54 2042 254 2102 quoniam
272 2042 410 2086 suavis
434 2050 509 2085 est.
536 2049 811 2093 Asszobzautem
831 2057 919 2085 11011
933 2050 1173 2102 utcumque
1186 2042 1343 2097 honus,
1359 2041 1436 2086 sed

2 2137 4 2156 ι
56 2111 405 2158 excellentissime.
428 2112 569 2155 bonus
594 2123 672 2155 est.

109 2186 167 2228 Π.
195 2183 360 2228 Deinde
387 2178 604 2242 sequitur,
635 2201 655 2223 «
680 2181 960 2226 Confitemini
984 2185 1074 2226 Deo
1097 2181 1306 2240 deorum3
1327 2198 1441 2243 quo-

0 2274 3 2301 :
60 2272 80 2296 1)
111 2255 226 2299 niam
258 2255 303 2298 in
338 2264 551 2298 aeternum
579 2252 872 2297 misericordia
901 2255 1008 2313 ejus.
1045 2255 1327 2298 Confitemini
1355 2258 1443 2299 Do-

0 2331 1 2335 ’
62 2343 82 2367 »
113 2326 228 2371 mino
256 2325 558 2375 dominorum
589 2325 797 2384 quoniam
824 2324 867 2368 in
900 2333 1113 2368 aeternum
1151 2325 1447 2369 misericordia

0 2435 4 2446 ,
64 2414 83 2437 »
115 2397 202 2456 ejus
224 2400 256 2441 ².
286 2414 306 2437 »
331 2397 519 2449 Quinam
537 2395 622 2438 sint
641 2394 701 2438 dii
723 2404 766 2438 et
786 2394 967 2449 domini,
989 2410 1176 2454 quorum
1195 2395 1378 2439 deorum
1403 2405 1447 2439 et

63 2465 334 2512 dominorum
363 2468 416 2511 sit
442 2470 557 2511 Deus
589 2475 632 2510 et
664 2466 894 2520 Dominus,
933 2466 1011 2525 qui
1032 2469 1106 2510 'est
1139 2482 1266 2510 verus
1302 2470 1441 2521 Deus,

108 2558 117 2575 ¹
140 2551 250 2586 matth.
267 2563 301 2593 v,
319 2552 373 2593 46.
395 2568 437 2575 -
457 2557 470 2574 ²
486 2549 568 2583 Psal.
589 2560 704 2593 cxxxv,
721 2558 756 2592 2,
780 2549 810 2582 3.
