1815 3253
385 231 469 270 274
823 241 856 269 S.
893 242 1122 270 AUGUSTINI
1153 243 1332 269 EPISCOPI

380 307 548 361 ventis,
585 307 707 366 quasi
737 305 927 365 quadam
957 305 1157 350 libertate
1194 321 1312 350 aurae
1348 303 1619 364 perfruentes
1651 317 1777 364 vago·
1802 362 1804 365 ι

380 376 572 436 quodam
594 377 807 421 desiderio
829 392 922 421 suo.
950 378 1142 421 Ventum
1163 385 1227 420 est
1245 385 1295 420 ut
1316 374 1430 420 oliva
1451 375 1696 419 mitteretur
1717 376 1764 420 in

384 446 586 491 torcular.
617 449 716 493 Non
737 447 851 490 enim
882 461 1049 505 semper
1080 446 1270 505 pendere
1300 446 1490 490 habebat
1511 446 1556 489 in
1577 446 1760 500 arbore,
1798 457 1802 463 ’

373 518 463 577 jam
498 517 595 562 finis
625 527 689 561 est
719 518 835 560 anni.
868 515 966 562 Non
998 517 1089 560 sine
1123 531 1251 560 causa
1280 515 1578 560 inscribuntur
1606 515 1764 560 Psalmi

381 587 560 647 quidam
578 621 589 642 ,
624 605 645 629 (ι.
670 590 754 631 Pro
784 585 1099 631 torcularibus¹
1127 604 1138 630 ε
1172 605 1192 628 »
1221 587 1265 630 in
1297 586 1452 631 arbore
1481 584 1682 641 libertas,
1717 585 1764 630 in

381 657 587 701 torculari
605 672 817 716 pressura.
838 658 951 701 Cum
972 657 1086 700 enim
1108 671 1174 700 res
1195 657 1399 700 humanae
1416 665 1703 701 conteruntur
1721 664 1765 701 et

385 737 672 787 premuntur,
700 727 887 771 attendis
915 728 1018 787 quia
1049 727 1202 772 crescit
1222 727 1400 773 avaritia
1423 746 1432 772 :
1467 726 1642 771 attende
1662 727 1765 787 quia

378 799 530 842 crescit
549 807 593 842 et
614 798 896 842 continentia.
925 801 1068 851 Quare
1090 807 1178 842 tam
1199 813 1339 842 caecus
1361 813 1404 841 es
1427 832 1437 852 ‚
1472 806 1522 841 ut
1543 812 1764 842 amurcam

381 869 589 912 fluentem
614 884 690 928 per
711 868 873 928 plateas
899 867 1058 924 videas,
1084 869 1230 914 oleum
1247 869 1293 912 in
1315 867 1559 926 gemellaria
1586 884 1675 913 non
1697 868 1766 914 vi·-

379 940 510 984 deas?
541 943 597 984 Et
619 940 702 984 hoc
724 955 814 984 non
835 939 926 984 sine
956 956 1101 986 causa.
1127 941 1213 993 Qui
1234 940 1350 983 enim
1373 939 1485 984 male
1509 949 1733 985 versantur
1748 970 1762 996 ,

380 1009 558 1068 publice
580 1009 672 1054 noti
688 1018 790 1053 sunt
811 1029 820 1054 z
844 1009 922 1069 qui
943 1019 1088 1054 autem
1111 1025 1154 1054 se
1175 1019 1438 1054 convertunt
1464 1009 1520 1054 ad
1541 1013 1702 1064 Deum,
1721 1018 1765 1056 et

381 1097 404 1124 a
426 1081 626 1124 sordibus
641 1079 852 1124 malarum
874 1080 1165 1139 cupiditatum
1183 1090 1442 1140 purgantur,
1458 1080 1618 1125 occulti
1634 1089 1761 1131 suntz

379 1151 482 1210 quia
505 1160 548 1194 et
569 1151 615 1194 in
637 1151 729 1209 ipso
752 1150 822 1195 vel
842 1166 893 1194 ex
915 1150 1008 1210 ipso
1031 1151 1236 1195 torculari
1257 1165 1432 1195 amurca
1463 1159 1610 1210 aperte
1638 1150 1762 1206 fluit,

379 1220 525 1265 oleum
548 1220 719 1265 occulte
741 1219 972 1281 eliquatur.

439 1294 496 1335 X.
536 1291 793 1335 Acclamatis
820 1290 876 1335 ad
907 1291 1012 1346 ista,
1049 1300 1092 1335 et
1125 1289 1321 1349 gaudetis
1341 1289 1398 1335 ad
1426 1291 1530 1335 ista:
1555 1291 1656 1351 quia
1674 1292 1765 1351 jam

380 1362 556 1421 potestis
577 1360 726 1405 sedere
743 1376 873 1420 super
904 1361 1086 1405 flumina
1109 1361 1343 1418 Babylonis
1359 1395 1371 1416 ,
1394 1369 1440 1404 et
1456 1360 1576 1404 flere,
1603 1360 1671 1405 llli
1694 1375 1765 1404 au-

378 1441 469 1476 tem
488 1432 565 1491 qui
588 1432 779 1490 captivos
804 1431 1023 1475 duxerunt
1050 1447 1128 1476 nos
1146 1466 1156 1486 ‚
1186 1431 1366 1491 quando
1388 1431 1551 1474 intrant
1572 1431 1617 1474 in
1635 1430 1764 1477 corda

377 1502 624 1557 hominum,
640 1511 683 1545 et
705 1502 974 1560 interrogant
991 1517 1068 1546 nos
1087 1517 1163 1561 per
1179 1500 1350 1560 linguas
1371 1516 1524 1546 eorum
1546 1517 1654 1561 quos
1672 1516 1766 1561 pos·

379 1572 551 1630 sideut3
589 1582 633 1616 et
659 1571 813 1615 dicunt
833 1572 987 1616 nobis:
1009 1590 1029 1614 «
1052 1574 1235 1617 Caritate
1266 1572 1393 1616 nobis
1421 1572 1550 1616 verba
1573 1572 1765 1616 cantico-

383 1660 403 1684 »
439 1657 536 1685 rum
553 1661 596 1700 3»
620 1640 786 1685 reddite
802 1641 927 1685 nobis
948 1642 1160 1686 rationem
1177 1640 1388 1685 adventus
1409 1641 1585 1697 Christi,
1605 1651 1649 1686 et
1666 1657 1764 1702 quae

380 1721 442 1756 est
459 1712 538 1756 alia
560 1712 678 1756 vita?
698 1711 798 1756 volo
816 1712 1007 1767 credere,
1029 1711 1138 1756 doce
1160 1727 1228 1755 me
1252 1711 1478 1767 rationem,
1504 1727 1639 1772 quare
1656 1710 1762 1757 mihi

381 1784 565 1843 imperas
592 1792 643 1827 ut
664 1782 869 1827 credam?
903 1782 1163 1842 Respondeo
1193 1782 1277 1837 illi,
1305 1791 1349 1826 et
1376 1782 1472 1827 dico
1499 1802 1508 1827 :
1533 1784 1570 1827 Ο
1601 1783 1759 1838 homo,

381 1854 604 1915 quomodo
621 1870 710 1898 non
726 1855 790 1899 vis
810 1854 887 1898 tibi
908 1854 1117 1914 imperem
1134 1863 1184 1898 ut
1200 1854 1378 1898 credas?
1397 1853 1555 1898 Plenus
1574 1869 1618 1898 es
1640 1852 1742 1898 mali

382 1924 693 1985 cupiditatibus
720 1944 729 1969 :
755 1925 788 1969 si
815 1924 955 1969 dicam
990 1925 1105 1969 bona
1126 1923 1200 1968 illa
1223 1923 1484 1979 Jerusalem,
1509 1940 1599 1969 non
1621 1941 1670 1969 ea
1690 1940 1766 1987 ca-v

381 1997 446 2057 pis
472 2016 480 2041 :
507 2005 680 2055 oportet
700 2005 750 2040 ut
771 1996 1027 2040 exinaniaris
1047 2011 1136 2056 quo
1158 1995 1313 2055 plenus
1342 2010 1385 2039 es
1401 2029 1412 2050 ‚
1448 2004 1496 2038 ut
1523 1995 1657 2055 possis
1680 1996 1767 2040 im-'

381 2067 491 2126 pleri
512 2082 600 2126 quo
627 2067 766 2111 inanis
789 2082 847 2111 es.
874 2069 991 2125 Ergo
1018 2066 1108 2111 noli
1130 2065 1256 2110 facile
1279 2065 1378 2109 huic
1401 2064 1568 2125 aliquid
1589 2065 1755 2115 dicere,-

381 2137 549 2195 liguum
573 2146 635 2181 est
667 2136 832 2191 salicis⁷
869 2136 1040 2195 lignum
1062 2145 1125 2180 est
1146 2135 1303 2180 sterile.
1331 2135 1427 2180 Noli
1450 2145 1674 2195 percutere
1695 2151 1744 2181 or

382 2223 543 2265 ganum
566 2216 616 2251 ut
636 2216 786 2262 sonet,
812 2206 1026 2266 suspende
1048 2208 1205 2266 potius.
1235 2207 1319 2253 Sed
1353 2207 1422 2251 ille
1446 2208 1642 2252 dicturus
1663 2217 1727 2252 est

382 2278 460 2322 Dic
482 2278 609 2332 mihi,
635 2286 762 2321 canta
782 2277 911 2332 mihi⁷
936 2276 1068 2321 redde
1090 2279 1196 2322 mihi
1217 2279 1444 2323 rationem.
1470 2281 1568 2324 Non
1589 2280 1675 2334 vis,
1692 2279 1738 2323 in
1760 2310 1762 2315 -

383 2348 505 2407 quit,
543 2356 593 2391 ut
613 2347 810 2391 discam?
832 2350 928 2392 Non
951 2347 1068 2392 bono
1090 2349 1235 2394 animo
1258 2347 1402 2405 audiS‚
1427 2364 1517 2394 non
1538 2349 1596 2393 sic
1618 2348 1748 2408 pulsa.

383 2426 434 2461 ut
459 2417 536 2461 tibi
565 2416 746 2476 dignum
769 2417 822 2461 sit
843 2418 1013 2476 aperiri.
1041 2417 1120 2462 Ille
1142 2427 1185 2462 te
1207 2417 1401 2479 implevit
1427 2419 1503 2479 qui
1531 2435 1601 2464 me
1623 2419 1738 2479 capti

384 2503 489 2533 vum
510 2488 634 2532 duxit
649 2522 660 2543 ,
680 2488 770 2547 ipse
792 2503 860 2532 me
882 2488 1120 2548 interrogat
1135 2489 1191 2534 de
1212 2498 1271 2534 te.
1297 2492 1478 2536 Astutus
1499 2498 1588 2546 est,
1616 2489 1745 2536 dolosa

436 2580 443 2596 ¹
467 2572 548 2605 Psal.
570 2583 635 2609 vin,
655 2583 737 2606 txxx
752 2578 785 2605 et
799 2583 925 2605 Lxxxni.
