1815 3253
368 201 609 231 ENARRATIO
642 205 686 248 in
720 202 922 232 PsALMUM
955 205 1085 231 chu.
1335 191 1419 230 417

31 284 202 314 aversus
229 270 284 314 ab
308 285 438 329 opere
470 267 585 313 malo
611 269 733 329 quod
766 269 953 314 feceram
983 269 1029 313 in
1056 284 1147 323 me„
1184 286 1204 310 «
1228 269 1422 313 Extendi

33 355 54 380 >v
88 355 241 384 manus
279 355 395 383 meas
427 338 480 383 ad
513 349 570 383 te.
597 340 817 395 Extendi,
844 340 1013 400 inquit,
1039 354 1194 383 manus
1216 355 1332 384 meas
1365 338 1420 383 ad

32 426 54 451 »
87 419 130 454 te
158 430 166 455 :
191 411 335 455 anima
353 426 447 455 mea
470 410 591 454 velut
613 420 723 455 terra
745 411 837 455 sine
859 427 970 470 aqua
993 410 1074 454 tibi
1091 411 1120 453 ¹.
1143 427 1163 450 »
1185 409 1416 469 Complue‚

29 479 198 540 inquit,
230 497 300 525 me
333 480 388 525 ad
425 479 676 525 faciendum
709 480 903 526 fructum
935 481 1116 525 bonum.
1151 499 1170 522 «
1209 481 1421 524 Dominus

31 566 53 591 »
87 550 204 594 enim
236 550 360 595 dabit
400 551 685 607 suavitatem,
724 560 774 595 ut
806 560 918 595 terra
946 559 1093 595 nostra
1122 550 1197 594 det
1226 549 1421 594 fructum

33 637 54 662 »
88 623 259 665 suum2.
293 621 479 665 Extendi
499 637 651 666 manus
673 637 790 666 meas
812 622 867 666 ad
889 631 932 666 te
957 641 965 666 ε
1003 621 1146 666 anima
1174 636 1270 665 mea
1300 620 1424 665 velut

33 707 54 733 >›
88 699 202 735 terra
239 691 330 736 sine
362 707 498 752 aqua,
526 709 547 732 »
584 708 674 737 non
701 692 831 747 mihi,
863 691 939 736 sed
966 711 984 733 «
1018 691 1114 735 tibi.
1144 709 1164 732 »
1195 691 1320 736 Sitire
1344 690 1423 734 tihi

29 775 221 821 possum,
238 777 307 805 me
323 762 500 821 irrigare
522 779 610 807 non
633 779 820 822 possum.
842 763 1029 807 «Anima
1052 777 1147 806 mea
1168 761 1291 807 velut
1312 771 1426 806 terra

32 849 53 875 »
88 832 179 877 sine
207 849 319 893 aqua
347 833 459 878 tibi:
498 834 600 894 quia
634 833 767 878 sitivit
794 833 938 878 anima
977 848 1073 878 mea
1111 833 1157 876 in
1195 836 1336 877 Deum
1364 832 1425 878 vi-

33 893 53 945 '»
87 905 240 948 vumss.
274 921 294 943 n
323 903 512 956 Quando
547 905 718 949 veniam
752 905 831 948 nisi
854 903 1032 964 quando
1054 904 1258 949 venerit?
1285 904 1427 949 Sitivit

31 974 172 1018 anima
203 989 301 1018 mea
333 975 380 1017 in
410 977 551 1018 Deum
589 975 777 1020 vivum:
810 976 909 1036 quia
949 994 968 1017 «
995 976 1151 1019 Anima
1181 990 1277 1019 mea
1305 974 1428 1019 velut

33 1061 55 1086 »
89 1052 202 1088 terra
225 1044 316 1089 sine
336 1060 448 1105 aqua
467 1044 561 1088 tibi.
589 1063 609 1086 »
635 1044 848 1090 Abundat
870 1061 1010 1100 mare,
1035 1044 1247 1101 inundat,
1273 1046 1427 1106 copio-

31 1130 127 1159 sum
162 1125 246 1170 est,
283 1115 489 1170 fluctuat,
526 1116 601 1159 sed
640 1131 836 1159 amarum
870 1124 947 1159 est.
974 1116 1167 1160 Discreta
1200 1125 1264 1160 est
1286 1132 1425 1176 aqua,

33 1185 235 1245 apparuit
271 1184 421 1229 arida4
460 1185 603 1229 anima
634 1200 730 1229 mea
762 1204 771 1230 :
805 1185 937 1245 irriga
966 1200 1086 1240 earn,
1121 1187 1224 1246 quia
1250 1206 1271 1230 «
1296 1187 1430 1232 Velut

37 1273 59 1299 »
94 1266 208 1301 terra
232 1257 322 1301 sine
344 1272 456 1317 aqua
474 1256 570 1300 tibi.
592 1275 612 1298 »

92 1330 194 1372 XII.
234 1348 254 1370 «
278 1329 375 1373 Cito
398 1327 554 1371 exaudi
583 1343 676 1383 me,
709 1328 893 1372 Domine
911 1330 942 1371 ⁵.
972 1346 992 1369 »
1023 1331 1134 1381 Quae
1162 1330 1278 1373 enim
1306 1346 1427 1376 mora

35 1398 212 1459 quando
233 1399 293 1443 sic
311 1399 423 1453 sitio,
446 1398 499 1442 ad
522 1397 882 1442 inflammandam
905 1398 1018 1442 sitim
1039 1401 1208 1442 meam?
1232 1399 1431 1445 Pluviam

36 1468 284 1523 differebas,
310 1478 359 1512 ut
379 1468 583 1512 hauriens
607 1468 866 1511 imbiberem
882 1503 893 1523 ,
919 1484 1009 1512 non
1037 1484 1286 1528 respuerem
1310 1470 1432 1531 quod

35 1540 253 1585 influeres.
269 1540 311 1584 Si
334 1554 435 1597 ergo
456 1538 555 1582 ideo
578 1538 831 1593 differebas,
847 1540 936 1598 jam
960 1539 1015 1582 da
1043 1559 1052 1583 z
1073 1541 1282 1600 quoniam
1299 1542 1434 1585 «Ani-

38 1628 59 1653 »
93 1626 163 1654 ma
184 1625 279 1654 mea
301 1608 424 1654 velut
440 1618 552 1653 terra
572 1609 662 1652 sine
682 1624 795 1667 aqua
817 1608 913 1652 tibi.
936 1609 1033 1653 Cito
1051 1611 1207 1654 exaudi
1228 1626 1299 1654 me
1317 1647 1327 1666 ‚
1350 1615 1433 1656 Do-

39 1698 61 1723 »
95 1681 212 1724 mine
249 1699 257 1724 :
297 1677 457 1723 defecit
493 1679 668 1737 spiritus
704 1693 842 1722 meus.
883 1697 903 1719 ³>
944 1678 1130 1739 Impleat
1157 1696 1227 1724 me
1257 1681 1433 1739 spiritus

37 1760 160 1806 tuus,
184 1750 286 1810 quia
319 1768 339 1791 «
375 1748 543 1793 Defecit
570 1748 744 1807 spiritus
766 1763 904 1793 meus.
937 1767 957 1789 »
986 1752 1084 1807 Ipsa
1106 1759 1170 1793 est
1206 1767 1357 1807 causa,
1382 1762 1434 1797 ut

38 1822 124 1868 cito
147 1819 370 1874 exaudias,
394 1819 495 1879 quia
525 1838 543 1860 «
569 1819 738 1862 Defecit
759 1819 934 1876 spiritus
953 1834 1090 1863 meus.
1111 1837 1131 1860 »
1153 1823 1312 1866 Factus
1334 1838 1432 1867 sum

33 1893 121 1954 jam
145 1906 311 1951 pauper
333 1889 486 1948 spiritu
504 1923 515 1942 ‚
540 1888 720 1932 beatum
743 1904 813 1932 me
842 1888 911 1932 fac
937 1890 983 1932 in
1006 1904 1140 1948 regno
1161 1891 1429 1938 coelorum&

38 1965 90 2008 In
113 1978 202 2022 quo
220 1961 334 2004 enim
356 1959 463 2003 vivit
485 1958 660 2017 spiritus
688 1960 801 2019 ejus,
828 1959 1040 2018 superbus
1064 1970 1127 2004 est
1144 1996 1154 2016 ‚
1181 1962 1335 2021 spiritu
1353 1980 1433 2010 suo

40 2032 260 2078 extollitur
280 2039 431 2075 contra
448 2033 603 2073 Deum.
631 2029 727 2073 Fiat
744 2030 790 2073 in
813 2029 889 2074 illo
906 2030 1017 2074 bene
1038 2031 1159 2091 quod
1179 2032 1282 2077 alibi
1305 2036 1435 2096 scrip-

0 2111 2 2115 “
41 2112 134 2148 tum
158 2112 222 2147 est
247 2122 255 2146 :
286 2121 306 2144 «
340 2099 521 2146 Auferes
545 2100 742 2159 {piritum
774 2115 948 2156 eorum⁷
975 2110 1019 2145 et
1047 2100 1272 2159 deficient,
1309 2115 1351 2150 et
1388 2107 1434 2151 in

44 2193 65 2219 »
101 2175 328 2236 pulverem
355 2188 482 2217 suum
512 2174 852 2217 convertentur⁷
891 2193 899 2216 :
934 2191 954 2213 »
995 2182 1046 2217 ut
1076 2175 1333 2220 confitentes
1368 2176 1436 2221 di-

0 2240 2 2247 ’
43 2256 169 2292 cant:
197 2248 457 2290 «Memento
474 2244 575 2302 quia
592 2243 733 2302 pulvis
750 2246 944 2288 sumusfl.
963 2262 983 2285 »
1010 2246 1124 2289 Cum
1147 2255 1291 2291 autern
1316 2246 1436 2292 dixe-

0 2311 4 2318 ’
46 2318 152 2362 rint:
177 2316 322 2369 «Quia
338 2313 481 2374 pulvis
499 2329 647 2357 sumus
664 2322 902 2358 memento:
925 2323 1062 2358 »tunc
1084 2314 1233 2360 dicant
1253 2337 1261 2360 ε
1288 2336 1306 2358 «
1324 2319 1434 2362 Ani-

0 2383 3 2390 '
48 2406 68 2430 »
102 2403 174 2432 ma
210 2402 307 2430 mea
333 2384 455 2429 velut
477 2393 590 2429 terra
623 2384 713 2428 sine
743 2400 855 2444 aqua
884 2384 980 2428 tibi.
1011 2401 1031 2425 »
1058 2384 1175 2438 Quid
1201 2387 1317 2431 enim
1346 2397 1434 2433 tam

94 2492 103 2507 x
124 2483 205 2516 psal.
225 2494 326 2523 chu,
344 2481 376 2513 6.
403 2499 444 2503 —-
461 2488 473 2503 ²
494 2480 541 2512 ld.
561 2490 705 2519 Lxxx1v,
726 2479 777 2511 13.
798 2497 841 2502 --
863 2478 1030 2517 31d.x1„1,
1050 2480 1080 2512 3.
1098 2498 1139 2503 ——
1159 2480 1174 2511 l,
1194 2484 1272 2515 Gen.
1294 2495 1318 2525 1,
1334 2496 1366 2526 9.
1392 2502 1433 2508 —

49 2538 64 2565 ⁵
81 2541 160 2574 Psal.
180 2551 270 2581 exui,
290 2550 321 2581 7.
344 2555 386 2561 —-
400 2536 415 2561 6
437 2536 550 2571 Matth.
573 2548 607 2578 v,
624 2536 655 2569 3.
672 2553 713 2559 —-
735 2543 748 2570 7
769 2537 847 2569 Psal.
863 2547 931 2577 (3111,
948 2545 1001 2577 29.
1020 2553 1060 2558 --
1080 2535 1094 2559 S
1115 2538 1160 2569 ld.
1181 2549 1231 2580 cn,
1260 2539 1311 2581 ¹3!-

263 2604 386 2634 cxix.
1225 2593 1277 2631 27
