1815 3253
35 2537 39 2609 ι

36 2618 40 2719 '2

38 2722 42 2831 ἵ

42 2975 46 3071 ῑ,

363 249 606 281 ENARRA'no
638 254 683 281 IN
715 252 918 282 PsALMUM
949 252 1127 280 cxxx1v.
1361 233 1445 276 235

64 317 264 362 tuerunt‚
292 317 525 368 antequam
553 309 783 369 quisquam
807 322 958 352 eorum
976 306 1127 364 egisset
1156 303 1321 363 aliquid
1342 302 1446 347 boni

65 388 139 422 aut
154 378 287 422 mali?
308 381 404 423 Non
423 392 525 436 ergo
543 392 586 422 se
608 379 785 423 extollat
800 378 959 432 Jacob,
983 391 1071 420 non
1096 373 1304 433 glorietur
1321 409 1332 427 ,
1358 387 1448 416 non
1511 405 1515 408 <

63 450 149 493 suis
173 449 333 492 meritis
354 449 532 492 tribuat.
550 451 670 492 Ante
684 459 747 493 est
764 446 1053 508 praecognitus
1071 481 1081 500 ,
1108 453 1208 488 ante
1227 442 1449 503 praedesti-

0 507 2 555 ῗ
62 529 190 563 natus
211 554 221 573 ,
248 528 347 563 ante
372 518 534 563 electus
554 538 561 563 :
585 535 673 564 non
695 521 781 563 suis
804 518 966 562 meritis
994 517 1157 561 electus
1175 550 1186 570 ‚
1217 513 1290 558 sed
1317 513 1449 571 gratia

0 590 2 640 ᾗ
63 590 139 634 Dei
164 591 364 633 inventus
386 598 429 633 et
448 589 702 633 vivificatus.
731 591 796 635 Sic
816 598 859 633 et
887 603 1036 632 omnes
1061 595 1210 646 gentes
1237 604 1245 629 :
1276 598 1375 627 nam
1401 592 1451 626 ut

0 655 1 706 J
66 660 342 713 insereretur,
368 659 475 719 quid
493 661 650 704 meruit
667 659 871 714 oleaster,
893 656 1180 703 amaritudine
1198 655 1448 708 baccarum,

67 729 291 774 sterilitate
313 730 510 787 sylvestri
526 732 543 773 Ρ
559 731 744 787 Lignum
772 730 936 790 quippe
964 737 1055 771 erat
1077 726 1231 785 sylvae‚
1258 740 1346 769 non
1364 723 1452 781 agri

66 801 271 845 dominici
289 821 299 857 3
319 810 361 843 et
385 809 529 843 tamen
550 799 622 844 ille
643 816 719 860 per
742 799 1078 844 misericordiam
1111 812 1231 841 suam
1251 804 1294 839 et
1316 793 1454 839 oleas*

65 879 180 913 trum
199 870 378 913 inseruit
393 869 437 913 in
455 870 628 914 olivam.
649 870 729 915 Sed
748 870 891 915 adhuc
906 885 996 914 non
1014 877 1105 912 erat
1120 868 1307 911 insertus
1325 864 1454 909 oleas-

66 950 130 984 ter
146 976 156 994 ,
181 939 359 999 quando
380 959 399 982 «
422 941 629 984 Dominus
644 941 773 999 elegit
790 941 871 984 sibi
896 940 1032 985 Jacob
1048 975 1059 994 ,
1079 937 1210 983 Israel
1226 937 1271 980 in
1288 949 1456 996 posses-

69 1032 88 1053 »
121 1011 285 1054 sionem
303 1010 399 1054 sibi.
428 1030 444 1050 »

124 1083 201 1125 ΙΧ.
228 1083 284 1125 Et
311 1080 417 1141 quid
446 1081 688 1140 Propheta?
719 1099 739 1121 «
764 1080 982 1134 Quoniam
1012 1094 1093 1138 ego
1120 1076 1305 1136 cognovi
1335 1072 1457 1135 quod

69 1169 88 1191 »
122 1165 304 1209 magnus
330 1160 393 1194 est
424 1150 635 1195 Dominus
660 1153 690 1194 ¹.
730 1169 750 1191 »
784 1154 932 1196 Mente
953 1149 1130 1195 volante
1161 1147 1216 1192 ad
1244 1160 1453 1206 superna,

65 1231 206 1266 erecta
233 1237 256 1266 a
290 1237 419 1266 carne
447 1214 782 1266 transcendente
813 1230 1083 1275 creaturam,
1120 1218 1324 1277 cognovit
1353 1216 1457 1276 quia

62 1307 242 1350 magnus
265 1291 564 1336 estDominus.
585 1295 681 1337 Non
704 1307 853 1336 omnes
872 1300 1052 1351 possunt
1064 1289 1256 1335 videndo
1275 1301 1456 1345 cognos-

64 1378 161 1407 cere
197 1381 205 1407 :
241 1361 424 1406 laudent
451 1361 570 1422 quod
599 1360 727 1420 fecit,
767 1381 783 1402 «
834 1362 983 1407 Suavis
1010 1369 1074 1404 est
1111 1379 1122 1405 2
1157 1358 1293 1404 Jacob
1327 1355 1457 1414 elegit

68 1450 89 1474 n
125 1433 204 1476 sibi
237 1432 471 1487 Dominus,
502 1432 634 1475 Israel
664 1433 710 1476 in
741 1433 1050 1491 possessionem
1084 1431 1179 1475 sibi.
1212 1449 1228 1470 »
1264 1431 1322 1473 Et
1357 1427 1458 1471 hinc

6 1509 19 1553 ¹,
65 1501 189 1546 illum
208 1501 338 1546 lauda
367 1521 374 1546 z
396 1505 503 1546 Nam
528 1511 571 1546 et
596 1521 612 1542 «
642 1506 736 1561 Ego
758 1503 959 1561 cognovi,
977 1503 1079 1562 quia
1092 1514 1274 1559 magnus
1295 1507 1358 1542 est
1376 1500 1459 1541 Do-

72 1592 90 1613 »
124 1572 283 1615 minus.
306 1590 325 1613 »
353 1572 569 1631 Propheta
590 1570 870 1632 loquebatur,
897 1574 972 1633 qui
995 1572 1173 1616 intravit
1195 1571 1241 1614 in
1263 1575 1458 1614 sanctua-

1 1645 6 1706 J
69 1643 180 1687 rium
201 1643 303 1698 Dei,
334 1662 352 1684 «
383 1643 465 1696 Qui
495 1643 662 1688 audivit
683 1644 793 1688 forte
815 1643 1054 1688 ineffabilia
1077 1643 1232 1697 verba,
1257 1656 1356 1702 quae
1369 1653 1459 1683 non

73 1731 92 1754 »
126 1712 228 1757 licet
248 1713 416 1757 homini
432 1714 555 1774 loqui
574 1718 614 1772 23
640 1734 657 1756 »
683 1714 761 1774 qui
781 1713 887 1758 dixit
909 1713 1029 1774 quod
1051 1721 1194 1774 posset
1209 1711 1460 1756 hominibus

2 1784 5 1838 ss
69 1781 168 1839 dici,
186 1792 229 1827 et
244 1784 388 1828 tenuit
404 1784 522 1844 apud
543 1799 586 1828 se
602 1785 722 1845 quod
740 1800 829 1829 non
846 1794 989 1844 posset
1006 1784 1107 1829 dici.
1125 1787 1241 1842 Ergo
1255 1792 1296 1826 et
1310 1780 1462 1826 audia-

0 1870 7 1905 ,;
69 1863 140 1898 tur
163 1853 217 1898 ad
241 1854 362 1914 quod
378 1871 605 1914 possumus
623 1865 666 1899 et
682 1855 884 1900 credatur
902 1856 956 1900 ad
971 1855 1091 1915 quod
1108 1870 1197 1899 non
1212 1866 1456 1914 possumus.

0 1956 6 1968 s
35 1973 37 1976 ,
70 1925 135 1970 Ad
153 1928 271 1986 quod
289 1941 518 1985 possumus
539 1926 763 1982 audiatur,
794 1946 810 1967 «
838 1927 1055 1981 Quoniam
1073 1926 1210 1985 Jacob
1228 1925 1359 1984 elegit
1380 1923 1460 1967 sibi

28 2018 31 2022 ·
74 2015 92 2038 »
126 1997 363 2052 Dominus,
398 1998 530 2042 Israel
551 1999 595 2041 in
625 1999 936 2058 possessionem
960 1998 1039 2041 sibi
1068 2017 1076 2042 :
1108 2015 1128 2038 υ
1154 1996 1210 2041 ἃᾶ
1231 1994 1351 2056 quod
1372 2005 1462 2038 non

71 2082 294 2126 possumus
327 2068 549 2123 credatur,
580 2070 681 2129 quia
705 2070 794 2129 ipse
826 2069 1031 2129 cognovit
1063 2088 1082 2111 «
1118 2066 1249 2121 Quod
1279 2080 1462 2124 magnus

72 2155 92 2179 »
126 2147 189 2182 est
216 2139 440 2183 Dominus.
470 2157 490 2181 »
519 2140 561 2185 Si
589 2140 652 2184 illi
674 2140 917 2185 diceremus
936 2176 946 2196 ‚
972 2153 1176 2199 rogamus
1197 2148 1265 2192 te,
1298 2135 1463 2197 explica

69 2208 412 2266 magnitudinem
431 2209 546 2255 illius
566 2231 574 2256 :
602 2227 749 2256 nonne
771 2210 884 2256 forte
905 2211 1188 2271 responderet
1204 2209 1351 2263 nobis,
1374 2222 1463 2251 non

71 2291 131 2324 est
154 2279 280 2325 valde
311 2297 494 2340 magnus
516 2298 647 2342 quem
677 2282 826 2333 video,
855 2283 889 2328 si
917 2299 940 2327 a
962 2299 1032 2327 me
1056 2282 1215 2342 poterit
1243 2279 1460 2340 explicari.

43 2374 47 2376 ἡ
73 2349 237 2394 Redeat
260 2366 359 2409 ergo
377 2350 431 2395 ad
453 2367 582 2410 opera
605 2354 696 2412 ejus
712 2388 723 2408 ,
747 2363 790 2397 et
811 2353 929 2398 dicat
950 2353 1091 2398 nobis.
1119 2352 1288 2397 Habeat
1305 2351 1395 2410 ipse
1420 2350 1464 2392 in

75 2421 331 2467 conscientia
367 2421 713 2479 magnitudinem
747 2424 951 2480 Domini,
985 2439 1117 2484 quam
1154 2422 1289 2476 vidit,
1333 2433 1466 2481 quam

75 2491 197 2535 nobis
219 2490 483 2536 credendam
504 2492 826 2539 commendavit
848 2514 860 2553 3
884 2510 973 2555 quo
996 2503 1166 2539 nostros
1191 2491 1340 2538 oculos
1361 2505 1464 2551 per-

122 2581 132 2598 ¹
151 2576 230 2610 Psal.
250 2587 380 2619 cxxxw,
401 2577 433 2610 5.
453 2593 495 2600 —
516 2584 529 2601 ²
554 2586 574 2611 2
593 2580 667 2613 Cor.
687 2588 745 2621 xli,
763 2577 797 2621 4.
