1815 3253
382 241 467 281 428
804 252 839 283 s.
874 251 1106 285 Aucus-nm
1136 256 1319 286 nmscom

378 881 611 926 nebrarum
631 883 787 927 harum
803 918 815 938 ‚
839 893 1025 928 rectores
1047 883 1208 928 scilicet
1239 883 1481 928 infidelium
1496 918 1507 938 ‚
1536 881 1771 929 diabolum
1785 877 1806 921 fia

379 960 422 995 et
445 952 620 1011 angelos
642 954 733 1013 ejus
753 989 764 1009 ,
789 963 976 998 rectores
994 952 1123 1012 gladii
1147 955 1238 1013 ejus
1253 989 1264 1009 ,
1288 953 1342 998 de
1362 969 1451 1014 quo
1478 961 1645 1013 pugnat
1665 933 1815 996 dia-Dis<

378 1021 506 1066 bolus
528 1022 731 1068 adversus
750 1023 914 1069 fideles.
944 1023 1027 1069 Sed
1045 1025 1267 1084 quomodo
1289 1024 1425 1068 Goliae
1442 1031 1657 1083 prostrato
1674 1020 1772 1066 tol-

378 1090 482 1135 litur
518 1092 707 1150 gladius,
737 1103 787 1137 ut
821 1094 901 1153 ipsi
938 1093 1073 1138 Goliae
1096 1103 1236 1153 caput·
1250 1093 1305 1137 de
1327 1093 1471 1153 gladio
1509 1108 1586 1137 suo
1610 1106 1764 1150 ampu-

379 1170 495 1205 tetur
509 1164 524 1188 3
553 1182 561 1207 ε
601 1181 621 1204 »
657 1164 716 1207 ita
755 1179 856 1207 cum
893 1164 1078 1208 credunt
1101 1164 1181 1223 ipsi
1222 1163 1417 1207 infideles
1433 1198 1444 1218 ‚
1486 1163 1646 1207 dicitur
1677 1161 1771 1217 eis,
1813 1175 1815 1201 1

381 1248 403 1273 «
438 1233 595 1276 Fuistis
607 1232 842 1293 aliquando
855 1233 1063 1287 tenebrae,
1078 1248 1196 1277 nunc
1209 1243 1352 1277 autem
1367 1233 1442 1276 lux
1452 1233 1498 1276 in
1508 1232 1728 1276 Domino⁴.
1739 1248 1760 1273 »

380 1302 607 1360 Pugnastis
628 1303 683 1346 de
704 1318 839 1346 manu
852 1302 988 1347 Goliae
1004 1337 1015 1358 ‚
1032 1303 1180 1362 jamin
1201 1317 1337 1346 manu
1358 1302 1519 1347 Christi
1533 1301 1673 1346 tollite
1686 1317 1761 1346 ca-

378 1381 459 1430 put
486 1372 638 1417 Goliae.

377 1528 421 1556 se
438 1514 546 1573 ipso.
567 1515 701 1559 Modo
724 1530 857 1573 genus
874 1517 958 1560 hoc
975 1514 1080 1559 belli
1101 1531 1152 1559 ex
1180 1515 1414 1575 apostolica
1430 1514 1623 1575 Epistola
1644 1514 1770 1572 lege-

377 1584 507 1628 batur
533 1603 541 1628 :
569 1587 720 1630 «Caro
739 1586 1008 1645 concupiscit
1025 1584 1227 1630 adversus
1258 1585 1479 1645 spiritum,
1515 1594 1558 1629 et
1589 1585 1769 1644 spiritus

380 1672 400 1695 »
436 1654 637 1699 adversus
674 1671 847 1700 carnem
868 1691 879 1711 ‚
917 1665 968 1700 ut
998 1671 1086 1700 non
1108 1671 1156 1699 ea
1185 1671 1284 1716 quae
1311 1655 1464 1710 vultis,
1497 1655 1709 1699 faciatis⁵.
1737 1672 1758 1697 »

377 1726 433 1768 Et
455 1724 538 1768 hoc
558 1738 684 1781 grave
707 1725 874 1769 bellum
891 1760 902 1781 ,
936 1735 980 1770 et
1000 1726 1122 1786 quod
1149 1735 1212 1770 est
1239 1725 1485 1780 molestius,
1519 1724 1757 1769 internum.

379 1796 430 1837 In
452 1810 540 1854 quo
569 1794 686 1839 bello
711 1796 745 1839 si
767 1796 823 1839 sit
858 1796 1044 1856 quisque
1065 1797 1203 1840 victor
1218 1830 1229 1851 ,
1254 1795 1351 1840 illos
1377 1811 1487 1855 quos
1520 1809 1611 1839 non
1643 1793 1762 1839 videt

1786 1582 1815 1627 dist

1787 1662 1813 1697 aut

1787 1741 1794 1764 t
1802 1725 1814 1767 C

377 1933 444 1978 vel
467 1934 609 1993 angeli
626 1936 718 1995 ejus
735 1971 745 1990 ,
772 1936 852 1980 nisi
870 1936 989 1996 quod
1016 1937 1062 1980 in
1090 1945 1133 1980 te
1160 1936 1331 1980 carnale
1364 1936 1627 1980 dominatur.
1652 1936 1769 1979 Nam

375 2004 599 2064 quomodo
614 2006 827 2050 vincimus
858 2006 953 2052 illos
982 2007 1283 2066 hostes‚·quos
1315 2021 1404 2049 non
1426 2005 1644 2059 videmus,
1679 2003 1760 2048 nisi

375 2075 478 2134 quia
500 2075 690 2120 carnales
713 2076 937 2121 interiores
960 2085 1104 2120 motus
1125 2085 1293 2120 nostros
1308 2075 1545 2119 sentimus?
1560 2076 1672 2119 Cum
1694 2075 1761 2119 his

374 2147 652 2205 confligimus
671 2182 681 2201 ,
710 2156 753 2191 et
779 2146 874 2191 illos
898 2147 1179 2205 percutimus.
1206 2149 1258 2190 In
1280 2161 1427 2190 amore
1456 2145 1653 2205 pecuniae
1675 2144 1766 2190 do-

374 2216 566 2259 minatur
588 2217 762 2260 avaritia
785 2237 796 2273 3
820 2216 1065 2261 dominanti
1086 2217 1167 2260 tibi
1189 2217 1379 2260 avaritiae
1398 2215 1598 2260 diabolus
1619 2214 1758 2260 forim-

373 2355 547 2400 lucrum
564 2372 652 2401 non
669 2358 865 2417 pervenis
883 2392 894 2412 ‚
919 2358 1000 2402 nisi
1017 2356 1216 2402 fraudem
1235 2356 1402 2401 feceris.
1429 2357 1636 2415 Proponit
1658 2369 1767 2413 ergo

374 2426 447 2469 ille
468 2425 706 2472 forinsecus
728 2428 916 2473 avaritiae
938 2437 1040 2483 tuae,
1057 2443 1189 2488 quam
1201 2428 1317 2471 intus
1331 2442 1420 2471 non
1436 2426 1573 2470 vicisti
1590 2460 1601 2481 ,
1622 2441 1763 2496 (μιειιῐι1

423 2527 432 2543 ¹
456 2522 536 2554 Psal.
555 2533 645 2565 xvii,
670 2532 723 2565 29.
746 2539 788 2548 --
808 2531 821 2546 ²
849 2524 891 2555 ld.
921 2534 1037 2565 xxxvs
1052 2535 1103 2556 ιο.
1130 2541 1171 2547 -
1191 2522 1205 2547 3
1233 2535 1245 2555 1
1266 2526 1343 2562 Rea.
1364 2533 1443 2564 xvn,
1463 2521 1516 2553 51.
1538 2538 1579 2545 --
1597 2520 1613 2552 4
1632 2521 1768 2568 Ephes.¹
1804 2524 1815 2538 ¹*

376 2587 409 2616 v,
425 2576 455 2609 8.
478 2576 636 2611 ——6Ga1.
656 2589 687 2619 v,
712 2589 760 2620 ¹7-
1762 2578 1763 2582 ’
