1856 3268
429 262 670 293 emam-1⁸10
702 264 748 291 m
779 259 983 291 PSALMUM
1013 263 1130 289 exin.
1403 251 1458 291 25

74 333 118 377 in
137 330 252 377 coelo
282 339 443 376 aeterna
466 331 702 376 Jerusalem
720 367 730 386 ‚
756 331 834 375 ubi
856 340 957 375 sunt
980 330 1092 374 cives
1120 330 1255 374 nostri
1273 329 1427 388 Angeli
1447 350 1456 375 ε

74 402 129 446 ab
150 402 249 461 ipsis
270 402 435 446 civibus
456 403 612 447 nostris
633 402 961 462 peregrinamur
981 401 1024 443 in
1043 409 1171 444 terra.
1200 402 1250 444 In
1268 401 1462 459 peregri-

74 473 250 517 natione
272 473 560 532 suspiramus,
591 473 638 516 in
666 472 839 517 civitate
873 469 1171 530 gaudebimus.
1208 471 1461 515 Invenimus

75 553 221 588 autem
239 552 281 587 et
308 543 443 588 socios
468 543 515 587 in
537 543 616 587 ista
639 542 1008 603 peregrinatione,
1045 542 1120 601 qui
1143 543 1233 602 jam
1255 541 1462 586 viderunt

73 615 209 675 ipsam
233 614 451 659 civitatem
466 649 476 669 ,
522 623 564 658 et
587 614 774 658 invitant
795 629 873 658 nos
909 622 960 657 ut
989 628 1212 657 curramus
1234 611 1289 656 ad
1320 611 1457 657 illam.

74 685 143 730 Ad
164 686 243 729 hos
268 684 429 744 gaudet
459 685 560 740 iste,
598 685 674 745 qui
707 694 749 728 et
778 684 883 728 dicit
909 703 917 728 ε
958 702 977 725 «
1007 682 1281 728 Jucundatus
1300 698 1395 727 sum
1416 683 1460 726 in

78 774 98 797 υ
133 756 198 799 his
216 790 227 810 ,
252 755 327 815 qui
346 754 548 799 dixerunt
571 756 696 810 mihi,
725 759 776 799 In
800 754 979 799 domum
1007 754 1180 798 Domini
1202 754 1361 800 ibimus
1377 756 1406 797 ¹.
1435 772 1456 795 »

77 830 246 871 Fratres
263 862 273 881 ‚
298 827 443 870 veniat
466 827 511 870 in
531 836 722 871 mentem
746 827 956 872 Charitati
974 828 1159 881 Vestrae,
1178 826 1212 870 si
1234 842 1320 886 qua
1349 824 1461 869 forte

75 896 282 941 festivitas
291 899 534 954 Martyrum
549 906 590 940 et
604 897 725 941 locus
735 897 890 957 aliquis
904 905 1076 940 sanctus
1090 897 1356 952 nominatur,
1373 912 1460 956 quo

75 976 193 1012 certo
213 966 282 1011 die
303 967 444 1010 turbae
465 968 691 1011 confluant
708 967 762 1011 ad
778 967 1084 1012 celebrandam
1111 966 1426 1011 solemnitatem
1448 989 1460 1025 3

74 1037 160 1083 illae
181 1038 323 1082 turbae
348 1037 570 1098 quomodo
592 1054 636 1082 se
658 1039 940 1093 exsuscitant,
967 1038 1191 1098 quomodo
1212 1053 1256 1081 se
1277 1038 1461 1082 hortan-

74 1118 146 1154 tur
167 1117 209 1152 et
230 1108 406 1152 dicunt:
432 1111 592 1152 Eamus
607 1144 617 1163 ‚
639 1124 802 1152 eamus.
824 1111 881 1152 Et
904 1117 1132 1167 quaerunt,
1165 1109 1263 1160 Quo
1286 1109 1463 1151 eamus?

75 1182 132 1223 Et
148 1178 329 1234 dicitur,
351 1178 418 1223 Ad
441 1178 567 1223 illum
587 1179 756 1233 locum,
783 1178 838 1222 ad
859 1187 1057 1222 sanetum
1079 1177 1241 1222 locum.
1270 1178 1462 1222 Invicem

75 1249 154 1293 sibi
188 1247 456 1309 loquuntur,
496 1259 539 1293 et
575 1259 784 1310 tanquam
815 1248 980 1293 incensi
1009 1247 1258 1307 singillatim
1296 1248 1464 1293 faciunt

74 1336 205 1365 unam
222 1322 439 1366 flammam
468 1341 477 1366 ;
498 1322 646 1381 etipsa
664 1337 749 1366 una
776 1321 950 1365 flamma
974 1319 1085 1364 iacta
1106 1335 1157 1363 ex
1170 1319 1462 1364 collocutione

75 1407 164 1435 sese
201 1391 533 1436 accendentium
576 1392 688 1452 rapit
729 1390 827 1436 illos
858 1391 912 1434 ad
946 1391 1091 1435 locum
1140 1399 1338 1434 sanctum
1368 1426 1378 1445 ‚
1421 1400 1464 1435 et

75 1463 277 1521 cogitatio
299 1472 445 1507 sancta
466 1464 705 1507 sanctificat
723 1478 809 1507 eos.
838 1463 880 1507 Si
901 1478 1002 1520 ergo
1026 1460 1081 1505 ad
1117 1460 1265 1506 locum
1289 1471 1464 1521 tempo-

76 1533 209 1578 ralem
237 1535 296 1578 sie
334 1535 447 1594 rapit
479 1550 600 1578 amor
621 1543 794 1578 sanctus
821 1552 829 1578 :
855 1532 994 1593 qualis
1030 1548 1150 1576 amor
1182 1531 1313 1576 debet
1345 1548 1460 1587 esse,

72 1606 148 1666 qui
169 1606 404 1650 concordes
427 1606 540 1665 rapit
556 1606 601 1649 in
625 1604 786 1650 coelum
801 1641 811 1660 ,
837 1613 880 1648 et
902 1604 1095 1648 dicentes
1126 1603 1230 1658 sibi,
1258 1622 1278 1646 «
1307 1606 1359 1647 ln
1381 1604 1462 1649 do-

76 1695 96 1718 »
130 1692 251 1720 mum
278 1677 452 1720 Domini
482 1677 674 1720 ibimus?
719 1695 738 1718 »
769 1679 884 1734 Ergo
919 1690 1166 1729 curramus,
1201 1690 1426 1720 curramus
1445 1710 1456 1729 ‚

73 1748 173 1808 quia
194 1748 241 1790 in
272 1746 452 1791 domum
476 1747 648 1792 Domini
669 1747 846 1791 ibimus.
874 1749 1135 1801 Curramus,
1162 1755 1206 1790 et
1242 1761 1332 1790 non
1361 1745 1461 1789 fati-

8 1837 10 1840 *
75 1833 258 1877 gemur3
295 1818 397 1877 quia
434 1818 539 1862 illuc
574 1818 906 1877 perveniemus,
945 1817 1023 1861 ubi
1060 1832 1149 1861 non
1182 1815 1454 1861 lassabimur.

73 1889 309 1931 Curramus
326 1887 372 1930 in
389 1887 569 1931 domum
594 1888 791 1942 Domini,
808 1886 1080 1947 jucundetur
1097 1886 1240 1930 anima
1256 1895 1403 1931 nostra
1415 1888 1461 1930 in

73 1958 139 2001 his
156 1957 231 2017 qui
255 1973 302 2001 ea
320 1958 446 2002 nobis
469 1958 635 2002 dicunt.
654 1960 738 2012 Qui
762 1959 876 2002 enim
894 1974 941 2002 ea
961 1958 1085 2001 nobis
1100 1957 1277 2012 dicunt,
1299 1958 1461 2017 priores

72 2027 277 2072 viderunt
295 2028 430 2088 ipsam
452 2029 657 2088 patriam,
684 2027 738 2072 de
761 2028 1004 2088 longinquo
1027 2027 1263 2072 clamantes
1286 2028 1340 2072 ad
1362 2044 1462 2088 pos-

74 2099 270 2154 teriores,
292 2118 310 2140 «
328 2102 379 2142 In
397 2099 577 2143 domum
593 2100 936 2144 Dominiibimus
959 2119 967 2144 :
988 2118 1007 2140 »
1024 2098 1261 2154 ambulate,
1283 2100 1458 2144 currite.

75 2169 290 2213 Viderunt
307 2169 426 2213 illam
445 2170 664 2230 Apostoli,
691 2180 733 2214 et
747 2171 952 2214 dixerunt
966 2170 1118 2225 nobis,
1145 2170 1317 2215 Currite
1333 2206 1343 2225 ,
1366 2186 1460 2214 am-

75 2239 240 2294 bulate,
259 2240 508 2300 sequimini,
529 2259 547 2282 «
567 2245 617 2284 In
640 2240 822 2285 domum
846 2241 1018 2284 Domini
1041 2241 1216 2284 ibimus.
1237 2259 1256 2282 »
1279 2243 1336 2285 Et
1351 2240 1458 2301 quid

77 2311 181 2354 (licit
202 2312 502 2372 unusquisque
524 2314 751 2357 nostrum?
773 2332 791 2354 «
814 2313 1090 2357 Jucundatus
1112 2328 1205 2356 sum
1224 2313 1269 2356 in
1297 2313 1362 2356 his
1384 2313 1459 2372 qui

78 2399 100 2422 »
135 2380 336 2425 dixerunt
350 2383 476 2438 milii,
494 2387 545 2427 In
564 2384 743 2428 domum
762 2384 935 2428 Domini
952 2384 1128 2427 ibimus.
1148 2401 1167 2424 υ
1184 2382 1460 2427 Jucundatus

77 2467 170 2496 sum
204 2453 247 2495 iu
271 2454 517 2512 Prophetis,
540 2456 809 2514 jucundatus
831 2471 926 2500 sum
958 2455 1003 2498 in
1036 2454 1267 2514 Apostolis.
1299 2456 1460 2498 Omnes

127 2565 134 2581 ¹
157 2559 236 2591 Psal.
254 2570 321 2602 xxi,
340 2571 366 2590 ι.
