1815 3253
388 187 472 226 386
821 201 853 226 5.
890 197 1120 227 Λυαυετιω
1152 199 1330 226 Ensoom

389 262 566 322 Sapiens
581 263 743 322 cogitat
759 278 806 306 ea
824 279 922 322 quae
944 262 1143 318 audierit,
1160 263 1317 308 stultus
1335 272 1479 307 autem
1499 264 1647 308 audita
1664 264 1768 308 obli-

381 332 500 376 vioni
521 332 667 376 tradit.
694 335 844 393 Neque
877 333 993 376 enim
1022 342 1198 392 propter
1227 332 1347 377 aliud
1368 333 1412 376 in
1434 336 1550 392 Lege
1566 368 1578 388 ,
1603 333 1768 377 munda

379 417 427 446 ea
450 401 564 447 dicta
581 412 684 447 sunt
709 402 907 447 animalia
930 419 1029 463 quae
1058 402 1295 458 ruminant,
1311 403 1539 447 immunda
1553 419 1652 463 quae
1678 419 1768 448 non

380 472 602 516 ruminant
627 492 636 517 :
664 488 766 516 narn
794 466 990 517 creatura
1014 473 1092 516 Dei
1124 473 1264 516 omnis
1301 472 1465 516 munda
1497 482 1574 517 est.
1602 473 1769 517 Artifiei

380 544 469 586 Deo
502 551 592 586 tam
624 542 816 586 mundus
850 551 914 586 est
941 557 1101 601 porcus
1123 557 1255 601 quam
1279 558 1428 601 agnus.
1454 543 1628 587 Creavit
1651 543 1768 586 enim

378 613 523 658 omnia
547 613 661 658 bona
677 613 806 657 valde
824 615 836 639 1
853 632 861 657 ε
878 622 937 667 et,
963 632 983 654 «
1007 613 1158 657 Omnis
1186 623 1380 657 creatura
1400 613 1476 657 Dei
1494 613 1608 656 bona
1630 614 1764 667 est2‚»

377 682 483 727 dicit
514 683 749 742 Apostolus
779 701 788 727 ι
820 691 893 737 et,
932 682 1134 726 «Omnia
1156 683 1321 726 munda
1360 682 1578 725 mundisss.
1609 701 1628 723 »
1656 684 1769 727 Cum

379 768 482 811 ergo
504 753 548 795 in
571 761 727 796 natura
751 761 989 811 utrumque
1017 752 1071 796 sit
1088 751 1332 809 mundum3
1357 752 1671 810 significatione
1701 761 1768 795 ta-

379 838 479 866 men
503 837 638 881 agnus
661 823 875 881 significat
896 821 1061 882 aliquid
1092 821 1306 866 mundum
1321 857 1332 877 ‚
1374 837 1531 881 porcus
1558 823 1770 881 significat

381 892 546 953 aliquid
567 892 871 937 immundum:
895 907 1029 950 agnus
1046 893 1260 951 signifieat
1279 893 1573 937 innocentiam
1594 894 1769 952 sapien-

381 964 451 1007 tiae
475 963 761 1021 ruminantis3
796 979 952 1022 porcus
981 963 1195 1021 significat
1224 963 1547 1007 immunditiam
1570 963 1769 1007 stultitiae

381 1034 690 1079 obliviscentis.
715 1000 862 1077 Bievis
885 1032 1078 1077 Psalmus
1101 1048 1179 1091 pro
1208 1032 1480 1076 solemnitate
1510 1031 1652 1077 dictus
1676 1042 1766 1088 est,

382 1104 603 1150 Videamus
626 1119 681 1147 an
701 1103 837 1162 possit
860 1103 987 1146 etiam
1012 1103 1199 1146 breviter
1217 1102 1406 1146 tractari.

441 1177 498 1218 II.
523 1176 670 1230 «Voce
690 1189 785 1216 mea
805 1173 862 1217 ad
884 1173 1117 1217 Dominum
1139 1172 1365 1217 clamavi.»
1381 1173 1607 1217 Sufficeret
1621 1175 1771 1219 «Voce

398 1973 418 1996 »
454 1962 575 1998 catus
593 1966 703 1995 sum.
732 1968 752 1990 »
778 1949 978 1994 Clamant
1010 1965 1124 1993 enlm
1153 1951 1208 1993 ad
1237 1951 1471 1994 Dominum
1496 1960 1538 1995 et
1559 1952 1634 2010 qui
1658 1949 1762 1994 blas·

395 2025 620 2085 phemant.
663 2024 714 2064 In
746 2019 956 2078 superiori
985 2035 1113 2064 versu
1147 2019 1379 2064 clamorem
1415 2020 1590 2079 posuit,
1628 2021 1672 2064 in
1708 2036 1761 2064 se·

396 2094 549 2156 quenti
570 2092 803 2137 clamorem
826 2089 1179 2148 exposuit.Quasi
1201 2090 1456 2148 exigeretur,
1475 2094 1569 2142 Quo
1591 2090 1760 2135 clamors

400 2528 415 2553 5
434 2528 514 2561 Psal.
539 2538 623 2568 cxu,
641 2534 672 2558 2.
690 2542 731 2548 —
745 2522 760 2547 ⁶
777 2523 859 2556 Ibid.
877 2523 908 2555 3.
