1815 3253
8 0 13 103 Ι

10 129 13 205 i
76 167 81 173 i
323 184 563 214 ENARRATIO
597 185 641 212 m
676 184 877 212 PsALMUM
911 184 1074 211 cxxvii.
1320 173 1403 210 129

10 251 124 326 {cher
160 251 396 311 apparuit?
429 249 586 303 Quales
616 248 764 294 oculos
796 248 1022 308 quaerehat
1051 248 1140 308 ipse
1175 248 1371 293 Christus
1392 283 1403 303 ,

9 323 197 399 (quando
215 322 388 366 dicebat
403 321 627 379 Philippo:
648 322 820 363 «Tanto
837 329 1032 378 tempore
1047 319 1272 363 vobiscum
1292 335 1404 374 sum,

10 402 46 451 ἦ»
80 402 123 437 et
150 407 238 436 non
266 406 335 435 me
369 390 596 435 vidistiw?
618 408 638 431 »
672 390 747 434 lsti
778 389 894 434 oculi
926 388 1170 433 mundandi
1203 398 1325 443 sunt,
1358 398 1409 432 ut

24 463 186 524 possint
216 460 363 506 videre
399 461 518 504 illam
552 460 693 504 lucem
720 479 728 504 :
754 469 797 504 ct
831 459 985 504 leviter
1016 469 1161 504 tamen
1195 459 1410 519 perstricti

24 533 250 593 splendore
267 567 277 587 ‚
299 532 599 576 accenduntur
617 547 763 575 amore
780 566 792 586 ‚
817 539 868 574 ut
887 530 1029 574 sanari
1054 529 1218 585 velint,
1243 539 1285 574 et
1305 529 1413 573 fiant

23 603 268 648 illuminati.
289 605 399 647 Nam
413 610 464 646 ut
478 601 683 646 noveritis
705 601 807 661 quia
825 599 1009 660 pulcher
1030 609 1094 644 est
1114 600 1311 645 Christus
1334 599 1411 659 qui

24 682 191 719 amatur
209 708 220 728 ‚
246 673 305 717 ait
322 673 536 732 Propheta
557 691 566 716 ;
595 691 616 714 «
633 672 859 731 Speciosus
881 669 1021 715 forma
1042 686 1133 729 prae
1155 670 1252 714 filiis
1274 670 1415 714 homi-

25 761 46 785 »
80 759 187 787 num
206 746 238 786 ¹².
269 760 289 783 n
323 743 484 786 Omnes
522 742 720 786 homines
753 750 927 800 superat
956 740 1072 784 illius
1110 739 1410 800 pulchritudo.

24 818 159 867 Quam
184 828 274 856 rem
297 827 491 855 amamus
513 812 557 855 in
591 813 794 857 Christo?
818 811 1016 857 Membra
1038 811 1241 855 crucifixa
1259 846 1270 866 ‚
1302 810 1415 854 latus

24 883 307 943 perforatum,
334 898 389 925 an
405 882 694 927 charitatem?
713 881 900 936 Quando
923 881 1124 925 audimus
1147 882 1249 942 quia
1266 897 1415 941 passus

26 963 87 999 est
107 969 185 1014 pro
207 953 348 1007 nobis,
367 953 475 1012 quid
496 953 930 997 amamus?Charitas
949 962 1132 996 amatur.
1147 953 1318 996 Amavit
1339 968 1418 996 nos

26 1033 76 1068 ut
96 1024 416 1068 redamaremus
436 1038 534 1066 eum
555 1043 566 1080 3
592 1031 634 1066 et
653 1032 702 1066 ut
719 1022 943 1066 redamare
964 1037 1209 1081 possemus,
1230 1022 1418 1066 visitavit

28 1110 104 1139 nos
127 1093 287 1153 Spiritu
304 1108 396 1136 suo.
424 1092 613 1136 Pulcher
634 1102 698 1136 est
718 1091 807 1146 ille,
835 1101 878 1135 et
895 1091 1050 1135 absens
1072 1100 1151 1135 est.
1174 1094 1419 1150 interroget

27 1180 71 1208 se
87 1179 260 1223 sponsa,
291 1163 325 1206 si
347 1171 462 1206 casta
480 1172 558 1206 est.
590 1165 642 1206 In
664 1162 870 1205 membris
892 1177 1043 1205 sumus
1060 1177 1211 1206 omnes
1228 1197 1238 1216 ,
1266 1160 1419 1206 fratres

27 1234 137 1288 mei,
163 1234 208 1276 in
235 1233 436 1276 membris
472 1233 606 1292 ipsius
633 1247 804 1286 sumus,
831 1232 934 1277 ideo
960 1248 1073 1276 unus
1094 1233 1228 1277 homo
1249 1249 1414 1278 sumus.

28 1304 181 1348 Videat
210 1304 510 1363 unusquisqne
540 1301 717 1362 qualem
755 1302 959 1346 timorem
994 1302 1181 1358 habeat,
1227 1318 1283 1347 an
1316 1319 1418 1347 eum

27 1389 156 1434 quem
179 1372 370 1417 excludit
390 1373 575 1416 charitas
595 1407 606 1424 ,
642 1388 698 1416 an
719 1381 886 1416 castum
911 1382 1241 1432 permanentem
1262 1375 1309 1417 in
1335 1389 1417 1417 sae-

26 1443 173 1489 culum
195 1442 356 1487 saeculi.
383 1442 516 1487 Modo
537 1442 739 1502 probavit
758 1463 768 1500 3
792 1442 892 1487 dico
908 1477 919 1498 ‚
940 1452 984 1486 et
1001 1444 1223 1502 probabit.
1249 1444 1418 1489 Absens

2 1529 6 1532 ·
27 1525 89 1560 est
112 1530 293 1574 sponsus
315 1523 461 1557 noster
481 1549 492 1568 ‚
517 1514 735 1571 interroga
758 1514 1068 1558 conscientiam
1091 1523 1210 1558 tuam
1236 1531 1247 1558 .·
1274 1516 1349 1559 Vis
1368 1524 1418 1559 ut

26 1585 168 1630 veniat
186 1619 197 1637 ‚
217 1600 273 1628 an
296 1583 439 1628 adhuc
461 1583 524 1627 vis
544 1593 595 1627 ut
615 1582 788 1627 tardet?
812 1582 968 1627 Videte
983 1618 994 1638 ‚
1014 1582 1168 1628 fratres
1188 1603 1197 1628 ε
1218 1599 1299 1643 ego
1316 1584 1418 1644 pul-

27 1656 114 1701 savi
136 1655 189 1700 ad
211 1656 317 1700 ostia
342 1663 572 1714 pectorum
605 1663 873 1709 vestrorum,
895 1669 1048 1699 vocem
1074 1655 1420 1700 inhabitantium

28 1726 100 1770 ille
121 1724 420 1778 audivit.Quid
433 1723 712 1783 singulorum
736 1739 1023 1784 quorumque
1043 1725 1176 1770 modo
1198 1727 1420 1770 conscien-

15 1797 101 1851 1tiae.
134 1795 343 1848 dixerint,
377 1794 433 1839 ad
461 1809 585 1838 aures
611 1809 751 1849 meas,
777 1795 879 1854 quia
898 1795 1032 1838 homo
1054 1810 1167 1851 sum,
1193 1796 1420 1854 pervenire

15 1855 119 1923 {non
141 1865 308 1924 potuit:
333 1863 404 1908 ille
437 1864 512 1924 qui
531 1864 686 1908 absens
723 1873 787 1907 est
819 1865 1049 1923 praesentia
1082 1866 1304 1924 corpori5‚
1341 1866 1417 1910 sed.

16 1926 215 1996 {praesens
247 1943 309 1979 est
335 1934 481 1992 vigore
503 1934 734 1994 majestatis
752 1968 762 1988 ,
789 1933 959 1978 audivit
974 1949 1065 1978 vos.
1094 1937 1238 1988 Quam
1260 1936 1416 1992 multi,

31 2006 63 2050 si
95 2005 262 2050 dicatur
285 2004 368 2048 illis
391 2008 531 2049 :Ecce
548 2005 636 2064 jam
655 2004 875 2057 Christus,
902 2019 994 2047 cras
1012 2003 1103 2047 dies
1118 2004 1273 2064 judicii
1293 2041 1303 2060 ‚
1329 2021 1419 2051 non

0 2126 1 2131 Ἰ
32 2076 201 2120 dicunt:
227 2076 400 2120 Utinam
426 2075 585 2119 veniat.
606 2075 692 2128 Qui
713 2074 829 2118 enim
852 2073 1021 2129 dicunt,
1040 2074 1232 2119 multum
1247 2086 1416 2122 amant:

33 2154 74 2190 et
89 2146 121 2189 si
145 2146 314 2190 dicatur
336 2144 445 2189 illis:
465 2144 696 2199 Tardabit,
724 2144 878 2189 timent
899 2160 954 2188 ne
977 2144 1120 2189 tardet
1135 2180 1146 2201 ‚
1172 2146 1274 2205 quia
1288 2147 1419 2192 timor

0 2207 2 2274 1
34 2226 169 2262 castus
198 2226 276 2260 est.
305 2215 538 2269 Quomodo
567 2225 713 2262 autem
741 2231 860 2260 nunc
894 2203 1074 2261 timetur
1095 2233 1149 2260 ne
1171 2217 1334 2274 tardet,
1360 2219 1420 2265 sic

0 2337 3 2345 ,
35 2303 131 2332 cum
153 2287 573 2342 venerit,timebitur
595 2303 650 2331 ne
675 2286 883 2331 discedat.
901 2288 996 2331 Erit
1017 2297 1162 2331 autem
1186 2298 1326 2334 castus
1342 2291 1422 2335 iste

0 2396 3 2425 3
36 2360 184 2412 timor,
211 2360 313 2419 quia
335 2358 595 2418 tranquillus
627 2367 671 2402 et
694 2373 884 2402 securus.
910 2361 1008 2404 Non
1035 2360 1151 2403 enim
1173 2360 1423 2406 deseremur

0 2437 22 2538 Ῑ
82 2460 90 2476 ¹
109 2455 198 2485 Joan.
222 2463 288 2493 xiv,
308 2463 340 2494 9.
357 2469 398 2475 --
420 2459 434 2475 ²
457 2451 536 2483 Psal.
559 2462 645 2492 μιν,
665 2452 695 2483 3.

20 2548 22 2598 ἰ
221 2526 342 2557 CXIX.
1235 2520 1258 2555 9

20 2607 22 2628 ι
