1856 3268
400 246 454 283 22
839 253 874 284 s.
907 253 1139 285 Aueusmm
1159 257 1341 285 Emscom

406 338 426 361 >›
462 319 641 373 fornaX,
667 319 725 362 ait
748 319 985 378 Scriptura,
1010 329 1052 365 et
1068 321 1264 365 homines
1280 322 1419 381 justos
1442 320 1624 365 tentatio
1639 320 1781 365 tribu-
1824 356 1828 371 ,

406 407 427 431 »
462 388 680 433 lationis¹.
709 406 729 429 υ
763 389 805 433 Si
825 389 884 432 sic
908 398 1009 433 sunt
1034 391 1230 434 homines
1262 391 1395 451 justi,
1435 389 1656 451 quomodo
1680 406 1779 434 vasa

402 458 552 518 figuli,
576 473 746 502 necesse
768 467 831 502 est
853 468 901 502 ut
918 474 1016 503 vasa
1031 459 1148 518 figuli
1171 458 1389 504 fornacem
1408 460 1586 503 intrent.
1613 462 1670 504 Et
1690 475 1780 504 non

401 529 579 590 quando
596 530 758 573 intrant
776 565 786 584 ,
801 530 890 589 jam
903 545 1078 574 securus
1096 540 1158 574 est
1174 529 1349 589 figulus,
1368 529 1442 574 sed
1460 546 1561 574 cum
1583 531 1777 574 exierint.

401 601 611 646 Dominus
628 609 773 643 autem
796 616 971 644 securus
1000 609 1083 656 est,
1119 601 1221 660 quia
1250 601 1372 645 novit
1399 600 1475 661 qui
1503 609 1604 644 sunt
1632 602 1750 660 ejus2
1769 591 1788 655 ’,

398 681 441 716 et
463 671 584 715 novit
606 670 681 730 qui
704 670 749 713 in
770 668 946 714 fornace
964 686 1052 714 non
1071 680 1265 730 crepent.
1289 670 1356 714 Illi
1372 687 1461 715 non
1483 679 1685 729 crepant,
1709 670 1785 730 qui

401 757 491 786 non
513 742 676 785 habent
697 749 878 785 ventum
899 741 1126 800 superbiae.
1153 741 1384 784 Humilitas
1410 756 1512 798 ergo
1533 740 1722 784 custodit
1740 740 1786 783 in

403 813 522 857 omni
557 812 830 856 tentatione:
859 812 959 871 quia
995 811 1192 856 convalle
1226 810 1479 870 plorationis
1514 810 1786 854 ascendimus

404 891 626 927 cantantes
656 881 884 925 Canticum
916 880 1157 938 graduum,
1183 889 1226 924 et
1256 879 1446 924 custodit
1477 880 1688 930 Dominus
1715 879 1786 922 in·
1820 920 1824 938 -.

403 953 609 1006 troitum,
636 960 684 994 ut
713 949 818 994 salvi
841 949 1066 994 intremus.
1095 952 1205 994 Sana
1235 949 1321 993 fide
1351 951 1483 994 simus
1514 949 1691 1010 quando
1712 965 1786 993 ae-

404 1022 510 1066 cidit
522 1020 718 1076 tentatio,
736 1029 793 1075 et,
816 1039 835 1061 «
852 1019 1052 1064 Custodit
1064 1020 1224 1063 exitum
1239 1035 1289 1063 ex
1306 1020 1390 1063 hoc
1404 1029 1572 1064 nuncet
1585 1035 1721 1079 usque
1742 1020 1786 1063 in

406 1110 427 1134 ›>
463 1090 687 1135 saeculum.
716 1108 736 1130 »
761 1091 874 1134 Cum
901 1089 1015 1133 enim
1038 1089 1264 1133 exierimus
1287 1089 1342 1132 ab
1373 1090 1492 1133 omni
1516 1090 1755 1133 tentatione
1773 1124 1784 1144 ,

398 1164 488 1223 jam
506 1162 551 1205 in
573 1171 784 1205 aeternum
800 1159 919 1204 nulla
950 1176 1027 1204 nos
1053 1160 1234 1204 tentatio
1258 1160 1458 1215 terrebit,
1487 1160 1607 1204 nulla
1631 1175 1789 1204 concu-
1824 1215 1825 1218 Ἴ

402 1231 611 1292 piscentia
648 1229 800 1274 saltem
836 1229 1099 1274 sollicitabit.
1148 1230 1263 1274 Audi
1304 1231 1562 1290 Apostolum
1600 1229 1820 1289 idipsum!

405 1309 816 1346 commemorantem
832 1335 843 1354 ,
868 1298 988 1360 quod
1007 1299 1136 1359 paulo
1154 1310 1253 1343 ante
1272 1301 1607 1344 commemoravi
1634 1319 1642 1344 2
1673 1319 1692 1341 «
1720 1298 1790 1343 Fi-
1811 1285 1820 1331 >¹

406 1390 428 1413 »
463 1370 570 1416 delis
594 1374 706 1414 Deus
727 1405 737 1424 ,
766 1370 841 1430 qui
863 1386 951 1413 non
978 1370 1199 1429 permittet
1221 1386 1295 1414 vos
1328 1371 1482 1413 tentari
1510 1385 1638 1429 supra
1657 1384 1790 1429 quam
1816 1400 1820 1442 Ι

407 1459 428 1483 »
463 1441 642 1500 potestis
655 1440 800 1484 ferre3.
819 1458 838 1480 »
856 1442 969 1483 Ecce
982 1440 1183 1484 introitus
1202 1450 1302 1484 tuus
1320 1439 1564 1484 custoditur
1585 1459 1593 1483 :
1612 1438 1790 1499 quando

405 1528 495 1557 non
530 1511 609 1555 tibi
645 1511 744 1554 sinit
787 1513 901 1554 Deus
933 1510 1126 1554 accidere
1165 1511 1448 1555 tentationem
1475 1545 1486 1565 ,
1534 1525 1666 1570 quam
1701 1525 1791 1554 non

405 1592 528 1644 potes
551 1581 660 1625 ferre
681 1602 692 1639 3
721 1581 948 1624 introitum
977 1589 1102 1624 tuum
1127 1581 1317 1624 custodit
1338 1600 1347 1625 :
1373 1580 1518 1624 videte
1546 1581 1579 1623 si
1602 1579 1792 1623 custodit
1814 1574 1818 1658 J

407 1663 450 1697 et
483 1653 659 1696 exitum.
700 1671 720 1693 «
749 1649 828 1695 Sed
865 1649 1013 1705 faciet,
1048 1651 1218 1711 inquit,
1252 1666 1352 1695 cum
1388 1651 1624 1695 tentatione
1662 1650 1817 1695 etiam.

410 1742 430 1765 >›
466 1723 626 1767 exitum
646 1757 656 1776 ,
688 1730 737 1765 ut
768 1720 936 1780 possitis
963 1721 1212 1766 sustinere⁴.
1243 1739 1263 1762 »
1297 1721 1522 1781 Numquid
1563 1735 1790 1779 possumus

406 1810 508 1848 nos,
546 1791 697 1836 fratres
717 1826 728 1846 ,
765 1791 1038 1850 interpretari
1058 1791 1181 1835 aliter
1198 1827 1209 1846 ,
1234 1807 1364 1852 quam
1384 1792 1473 1851 ipsa
1496 1791 1626 1835 verba
1650 1794 1790 1850 Apos-
1812 1790 1815 1846 ξ

407 1864 484 1908 toli
526 1861 804 1906 docuerunt?
841 1861 1066 1905 Custodite
1089 1876 1189 1918 ergo
1215 1877 1314 1915 vos,
1344 1861 1419 1904 sed
1454 1877 1543 1905 non
1575 1877 1598 1904 a
1636 1860 1787 1915 vobis,

409 1933 510 1993 quia
539 1931 748 1975 Dominus
779 1939 1104 1989 tegumentum,
1131 1931 1205 1990 qui
1229 1931 1448 1985 custodit,
1474 1931 1549 1990 qui
1573 1946 1660 1974 non
1686 1929 1790 1974 dor-
1812 1928 1814 1965 ῑ

409 2005 535 2048 mitat
564 2018 643 2045 nec
679 2001 854 2044 dormit.
894 1999 1034 2044 Semel
1067 2000 1272 2044 dormivit
1306 2016 1383 2059 pro
1406 2001 1559 2045 nobis:
1586 2000 1788 2055 surrexit,

404 2076 493 2134 jam
526 2088 613 2115 non
652 2071 853 2114 dormiet.
885 2073 1022 2115 Nemo
1056 2070 1110 2113 de
1145 2087 1189 2114 se
1218 2081 1461 2130 praesumat.
1502 2074 1563 2115 De
1596 2071 1812 2115 convalle÷

409 2142 662 2203 plorationis
684 2139 952 2185 ascendimus
968 2176 978 2194 ,
1006 2157 1094 2184 non
1118 2157 1413 2185 remaneamus
1435 2143 1479 2185 in
1514 2143 1596 2186 via.
1621 2142 1789 2187 Gradus

410 2215 455 2257 in
467 2213 535 2257 via
555 2221 715 2255 restant
737 2227 849 2256 :non
867 2210 1075 2254 debemus
1097 2211 1205 2270 pigri
1224 2228 1459 2266 remanere,
1481 2228 1569 2256 non
1583 2211 1791 2256 debemus
1809 2214 1811 2260 ἑ

409 2283 585 2342 superbi
608 2282 761 2325 cadere
787 2301 795 2326 z
821 2281 1011 2325 dicamus
1036 2284 1145 2335 Deo,
1168 2284 1264 2325 Non
1286 2291 1511 2326 moveatur
1533 2298 1606 2340 pes
1625 2292 1787 2326 noster.
1808 2279 1811 2309 “’

407 2356 505 2398 Νοη
523 2352 722 2406 dormiet,
738 2351 812 2411 qui
827 2351 1015 2395 custodit
1029 2367 1120 2395 nos.
1138 2354 1187 2395 In
1206 2361 1348 2395 nostra
1371 2361 1582 2410 potestate
1597 2360 1681 2406 est,
1700 2355 1790 2396 Deo

410 2422 624 2475 donante,
651 2422 684 2464 si
707 2436 806 2465 eum
827 2421 950 2465 nobis
975 2419 1178 2464 faciamus
1202 2421 1450 2475 custodem,
1476 2422 1552 2481 qui
1575 2437 1663 2465 non
1685 2420 1809 2466 dor-a

408 2494 515 2548 mit,
548 2508 689 2552 neque
729 2491 961 2547 dormitat,
994 2492 1069 2551 qui
1095 2491 1284 2536 custodit
1312 2490 1455 2536 Israel.
1493 2494 1633 2545 Quem
1657 2491 1808 2537 Israel.

462 2585 470 2601 ¹
490 2577 589 2611 Eccli.
608 2588 705 2618 xxvn,
722 2577 754 2610 6.
770 2594 812 2600 --
832 2584 844 2599 ²
864 2578 976 2619 2ffTi1n.
996 2589 1032 2619 11,
1056 2588 1107 2619 ¹7·
1130 2575 1196 2618 ..⁴3
1219 2576 1323 2619 istCor.
1344 2588 1378 2618 x,
1400 2577 1450 2610 13.
1470 2593 1513 2599 -—
1529 2574 1547 2606 l,
1565 2575 1646 2609 Ibid.
