1815 3253
362 225 604 261 manuum
634 230 680 257 m
712 226 915 258 PsALMUM
944 231 1139 259 exxxvn.
1351 217 1437 258 295

60 313 84 349 »i
116 292 408 342 misericordia
428 303 504 339 tua
525 302 569 338 et
581 293 762 338 veritate
779 303 853 341 tua
871 310 881 336 ε
899 294 1108 355 quoniam
1128 293 1342 338 universae
1358 294 1442 338 viae

58 383 82 418 ,η
115 365 287 410 Domini
304 363 597 409 misericordia
619 373 662 408 et
682 365 838 411 veritas
856 366 886 409 ².
911 383 932 406 »
957 366 1055 410 Non
1082 378 1185 422 ergo
1212 363 1299 408 sint
1320 379 1442 423 reges

26 453 29 483 z
59 444 186 481 terrae
208 435 383 494 superbi
403 469 415 488 ‚
436 434 511 478 scd
528 433 714 479 humiles
734 435 834 480 sint.
863 437 984 479 Tunc
1005 442 1183 479 cantent
1198 434 1244 476 in
1264 433 1343 478 viis
1360 437 1444 478 Do-

26 526 28 542 ÷
57 505 166 558 mini
183 539 195 560 ,
219 505 254 549 si
279 503 462 550 humiles
480 504 587 549 sint:
605 513 750 548 ament
764 539 775 560 ‚
792 514 836 549 et
851 503 1107 549 cantabunt.
1123 503 1330 549 Novimus
1345 504 1439 548 via-

26 609 27 614 =
58 585 171 627 tores
188 584 458 620 cantatores:
475 584 668 630 cantant,
689 585 733 619 et
746 575 969 635 pervenire
984 573 1205 620 festinant.
1221 577 1332 620 Sunt
1346 590 1443 618 can-

24 632 27 679 l
58 646 141 697 tica
163 645 276 693 mala
293 655 500 705 tanquam
522 646 677 690 veteris
699 646 886 695 hominis
905 680 916 700 ‚
941 644 1018 689 sed
1034 645 1253 689 canticum
1276 660 1442 690 novum

23 760 25 780 a
56 717 245 777 pertinet
277 715 331 760 ad
364 717 587 760 hominem
617 732 796 767 novum.
836 715 1078 765 Ambulent
1109 730 1214 774 ergo
1246 724 1290 762 et
1321 730 1444 774 reges

23 827 25 838 ,
57 796 182 839 terrae
203 788 247 830 in
270 787 349 832 viis
370 787 454 831 tuis
470 822 481 841 ,
507 786 734 837 ambulent
756 796 799 832 et
821 796 999 833 cantent
1019 786 1064 832 in
1095 786 1175 830 viis
1202 786 1304 832 tuis.
1331 785 1444 839 Quid

22 865 24 915 ζ
56 858 258 914 cantent?
285 877 306 900 «
330 858 548 910 Quoniam
569 873 726 917 magna
747 867 811 902 est
829 858 964 917 gloria
982 857 1155 902 Domini
1175 873 1184 898 t
1214 875 1234 899 »
1260 872 1351 902 non
1375 872 1445 901 re-

21 925 23 967 ζ
54 942 176 988 gum.
422 986 424 988 V

20 1043 22 1047 ,
114 999 214 1041 XII.
236 995 346 1041 Vide
368 997 591 1057 quomodo
610 1012 729 1055 reges
752 995 890 1049 voluit
907 1006 1080 1042 cantare
1102 997 1147 1041 in
1167 996 1268 1051 viis,
1299 996 1446 1040 humi-

18 1062 23 1084 ”
54 1066 153 1119 liter
184 1076 406 1126 portantes
445 1066 681 1110 Dominum
702 1102 713 1121 ‚
753 1082 843 1111 non
882 1083 926 1117 se
954 1066 1208 1114 extollentes
1241 1066 1446 1111 adversus

18 1139 20 1141 ’
55 1137 308 1193 Dominum.
334 1140 444 1190 Nam
469 1137 503 1181 si
525 1153 569 1181 se
604 1137 860 1193 extulerint,
885 1137 995 1198 quid
1024 1137 1247 1196 sequitur?
1272 1156 1292 1179 «
1324 1139 1446 1189 Quo-

14 1221 20 1266 ζ
59 1226 79 1263 >i
113 1207 230 1252 niam
247 1206 439 1252 excelsus
462 1207 671 1252 Dominus
688 1242 699 1262 ,
719 1217 763 1261 et
782 1208 962 1257 humilia
985 1207 1200 1268 respicit2.
1230 1226 1250 1248 »
1278 1205 1447 1252 Volunt

14 1270 21 1322 ἶ
55 1293 157 1336 ergo
184 1293 304 1336 reges
326 1278 508 1336 respici?
529 1277 725 1322 Humiles
743 1279 843 1322 sint.
868 1278 1007 1332 Quid,
1028 1279 1061 1322 si
1079 1293 1123 1322 se
1144 1276 1379 1321 extulerint
1400 1277 1446 1320 in

15 1408 18 1409 ⁷
53 1349 304 1407 superbiam
321 1383 332 1403 ,
364 1347 499 1392 latere
532 1348 666 1407 ipsius
701 1348 850 1394 oculos
875 1351 1088 1409 possunt?
1114 1350 1174 1395 Ne
1202 1347 1314 1393 forte
1343 1349 1444 1408 quia

55 1418 237 1472 audisti,
262 1438 281 1461 «
306 1418 499 1462 Humilia
522 1419 724 1478 respicit,
752 1438 772 1462 »
799 1421 1014 1479 superbus
1043 1418 1147 1463 velis
1170 1434 1283 1476 esse3
1308 1427 1352 1463 et
1374 1417 1444 1462 di-

54 1504 123 1545 cas
146 1489 192 1532 in
211 1489 355 1534 anima
372 1498 469 1543 tua,
492 1488 688 1534 Humiles
706 1490 877 1549 respicit
894 1493 1009 1540 Deus
1026 1525 1037 1542 ‚
1059 1505 1128 1533 me
1144 1505 1235 1533 non
1252 1489 1443 1548 respicit,

53 1558 209 1618 faciam
231 1559 351 1619 quod
368 1559 482 1604 volo.
509 1560 611 1612 Quis
645 1560 761 1604 enim
790 1576 859 1604 me
883 1560 1032 1604 videt?
1056 1560 1278 1603 hominem
1307 1559 1441 1616 latet3

53 1632 167 1679 Deus
184 1645 273 1674 non
294 1630 389 1676 vult
411 1645 480 1675 me
501 1629 650 1674 videre
666 1665 676 1684 ,
702 1631 803 1690 quia
824 1629 1002 1674 humilis
1023 1646 1113 1675 non
1129 1645 1223 1673 sum
1239 1665 1250 1685 ‚
1271 1627 1343 1673 ille
1365 1645 1444 1673 au-

11 1689 17 1715 *
55 1709 140 1748 tem
162 1700 340 1758 humilia
355 1700 528 1759 respicit
546 1720 555 1745 :
576 1700 698 1760 quod
711 1700 811 1745 volo
829 1699 956 1745 facio.
975 1702 1012 1745 Ο
1026 1701 1297 1760 importune,
1318 1715 1445 1748 num-

10 1777 15 1808 ὲ
53 1771 161 1831 quid
181 1772 265 1815 hoc
287 1762 450 1814 diceres
469 1806 479 1825 ,
505 1771 538 1815 si
567 1770 695 1815 scires
729 1771 836 1831 quid
869 1787 1013 1816 amare
1045 1771 1251 1815 deberes?
1275 1773 1389 1815 Ecce
1410 1772 1444 1821 si

11 1869 13 1877 ι
53 1840 163 1897 polit
184 1850 227 1885 te
248 1840 395 1885 videre
419 1844 533 1885 Deus
551 1877 562 1896 ‚
589 1841 671 1885 hoc
690 1842 832 1901 ipsum
850 1857 940 1886 non
962 1843 1111 1896 times,
1153 1841 1254 1902 quia
1277 1850 1320 1885 te
1352 1857 1442 1886 non

52 1912 146 1964 vult
173 1921 214 1956 te
249 1911 419 1956 dicere?
458 1912 501 1957 Si
534 1912 694 1956 salutes
731 1912 922 1972 aliquem
959 1914 1168 1973 majorem
1206 1922 1439 1971 patronum

52 1989 204 2036 tuum,
230 1990 273 2025 et
303 1982 497 2025 intentus
518 1981 563 2024 in
590 1981 709 2025 aliud
738 1998 827 2026 non
849 1992 888 2033 te
909 1983 1078 2037 videat,
1109 1982 1333 2043 quomodo
1362 1982 1444 2026 tibi

53 2053 195 2106 anima
222 2052 372 2097 dolet?
405 2053 447 2097 Si
477 2056 624 2096 autem
656 2057 769 2098 Deus
791 2063 834 2098 te
867 2070 957 2098 non
977 2054 1144 2110 videat,
1176 2069 1378 2098 securum
1403 2063 1444 2098 te

6 2150 9 2155 -
53 2125 203 2182 putas?
223 2126 320 2168 Non
338 2131 381 2166 te
402 2123 523 2167 videt
542 2123 740 2168 Salvator
755 2159 766 2179 ,
791 2134 835 2168 et
851 2124 970 2169 videt
992 2124 1281 2184 depraedator.
1302 2127 1360 2169 Et
1381 2133 1443 2168 ta-

4 2232 6 2234 .
53 2208 152 2244 men
174 2203 217 2237 et
237 2194 328 2252 ipse
362 2203 403 2237 te
426 2197 540 2238 Deus
562 2194 694 2238 videt.
720 2198 818 2246 Non
836 2205 878 2239 te
902 2205 1028 2254 putes
1062 2210 1150 2239 non
1173 2195 1334 2252 videri3
1354 2195 1442 2244 imo

2 2265 5 2270 ⁸
54 2279 175 2322 roga,
197 2273 247 2307 ut
270 2264 470 2308 merearis
490 2264 627 2312 videri
649 2281 670 2308 a
701 2281 790 2325 quo
812 2266 985 2310 videris.
1011 2267 1185 2316 Dictum
1208 2275 1272 2310 est
1295 2266 1410 2317 enim
1428 2301 1440 2320 ‚

0 2341 3 2350 “
57 2353 77 2385 g
109 2335 235 2379 Oculi
269 2335 442 2379 Domini
459 2337 755 2395 superjustos.
784 2355 804 2377 n
828 2337 939 2390 Quia
962 2353 1052 2381 non
1083 2352 1212 2395 super
1235 2337 1441 2398 injustos,

0 2404 13 2413 '⁸
54 2403 213 2462 faciant
231 2421 333 2464 ergo
364 2406 484 2466 quod
507 2409 662 2450 volunt
698 2407 860 2467 injusti.
899 2407 1071 2457 «Oculi
1106 2408 1283 2453 Domini
1316 2423 1448 2467 super

0 2469 5 2486 ²
58 2493 78 2524 η
106 2477 258 2535 justos.
292 2495 310 2515 »
339 2478 556 2536 Sequatur
589 2475 734 2521 adhuc
761 2497 769 2521 :
805 2497 825 2519 «
851 2481 907 2522 Et
940 2493 1064 2527 aures
1094 2478 1184 2538 ejus
1213 2477 1267 2522 ad
1295 2492 1446 2536 preces

102 2566 109 2581 ¹
130 2560 212 2591 Psal.
239 2572 324 2598 xxiv,
346 2571 392 2591 10.
416 2577 455 2581 -
481 2567 492 2582 ²
511 2561 558 2591 Id.
583 2571 724 2601 cxxxvn,
746 2561 776 2591 5.
