1815 3253
361 225 443 263 308
798 234 831 261 s.
868 234 1097 264 Aucusnm
1130 238 1310 265 Emscom

357 318 376 341 »
403 300 551 343 mitem
563 300 1001 359 meuminvestigasti.
1018 302 1169 354 »Quid
1180 311 1259 358 est,
1278 321 1296 344 «
1316 302 1521 347 Semitam
1534 307 1700 349 meam?
1717 323 1736 348 »
1777 319 1780 322 ’

352 373 447 423 Qua
475 369 695 430 profectus
733 387 845 415 sum.
870 371 987 424 Quid
1003 381 1096 428 est,
1125 392 1146 415 «
1171 374 1374 418 Limitem
1396 377 1571 418 meum?
1596 394 1616 417 υ
1642 378 1740 429 Quo

354 456 492 500 usque
515 441 707 500 perveni.
739 460 759 483 «
787 442 992 486 Semitam
1017 458 1158 487 meam
1181 452 1224 487 et
1239 442 1422 488 limitem
1439 459 1585 488 meum
1605 445 1743 490 inves-

357 529 377 553 »
413 512 570 570 tigasti.
598 530 618 553 »
645 513 785 556 Limes
800 528 921 557 meus
950 512 1023 557 ille
1058 512 1325 574 longinquus
1343 550 1354 570 ,
1392 530 1482 560 non
1509 515 1592 559 fuit
1613 514 1742 574 longe

353 582 409 626 ab
426 583 562 627 oculis
592 583 692 627 tuis.
717 583 909 627 Multum
930 584 1087 640 ieram,
1113 593 1156 628 et
1190 594 1239 629 tu
1274 587 1335 630 ibi
1357 602 1464 631 eras.
1490 604 1510 628 «
1537 587 1740 632 Semitam

356 670 376 695 »
412 668 553 697 meam
571 662 615 696 et
629 652 812 698 limitem
832 669 978 698 meum
994 654 1273 714 investigasti.
1296 675 1316 698 »

410 726 487 767 VI.
513 726 571 767 Et
589 738 738 767 omnes
762 724 853 768 vias
876 739 993 769 meas
1030 725 1264 785 praevidisti
1282 729 1312 770 ¹.
1341 745 1362 769 »
1383 729 1480 773 Non
1501 727 1635 783 dixit,
1674 727 1740 773 vi-

350 793 450 838 disti
470 814 480 852 3
502 793 577 838 sed
595 829 605 848 ‚
636 812 656 836 «
681 792 937 839 Praevidisti.
959 812 980 836 »
997 798 1248 857 Antequam
1261 813 1331 842 eas
1349 798 1455 842 irem
1473 833 1483 853 ,
1505 807 1738 858 antequam

347 881 417 909 eas
437 864 729 920 ambularem,
755 864 990 924 praevidisti
1011 882 1081 911 eas
1112 886 1121 911 :
1142 876 1184 912 et
1201 869 1426 928 permisisti
1445 884 1514 912 me
1528 868 1736 913 inlabore

347 935 409 979 ire
425 935 513 980 vias
530 951 646 981 meas
661 970 672 991 ‚
697 943 748 980 ut
767 936 802 980 si
824 935 988 981 nollem
1004 937 1199 982 laborare
1217 974 1228 994 ,
1250 938 1432 983 redirem
1451 939 1496 982 in
1518 939 1606 983 vias
1622 947 1731 983 tuas,
1792 995 1793 1001 ἵ

351 1025 372 1048 «
406 1007 620 1059 Quoniam
643 1023 733 1051 non
752 1015 816 1050 est
838 1006 964 1051 dolus
985 1007 1031 1051 in
1048 1007 1198 1067 lingua
1219 1024 1328 1053 mea.
1354 1027 1374 1051 »
1401 1013 1540 1062 Quare
1565 1010 1648 1053 hoc
1668 1008 1735 1053 di-
1790 1004 1809 1067 ρξ’

346 1076 437 1120 xit?
455 1077 564 1129 Quia
587 1092 684 1121 ecce
697 1075 835 1121 fateor
854 1077 931 1121 tibi
946 1111 957 1132 ,
978 1077 1198 1122 ambulavi
1211 1078 1406 1122 semitam
1422 1093 1577 1133 meam,
1594 1077 1734 1123 factus
1790 1073 1791 1078 ¹

345 1162 442 1191 sum
458 1146 723 1207 longinquus
746 1163 770 1191 a
792 1156 835 1191 tc
857 1167 867 1205 3
892 1147 1063 1192 discessi
1085 1164 1109 1192 a
1130 1157 1196 1204 te,
1235 1164 1334 1193 cum
1364 1164 1452 1209 quo
1484 1148 1589 1192 mihi
1620 1148 1732 1193 bene
1788 1147 1791 1158 ³

346 1227 462 1273 erat,
490 1227 532 1261 et
567 1218 686 1262 bono
719 1233 816 1261 meo
838 1217 951 1261 male
974 1218 1082 1262 mihi
1108 1217 1194 1261 fuit
1222 1219 1312 1262 sine
1337 1229 1394 1263 te.
1430 1221 1538 1263 Nam
1562 1218 1596 1261 si
1625 1218 1732 1262 mihi
1786 1251 1787 1254 ,

343 1289 456 1332 bene
478 1297 586 1332 esset
607 1288 697 1331 sine
715 1297 773 1343 te,
794 1287 958 1332 nollem
974 1287 1158 1332 forsitan
1180 1288 1320 1332 redire
1351 1289 1406 1333 ad
1430 1298 1486 1332 te.
1513 1292 1629 1347 Ergo
1650 1288 1730 1333 iste

342 1359 503 1404 confite
488 1375 554 1404 ns
577 1368 754 1419 peccata
773 1375 872 1414 sua,
899 1358 1049 1403 dicens
1071 1375 1227 1419 corpus
1249 1360 1409 1405 Christi
1421 1360 1726 1437 justificatum,

341 1446 432 1474 non
453 1428 499 1474 in
521 1445 591 1486 se,
627 1428 734 1474 sed
724 1446 769 1473 ln
790 1428 904 1473 illius
927 1429 1086 1488 gratia,
1112 1430 1247 1486 dixit,
1276 1449 1296 1472 «
1321 1431 1419 1476 Non
1441 1439 1505 1474 cst
1526 1429 1652 1475 dolus
1680 1431 1726 1475 in
1772 1463 1776 1484 ,

344 1519 365 1542 »
398 1500 547 1559 lingua
564 1516 676 1545 mea.
704 1519 725 1542 »

398 1574 498 1615 VII.
524 1591 544 1614 «
564 1575 678 1617 Ecce
696 1581 768 1627 tu,
794 1571 994 1627 Domine,
1010 1571 1248 1630 cognovisti
1271 1571 1413 1616 omnia
1434 1571 1664 1616 novissima
1684 1580 1728 1616 et

343 1661 364 1685 »
399 1643 612 1703 antiqu-(12.
636 1635 661 1684 'n
688 1643 939 1700 Cognovisti
960 1642 1190 1687 novissima
1211 1657 1308 1686 mea
1324 1677 1335 1697 ,
1361 1643 1539 1702 quando
1572 1658 1726 1702 porcos

337 1713 436 1772 pavi
462 1732 471 1757 ε
492 1713 734 1772 cognovisti
749 1713 929 1773 antiqua
948 1727 1044 1757 mea
1059 1747 1070 1767 ,
1096 1711 1274 1772 quando
1297 1728 1320 1756 a
1346 1721 1385 1756 te
1411 1721 1578 1772 partem
1596 1713 1724 1757 snbs-

338 1784 487 1827 tantiae
511 1798 618 1826 meae
633 1782 836 1842 expetivi.
857 1782 1050 1842 Antiqua
1066 1782 1174 1826 mihi
1190 1781 1373 1826 fuerunt
1389 1782 1561 1827 exordia
1584 1783 1724 1828 malo-

338 1870 436 1898 rum
458 1854 806 1899 novissimorum.
834 1854 1078 1913 Antiquam
1110 1862 1358 1912 peccatum,
1400 1852 1577 1914 quando
1613 1853 1724 1913 lapsi

337 1940 486 1970 sumus
508 1944 516 1969 :
538 1924 765 1969 novissima
784 1939 915 1983 poena
931 1957 942 1979 ,
975 1924 1154 1984 quando
1185 1923 1231 1967 in
1257 1924 1384 1968 istam
1416 1923 1723 1968 mortalitatem
1777 1958 1780 1966 .

335 1995 594 2040 laboriosam
609 1993 1015 2054 periculosamque
1000 1993 1292 2038 velvenimus.
1307 1996 1452 2053 Atque
1466 1993 1634 2037 utinam
1647 2009 1723 2038 no-

333 2068 399 2111 bis
421 2067 501 2111 ista
523 2066 577 2110 sit
606 2065 851 2110 novissima.
880 2066 975 2109 Erit
1007 2065 1087 2109 ista
1122 2064 1374 2118 novissima,
1397 2065 1431 2108 si
1461 2065 1553 2124 jam
1582 2064 1722 2109 lediic

332 2137 614 2183 voluerimus.
641 2139 718 2180 Est
739 2136 854 2180 enim
883 2135 965 2180 alia
999 2134 1302 2195 quibusdam
1293 2135 1435 2194 lmpiis
1457 2135 1714 2191 novissima,

332 2208 490 2269 quibus
509 2207 706 2262 dicetur,
735 2225 755 2248 «
780 2208 845 2249 Ite
877 2206 921 2249 in
943 2206 1087 2264 ignem
1116 2214 1329 2249 aeternum
1353 2205 1430 2266 qui
1451 2215 1719 2265 praeparatus

331 2288 395 2323 cst
416 2279 471 2322 d1
463 2277 590 2322 rholo
622 2285 665 2321 et
691 2275 854 2335 angelis
887 2276 976 2335 ejus
995 2277 1027 2318 ²³.
1057 2293 1076 2316 »
1107 2278 1194 2319 Nos
1225 2284 1400 2331 autem,
1431 2274 1605 2330 fr,atres
1632 2277 1719 2319 huc

329 2365 467 2409 usquc
484 2310 772 2392 deseruimus²>
774 2349 943 2390 Deum:
968 2361 1108 2406 usque
1131 2345 1186 2389 ad
1206 2346 1334 2404 hujus
1357 2346 1456 2389 vitae
1478 2345 1742 2390 mortalita-

329 2431 418 2464 ·tcm
440 2418 626 2463 sufficiat
647 2417 772 2461 labor
793 2426 951 2460 noster.
979 2415 1276 2460 Recordemur
1289 2430 1444 2474 panem
1464 2416 1597 2459 Patris
1616 2431 1716 2460 nos-

327 2491 403 2544 tri,
441 2488 678 2533 recolamus
708 2486 1026 2531 beatitudinem
1060 2486 1217 2531 domus
1244 2486 1376 2544 patris
1409 2486 1543 2530 nostri
1577 2506 1585 2530 ;
1622 2502 1712 2531 non

377 2581 384 2596 ¹
407 2574 486 2606 Psal.
507 2572 706 2614 cxxxv111,4.
727 2588 768 2594 —
787 2578 799 2594 ²
818 2571 900 2604 Ibid.
921 2570 953 2604 5.
977 2587 1019 2593 —
1037 2568 1050 2594 3
1069 2572 1180 2603 Matth.
1203 2570 1256 2602 25.
1279 2569 1334 2611 41.

1766 2147 1807 2213 'll'

1780 2189 1807 2249 l

1742 2560 1745 2613 ἶ

1737 2615 1743 2736 ἕ

1735 2776 1738 2813 1

1733 2835 1736 2898 ἲ
