1815 3253
375 219 458 257 366
797 228 831 256 5.
867 228 1099 257 Aucusnm
1131 231 1313 257 Emscom

371 296 592 339 hominem
609 329 620 349 ‚
645 294 800 339 dicunt
816 330 826 348 ‚
852 294 922 338 vel
944 294 1086 338 stellas
1108 295 1350 354 composuit
1373 329 1384 349 ,
1409 294 1479 338 vel
1512 311 1577 339 res
1598 296 1774 341 huma-⁴

370 381 446 409 nas
469 364 665 424 negligit.
688 364 968 408 Defensiones
986 374 1088 408 sunt
1105 364 1341 408 electorum
1356 365 1516 408 saeculi.
1537 365 1622 410 Sed
1638 365 1754 410 dicat

370 437 617 480 membrum
636 436 817 490 Christi,
842 436 958 479 dicat
979 451 1136 495 corpus
1153 436 1338 490 Christi,
1361 435 1476 480 dicat
1490 437 1685 481 Christus
1702 453 1753 481 ex

369 522 552 566 persona
569 506 759 565 corporis
780 506 847 549 sui
866 540 877 560 ,
906 525 927 547 a
946 508 1044 551 Non
1066 504 1256 550 declines
1275 522 1349 550 cor
1372 521 1519 550 meum
1546 507 1591 550 in
1619 507 1752 551 verba

372 596 392 619 »
427 577 615 635 maligna
630 612 641 632 ,
662 578 717 621 ad
738 576 998 621 excusandas
1021 576 1317 621 excusationes
1338 578 1383 620 in
1407 577 1592 636 peccatis
1609 612 1619 632 ,
1650 593 1753 622 cum

370 666 390 690 ³)
427 648 677 698 hominibus
695 647 974 707 operantibus
994 647 1270 707 iniquitatem
1284 683 1299 703 ,
1322 657 1366 691 et
1383 663 1473 692 non
1487 648 1751 693 combinabo

371 736 392 759 »
427 733 528 761 cum
545 717 690 761 electis
713 733 880 761 eorum.
909 734 929 758 »

424 791 482 832 X.
516 787 658 832 Nostis
690 787 842 831 fratres
858 820 869 839 ,
915 786 1036 846 quod
1074 802 1164 831 non
1197 796 1262 832 est
1295 786 1717 846 praetermittendum
1735 822 1748 843 ,

366 857 488 917 quasi
514 858 680 917 justos,
704 857 1007 900 eminentiores
1029 856 1075 900 in
1108 872 1152 900 se
1176 866 1372 901 tenentes
1409 855 1528 901 velut
1559 857 1750 916 primum

365 927 547 985 gradum
557 927 757 984 justitiae,
776 925 947 970 Electos
965 927 1110 971 vocari
1132 926 1249 986 apud
1270 927 1547 972 Manichaeos.
1571 927 1653 980 Qui
1673 942 1752 971 no-

364 1007 521 1043 verunt
543 1005 875 1055 recognoscant,
899 997 976 1056 qui
993 992 1245 1041 nesciebant
1268 996 1463 1041 audiant.
1489 996 1629 1041 Electi
1650 997 1750 1056 qui-

363 1068 464 1114 dem
487 1068 562 1113 Dei
585 1077 686 1112 sunt
700 1082 849 1112 omnes
862 1069 1021 1122 sancti,
1037 1077 1080 1111 et
1094 1068 1306 1112 habemus
1318 1068 1401 1112 hoc
1420 1068 1466 1111 in
1486 1067 1745 1127 Scripturis:

366 1139 450 1184 Sed
472 1147 736 1198 usurparunt
753 1137 834 1180 sibi
850 1137 961 1181 illud
979 1153 1139 1182 nomen
1153 1173 1165 1193 ,
1186 1147 1229 1182 et
1252 1139 1374 1198 quasi
1392 1136 1645 1182 familiarius
1667 1137 1748 1181 sibi

364 1209 716 1268 applicaverunt,
739 1216 789 1251 ut
820 1216 1029 1267 tanquam
1054 1209 1225 1266 proprie
1243 1209 1333 1267 jam
1360 1207 1500 1252 Electi
1523 1206 1748 1266 appellen-

362 1281 479 1323 tur¹.
516 1279 596 1331 Qui
628 1286 730 1321 sunt
761 1276 831 1319 isti
863 1277 1025 1320 Electi?
1047 1277 1224 1329 Quibus
1242 1278 1275 1320 si
1304 1277 1480 1332 dixeris,
1524 1277 1713 1321 Peccasti
1734 1296 1755 1338 ε,

298 1368 301 1370 ’
361 1349 507 1393 statim
528 1347 647 1391 illam
670 1344 966 1390 defensionem
988 1346 1166 1405 impiam
1190 1355 1233 1389 et
1254 1348 1447 1406 pejorem
1469 1347 1634 1391 caeteris
1656 1362 1749 1390 ma-

364 1420 515 1479 gisque
533 1416 782 1476 sacrilegam
805 1414 1059 1475 proferunt,
1085 1418 1184 1461 Non
1208 1430 1288 1473 ego
1312 1417 1484 1475 peccavi
1500 1452 1511 1471 ,
1547 1417 1621 1460 sed
1644 1431 1747 1474 gens

363 1491 657 1535 tenebrarum.
684 1491 792 1540 Quae
809 1496 870 1530 est
891 1488 970 1531 ista
993 1502 1096 1546 gens
1119 1487 1428 1531 tenebrarum?
1450 1490 1557 1540 Quae
1582 1486 1746 1531 bellum

364 1561 490 1619 gessit
511 1575 611 1604 cum
631 1562 734 1602 Deo.
756 1560 812 1601 Et
833 1557 922 1616 ipsa
937 1566 1087 1616 peccat
1101 1592 1111 1611 ,
1138 1572 1238 1600 cum
1259 1566 1307 1601 tu
1332 1559 1509 1616 peccas?
1528 1560 1625 1616 Ipsa
1639 1592 1649 1612 ,
1679 1558 1747 1600 in-

361 1633 479 1692 quit,
505 1631 606 1691 quia
628 1627 884 1673 commixtus
905 1641 1001 1670 sum
1020 1626 1096 1669 illi.
1118 1629 1231 1671 Deus
1248 1627 1362 1670 enim
1386 1628 1462 1687 qui
1484 1636 1526 1670 te
1543 1627 1746 1671 commis-

361 1704 478 1757 cuit,
504 1700 611 1762 quid
643 1699 815 1743 timuit?
842 1700 935 1742 Hoc
957 1698 1073 1741 enim
1097 1696 1248 1741 dicunt
1263 1733 1277 1753 ,
1303 1699 1424 1758 quod
1458 1697 1531 1742 illa
1554 1713 1657 1756 gens
1685 1707 1744 1742 te-

361 1773 598 1817 nebrarum
616 1767 889 1813 rebellaverit
899 1767 1102 1810 adversus
1119 1770 1254 1810 Deum
1267 1802 1277 1821 ,
1299 1776 1532 1827 antequam
1549 1767 1741 1812 mundus

361 1846 507 1900 fieret,
527 1851 569 1885 et
590 1839 662 1884 ille
685 1853 839 1883 cavens
858 1853 911 1880 ne
934 1853 1065 1896 regna
1089 1838 1179 1897 ejus
1200 1837 1297 1881 loco
1319 1836 1575 1882 adveniente
1595 1837 1742 1882 hostili

360 1915 528 1974 impetu
543 1919 838 1963 vastarentur,
864 1908 978 1952 misit
991 1909 1076 1952 huc
1098 1908 1290 1951 membra
1316 1924 1391 1951 sua
1411 1943 1422 1962 ,
1456 1909 1742 1952 substantiam

359 2001 502 2039 suam,
515 1985 598 2027 hoc
615 1981 759 2042 quod
750 1995 840 2039 ipse
858 1989 936 2036 est·
952 1979 987 2022 si
1001 1995 1180 2033 aurum,
1205 1994 1384 2035 aurum,
1401 1980 1435 2022 si
1455 1979 1546 2031 lux,
1571 1979 1737 2023 lucem:

359 2054 575 2118 quidquid
594 2051 705 2097 illud
719 2061 802 2105 est,
823 2051 907 2094 hoc
929 2050 1070 2103 misit,
1091 2059 1134 2093 et
1156 2049 1328 2092 miscuit
1348 2013 1580 2092 visceribus
1602 2050 1739 2106 gentis

357 2126 657 2175 tenebrarum,
678 2120 849 2172 dicunt,
876 2128 917 2161 et
947 2118 1174 2168 labricavit
1192 2116 1293 2160 inde
1314 2118 1544 2161 mundum.
1582 2121 1639 2162 Et
1660 2134 1740 2162 nos

360 2197 536 2247 animae,
559 2192 786 2251 inquiunt,
807 2188 892 2231 de
882 2188 996 2250 ipsis
1011 2186 1214 2230 membris
1238 2187 1314 2230 Dei
1339 2203 1522 2232 sumus:
1547 2187 1622 2232 sed
1644 2203 1743 2247 pie-

359 2267 518 2310 mimur
533 2263 604 2306 hic
625 2258 859 2305 visceribus
873 2257 1008 2314 gentis
1031 2257 1309 2300 tenebiarum
1325 2257 1623 2317 ‚etquidquid
1639 2274 1738 2317 pec-

357 2351 455 2380 care
476 2333 683 2427 dicimur,
705 2328 776 2373 illa
803 2343 905 2386 gens
924 2335 1087 2386 peccat.
1118 2329 1169 2370 Se
1187 2326 1364 2386 quidem
1387 2327 1592 2371 videntu1
1604 2344 1737 2405 excu-
1760 2326 1776 2377 ’.

1798 1840 1814 1874 tu

405 2553 694 2593 =Matth.xx,16.
1737 2553 1746 2756 Ι
1783 2549 1814 2583 qgs
