1815 3253
347 206 432 244 202
779 213 814 244 s.
849 213 1080 246 Avensa-nn
1111 219 1293 247 Emscom

344 280 504 324 inferas
519 315 530 334 ‚
559 299 579 323 «
605 281 829 326 Sedebunt
849 283 894 325 in
918 291 1127 327 aeternum
1151 298 1279 343 super
1300 283 1445 327 sedem
1471 292 1612 338 tuam,
1633 300 1654 325 »
1675 284 1720 330 id

345 359 430 404 est,
461 359 504 394 et
525 351 599 394 filii
621 352 685 395 tui
726 361 769 395 et
789 351 865 395 filii
887 367 1037 396 eorum
1054 387 1065 407 ,
1090 353 1165 397 sed
1195 368 1343 398 omnes
1365 353 1399 396 si
1421 353 1715 398 custodierint.

346 420 459 473 Quid
479 435 579 478 ergo
596 421 631 465 si
647 437 735 466 non
753 421 1064 466 custodierint?
1085 424 1211 482 periit
1228 423 1451 482 promissio
1472 424 1573 466 Dei?
1590 425 1687 468 Non
1705 441 1716 469 :

345 490 420 534 scd
441 490 539 535 ideo
562 493 727 536 dictum
749 501 826 546 est,
847 502 890 536 et
911 492 1008 537 ideo
1026 494 1282 552 promissum
1296 503 1358 537 est
1373 529 1383 548 ‚
1403 493 1505 553 quia
1521 494 1722 552 praevidit

345 563 459 604 Deus
477 580 485 605 ε
503 562 607 621 quid
620 598 630 616 ‚
645 563 725 606 nisi
739 562 1003 607 credituros?
1019 563 1102 608 Sed
1115 578 1170 606 ne
1183 563 1336 623 aliquis
1351 563 1472 623 quasi
1485 563 1721 607 minaretur

344 631 561 689 promissis
585 632 686 687 Dei,
712 641 755 676 et
772 634 816 675 in
833 642 1046 691 potestate
1063 648 1138 677 sua
1154 633 1284 678 vellet
1298 648 1458 691 ponere
1480 631 1600 692 quod
1622 647 1722 692 pro·
1774 631 1777 651 ²

343 701 459 744 misit
481 704 593 745 Deus
623 710 673 745 ut
709 702 985 761 impleretur3
1023 702 1121 747 ideo
1148 712 1191 746 et
1231 721 1251 744 «
1278 703 1448 746 Juravit
1471 720 1491 742 n
1518 702 1638 746 dixit.
1669 705 1721 746 In

343 786 433 829 quo
466 771 680 826 ostendit,
716 772 817 831 quia
849 772 939 816 sine
973 772 1109 817 dubio
1130 781 1364 817 venturum
1386 780 1463 815 est.
1495 771 1722 824 Quomodo

343 857 446 899 ergo
463 841 607 900 posuit
637 841 698 885 ibi
718 877 729 896 ‚
767 861 788 884 «
815 841 857 886 Si
886 843 1198 887 custodierint?
1219 861 1238 884 >³
1265 845 1327 887 Ne
1342 842 1432 901 jam
1455 841 1646 900 glorieris
1666 842 1738 886 de*

342 911 558 971 promissis
578 946 589 966 ,
614 920 657 955 et
679 910 868 956 dimittas
890 921 932 956 te
954 928 1043 956 non
1081 912 1312 957 custodire.
1347 915 1469 955 Tunc
1501 913 1582 955 eris
1608 910 1721 955 filius

342 980 481 1025 David
501 1015 512 1035 ‚
533 981 566 1025 si
588 980 840 1025 custodieris
858 1001 867 1026 ι
882 982 916 1026 si
930 991 1076 1026 autem
1093 998 1182 1026 non
1196 1017 1206 1036 ‚
1223 997 1313 1026 non
1336 981 1416 1025 eris
1434 980 1548 1025 filius
1565 980 1715 1026 David.

342 1050 460 1094 Filiis
482 1050 619 1095 David
640 1052 837 1110 promisit
853 1055 981 1095 Deus.
1002 1051 1100 1097 Noli
1121 1052 1279 1106 dicere,
1302 1051 1436 1095 Filius
1448 1066 1544 1095 sum
1565 1050 1717 1106 David,
1769 1068 1771 1098 ᾗ
1796 1070 1797 1076 ’

341 1120 374 1164 si
397 1120 645 1178 degeneras.
670 1121 711 1166 Si
727 1124 751 1165 J
756 1120 869 1165 udaei
890 1120 1000 1165 illud
1017 1137 1106 1165 non
1128 1122 1280 1165 dicunt
1296 1156 1307 1176 ,
1323 1120 1466 1180 quide
1487 1121 1576 1180 ipsa
1590 1121 1720 1180 stirpe
1768 1153 1770 1177 ;
1814 1163 1815 1166 ,

341 1191 431 1234 nati
453 1200 555 1234 sunt
581 1192 727 1249 :(imo
750 1191 903 1235 dicunt
930 1191 1042 1235 illud
1057 1226 1068 1245 ‚
1096 1190 1170 1234 sed
1194 1190 1394 1235 delirant.
1423 1194 1583 1249 Aperte
1604 1191 1717 1234 enim

341 1260 550 1304 Dominus
567 1261 626 1304 ait
638 1295 649 1315 ‚
670 1279 690 1302 «
706 1261 748 1305 Si
764 1261 842 1304 filii
858 1261 1046 1310 Abrahae
1061 1261 1161 1307 ,estis
1173 1296 1183 1316 ‚
1200 1259 1310 1305 facta
1327 1261 1511 1304 Abrahae
1524 1259 1716 1304 facite1.»

341 1328 450 1373 Inde
470 1329 566 1373 illos
598 1331 770 1389 negavit
791 1329 920 1385 filios,
958 1332 1060 1390 quia
1092 1329 1205 1374 facta
1238 1346 1326 1375 non
1354 1330 1621 1388 faciebant.)
1642 1345 1720 1374 nos

338 1399 562 1459 quomodo
580 1415 657 1443 nos
675 1399 858 1444 dicimus
880 1400 991 1444 filios
1015 1400 1175 1455 David,
1198 1401 1274 1460 qui
1295 1401 1349 1444 de
1371 1402 1463 1460 ejus
1483 1401 1614 1460 stirpe
1631 1416 1720 1444 non

339 1485 484 1513 sumus
510 1471 749 1514 secundum
771 1473 977 1516 carnem?
998 1474 1148 1515 Restat
1169 1479 1219 1514 ut
1244 1471 1321 1514 filii
1347 1486 1435 1515 non
1458 1472 1613 1525 simus,
1638 1470 1720 1515 nisi
1784 1491 1815 1526 ,ην

339 1540 549 1584 imitando
573 1540 704 1584 fidem
721 1576 732 1595 ‚
757 1541 836 1585 nisi
868 1541 1052 1585 colendo
1075 1544 1214 1585 Deum
1230 1576 1241 1595 ‚
1272 1541 1382 1585 sicut
1409 1540 1483 1584 ille
1503 1540 1650 1584 coluit.
1677 1541 1720 1585 Si
1762 1579 1764 1587 ,

339 1625 441 1668 ergo
463 1611 582 1669 quod
600 1611 679 1654 tibi
701 1627 777 1670 per
798 1612 974 1670 stirpem
997 1627 1086 1655 non
1108 1626 1251 1670 speras
1267 1646 1278 1666 ‚
1302 1626 1380 1670 per
1402 1609 1515 1654 facta
1538 1626 1629 1655 non
1658 1612 1719 1654 vis

338 1683 526 1741 assequi3
551 1681 773 1741 quomodo
800 1682 846 1725 in
868 1691 910 1725 te
940 1682 1253 1742 complebitur,
1282 1682 1383 1741 quia
1401 1681 1570 1725 sedebis
1591 1696 1718 1741 super

337 1751 483 1795 sedem
507 1752 668 1796 David?
682 1753 773 1797 Etsi
795 1769 885 1797 non
904 1754 949 1796 in
973 1762 1013 1797 te
1034 1752 1326 1812 complebitur
1341 1787 1352 1807 ,
1368 1761 1495 1811 putas
1512 1753 1614 1812 quia
1629 1767 1718 1797 non
1760 1749 1762 1764 ²

337 1823 653 1883 complebitur?
667 1828 721 1868 Et
735 1824 957 1885 quomodo
973 1825 1140 1869 invenit
1152 1840 1245 1868 eam
1259 1824 1304 1867 in
1324 1823 1485 1882 campis
1502 1823 1718 1868 saltuum?

337 1896 394 1938 Et
407 1893 630 1954 quomodo
643 1904 856 1940 steterunt
874 1895 1003 1955 pedes
1021 1896 1138 1955 ejus?
1153 1894 1492 1954 Qualiscumque
1506 1909 1608 1954 ergo
1621 1893 1718 1938 fue-
1756 1925 1759 1950 Ξ
1798 1918 1801 1936 2

337 1965 393 2008 ris
413 1999 424 2017 ‚
443 1965 517 2008 illa
540 1965 695 2009 domus
717 1965 863 2009 stabit.

395 2038 516 2079 XXI.
546 2054 565 2077 «
586 2037 799 2088 Quoniam
824 2035 954 2094 elegit
976 2036 1186 2080 Dominus
1211 2035 1312 2080 Sion
1330 2070 1341 2090 ,
1374 2033 1597 2094 praeelegit
1621 2049 1716 2078 eam
1755 2099 1757 2103 Ι

340 2123 361 2145 »
396 2106 440 2148 in
462 2105 774 2149 habitationem
788 2105 910 2149 sibi2.
931 2124 950 2146 »
971 2105 1071 2149 Sion
1086 2140 1097 2159 ,
1117 2106 1208 2164 ipsa
1230 2104 1518 2155 estEcclesia,
1542 2106 1633 2164 ipsa
1654 2114 1717 2150 est

337 2183 380 2217 et
402 2174 475 2217 illa
496 2174 733 2218 Jerusalem
747 2210 756 2228 ‚
782 2175 837 2218 ad
860 2176 982 2234 cujus
1004 2190 1155 2233 pacem
1183 2176 1416 2229 currimus,
1443 2190 1542 2234 quae
1563 2190 1651 2218 non
1672 2175 1716 2218 in

336 2244 528 2303 Angelis,
553 2245 628 2289 sed
645 2245 689 2288 in
712 2245 836 2289 nobis
855 2246 1152 2304 peregrinatur
1169 2281 1180 2301 ‚
1205 2262 1305 2306 quae
1328 2262 1379 2290 ex
1400 2254 1522 2305 parte
1539 2244 1715 2289 meliore.

335 2325 534 2374 expectat
546 2325 713 2375 partem
731 2315 966 2360 redituram
983 2335 991 2361 z
1009 2317 1127 2361 unde
1149 2318 1274 2361 nobis
1291 2318 1464 2361 Litterae
1482 2326 1711 2372 venerunt,

336 2402 435 2446 quae
458 2387 653 2446 quotidie
671 2388 919 2432 recitantur.
942 2391 1039 2447 Ipsa
1060 2388 1225 2444 civitas,
1246 2390 1337 2448 ipsa
1352 2398 1415 2433 est
1439 2390 1541 2434 Sion
1555 2423 1567 2444 ‚
1583 2401 1713 2448 quam

335 2456 558 2515 praeelegit
579 2457 803 2502 Dominus.

384 2546 393 2563 ¹
413 2542 508 2574 Joan.
526 2552 594 2583 vui,
621 2540 733 2584 3952—-
751 2548 764 2565 ²
779 2540 860 2573 Psal.
879 2552 984 2583 cxxxi,
1008 2542 1058 2574 13.
