1815 3253
362 175 446 215 146
800 182 835 212 s.
870 181 1099 215 Auctisnm
1130 186 1313 214 EPISCOPI

357 250 466 312 quid
497 249 834 310 praetermissum
863 252 951 295 est?
972 250 1174 296 Laudant
1200 250 1323 306 coeli,
1353 248 1535 294 laudant
1557 249 1732 308 Angeb,

355 321 538 366 laudant
553 319 692 364 sidera
708 354 719 375 ,
738 318 921 364 laudant
942 320 1065 366 solet
1085 321 1212 376 luna,
1244 319 1426 365 landant
1448 319 1537 365 dies
1558 329 1601 364 et
1627 336 1737 365 noc-
1792 343 1794 358 ε

357 400 420 438 tes
434 393 470 449 ¹,
488 390 670 435 laudant
682 389 899 451 quidquid
916 391 1129 448 germinat
1141 390 1196 435 de
1213 402 1340 446 terra,
1355 389 1505 434 laudat
1521 389 1738 451 quidquid

356 471 478 507 natat
498 462 544 505 in
567 461 673 508 mari
687 497 702 517 ,
727 460 876 505 laudat
908 460 1125 521 quidquid
1153 461 1305 506 volitat
1330 464 1375 505 in
1404 477 1525 516 aere,
1555 460 1746 511 laudant¹

355 547 503 576 omnes
526 541 693 576 montes
706 540 750 576 et
769 530 922 587 colles,
946 530 1127 576 laudant
1160 530 1322 591 frigora
1343 539 1387 575 et
1409 540 1565 586 aestus,
1589 540 1633 575 et
1653 546 1746 580 cae—y

353 613 445 647 tera
465 602 610 648 omnia
633 618 733 662 quae
747 604 862 647 Deus
877 600 1003 658 fecit,
1025 601 1203 647 audistis
1227 603 1328 663 quia
1349 601 1532 646 laudant
1559 605 1699 646 Deum
1723 619 1733 646 z

353 673 570 733 numquid
584 672 762 718 audistis
776 673 838 716 ibi
849 672 950 732 quia
965 672 1118 717 laudat
1139 676 1279 717 Deum
1302 672 1502 727 avaritia,
1526 673 1628 732 quia
1643 671 1748 717 lau--

354 743 429 788 dat
449 747 589 788 Deum
617 744 816 788 luxuria?
847 746 945 790 Non
978 743 1160 788 laudant
1180 744 1281 799 ista,
1321 743 1421 803 quia
1443 758 1533 788 non
1553 742 1643 802 ipse
1665 743 1742 791 illa

353 812 469 857 fecit.
499 812 702 857 Laudant
739 812 801 856 ibi
823 813 1021 858 homines
1045 816 1187 859 Deum
1213 832 1223 858 2
1257 812 1443 858 hominis
1479 822 1648 858 creator
1675 821 1743 858 est

352 886 482 928 Deus.
507 882 698 928 Avaritia
713 898 820 942 opus
842 891 906 928 est
926 882 1028 927 mali
1050 883 1262 941 hominis3
1281 884 1414 928 horno
1430 883 1521 942 ipse
1543 898 1652 942 opus
1674 891 1742 927 est

354 953 447 997 Dei.
473 955 530 997 Et
550 952 658 1013 quid
681 951 777 997 vult
798 953 937 996 Deus?
958 953 1167 999 Occidere
1188 953 1235 998 in
1258 962 1299 997 te
1320 953 1443 1013 quod
1465 952 1555 1012 ipse
1574 950 1735 1008 fecisti,

353 1030 397 1066 et
418 1021 584 1067 salvare
607 1021 729 1082 quod
747 1023 838 1081 ipse
861 1021 980 1068 fecit.

408 1094 485 1137 VI.
515 1090 614 1137 Noli
641 1089 872 1135 foenerare.
903 1094 968 1136 Tu
1001 1106 1175 1137 accusas
1204 1093 1472 1151 Scripturam
1494 1091 1736 1146 dicentem,

354 1371 543 1416 foenerat
568 1390 578 1416 ι
602 1372 678 1416 sed
698 1372 731 1416 si
748 1371 958 1427 foenerat,
983 1370 1051 1416 fac
1069 1373 1173 1432 quia
1194 1381 1237 1416 et
1253 1373 1343 1432 ipse
1365 1371 1579 1430 foenerat3
1607 1362 1768 1431 num-,i

352 1442 460 1502 quid
493 1441 680 1486 foenerat
701 1442 778 1502 qui
798 1457 875 1501 per
902 1442 1044 1502 ipsum
1074 1442 1296 1503 loquitur?
1322 1443 1365 1487 Si
1397 1442 1502 1487 facit
1523 1441 1644 1503 quod
1661 1441 1750 1501 tibi:t
1790 1467 1791 1470 =

353 1511 485 1567 dicit,
511 1521 554 1556 et
588 1527 679 1556 non
701 1521 750 1556 tu
779 1511 909 1570 facis,
941 1522 989 1557 tu
1017 1513 1063 1556 in
1085 1513 1228 1571 ignem
1244 1515 1260 1539 3
1276 1548 1287 1568 ,
1312 1512 1384 1556 ille
1402 1513 1448 1558 in
1472 1527 1670 1570 regnum.
1698 1512 1741 1557 Si

353 1597 444 1627 non
459 1581 564 1626 facit
584 1581 706 1642 quod
728 1581 808 1625 tibi
826 1581 952 1636 dicit,
978 1591 1022 1626 et
1043 1583 1202 1642 pariter
1224 1582 1326 1626 facit
1345 1582 1457 1627 mala
1481 1599 1580 1642 quae
1602 1582 1707 1626 facis
1725 1605 1750 1641 ,ᾗ
1768 1633 1770 1639 Ι

353 1662 398 1697 et
418 1651 523 1697 dicit
544 1652 663 1696 bona
685 1668 783 1712 quae
805 1667 894 1696 non
908 1651 1013 1696 facit
1031 1673 1042 1710 3
1069 1653 1230 1712 pariter
1247 1653 1294 1696 in
1314 1654 1473 1711 ignem.
1503 1671 1524 1694 «
1551 1656 1741 1697 Foenum
1768 1711 1769 1714 Ἴ

358 1741 378 1764 »
413 1721 605 1777 ardebit,
629 1722 813 1766 verbum
831 1730 977 1766 autem
998 1723 1170 1766 Domini
1193 1731 1341 1766 manet
1362 1722 1408 1765 in
1434 1724 1687 1766 aeternum4.
1716 1739 1736 1763 »
1766 1773 1771 1779 .

356 1791 583 1852 Numquid
602 1791 727 1836 ardet
746 1807 886 1835 sermo
898 1826 909 1847 ‚
934 1791 1009 1852 qui
1027 1793 1105 1836 tibi
1123 1791 1338 1851 perillum
1359 1792 1531 1837 locutus
1547 1794 1634 1836 estiJ
1651 1795 1753 1841 Aut,

355 1865 526 1919 Moyses
553 1871 617 1906 est
639 1862 793 1922 quitibi
817 1861 1033 1922 loquitur,
1054 1862 1100 1906 id
1116 1872 1195 1917 est,
1221 1862 1364 1907 bonus
1383 1872 1426 1906 et
1441 1864 1585 1923 justus
1600 1861 1742 1907 famu·

353 1933 422 1977 lus
448 1932 546 1990 Dei3
571 1941 646 1976 aut
670 1932 908 1976 Pharisaeus
936 1942 1001 1976 est
1017 1932 1268 1980 cathedram
1289 1933 1429 1990 Moysi
1453 1933 1622 1976 sedens.
1641 1936 1753 1982 Au-‚

357 2002 456 2049 disti
471 2012 514 2047 et
536 2003 590 2047 de
611 2002 712 2061 ipsis
738 2021 747 2046 :
769 2005 910 2056 «Quae
932 2002 1086 2047 dicunt
1102 2003 1257 2060 facite3
1285 2019 1383 2063 quae
1406 2012 1552 2047 autem
1571 2003 1740 2049 faciunt

358 2092 380 2116 >³
414 2074 555 2118 facere
569 2073 744 2117 nolite⁵.
772 2090 793 2114 »
813 2075 911 2118 Non
933 2073 1066 2117 habes
1087 2082 1136 2117 tu
1159 2072 1274 2117 unde
1294 2083 1334 2118 te
1351 2089 1548 2129 excuses,
1564 2059 1760 2150 quando!

357 2159 497 2188 sermo
519 2142 598 2187 Dei
615 2143 695 2186 tibi
709 2142 918 2202 loquitur.
944 2143 1055 2196 Quia
1076 2158 1164 2187 non
1180 2151 1302 2202 potes
1317 2143 1561 2187 interficere
1575 2159 1742 2204 sermo-5

360 2229 463 2258 nem
479 2213 572 2268 Dei,
590 2212 808 2256 criminari
823 2213 979 2271 quaeris
993 2227 1064 2256 eos
1080 2228 1154 2271 per
1168 2228 1277 2272 quos
1297 2212 1493 2273 loquitur
1508 2213 1584 2256 tibi
1600 2227 1740 2258 sermo
1754 2153 1760 2271 i

357 2284 450 2329 Dei.
486 2286 642 2336 Quaere
671 2291 884 2342 quantum
908 2282 992 2336 vis,
1022 2283 1092 2326 dic
1119 2292 1335 2340 quantum
1364 2284 1447 2337 vis,
1488 2282 1765 2341 blaspliema===
1801 2302 1815 2330 se¹

357 2362 572 2414 quantum
585 2353 662 2397 vis.
692 2370 713 2394 «
735 2354 856 2411 Saepe
870 2360 1229 2410 expugnaverunt
1245 2366 1314 2395 me
1328 2367 1348 2395 a
1366 2352 1597 2410 juventute
1610 2367 1706 2396 mea
1726 2370 1736 2398 ε

363 2522 405 2529 -
426 2503 440 2529 5
458 2503 571 2537 Matth.
592 2514 679 2544 xxm,
699 2504 729 2535 3.
1752 2486 1755 2531 Ι
1814 2519 1815 2535 2
