1815 3253
318 150 401 187 232
756 159 789 186 s.
827 159 1055 188 AUGUSTlm
1089 161 1268 188 EPIScom

317 224 486 284 aliquis,
503 224 612 268 sicut
632 224 723 268 fieri
737 233 892 283 potest,
907 234 950 269 et
966 225 1092 269 valde
1110 235 1264 285 potest,
1277 225 1366 269 acie
1381 225 1534 268 mentis
1545 223 1696 267 fortior
1731 220 1733 222 ’

317 309 386 336 me
405 328 415 348 ,
437 302 480 336 et
501 293 745 337 contuitum
765 293 911 345 ¹cordis
927 294 992 337 sui
1008 293 1084 338 diu
1107 296 1199 354 figit
1224 296 1268 338 in
1291 310 1341 338 co
1358 294 1479 354 quod
1500 302 1562 337 cst
1578 313 1586 338 2
1604 292 1698 336 lau-

318 363 392 407 det
409 363 481 406 ille
502 372 550 407 ut
575 372 731 423 potest,
753 373 810 418 ct,
829 363 1052 424 quomodo
1070 380 1147 409 nos
1168 381 1255 409 non
1276 380 1517 424 possumus,
1533 363 1694 407 laudet.

317 434 483 478 Gratias
506 443 650 478 tamen
682 433 766 484 illi,
789 435 865 494 qui
887 436 931 478 in
954 435 1036 479 hoc
1063 435 1231 480 Psalmo
1254 435 1509 495 temperavit
1524 433 1699 477 laudem

314 520 435 548 suam
453 540 463 560 ‚
487 514 537 549 ut
555 514 597 548 et
614 506 839 549 firmorum
859 514 966 548 esset
984 514 1026 549 et
1047 504 1336 549 infirmorum.
1364 508 1474 550 Nam
1497 512 1540 547 et
1559 506 1604 546 in
1627 501 1701 547 illa

316 575 516 618 missione
549 575 657 618 servi
691 575 757 618 sui
793 575 934 632 Moysi
957 590 1057 618 cum
1089 574 1252 619 diceret
1279 595 1287 620 :
1321 594 1340 616 «
1372 577 1466 633 Ego
1494 588 1590 617 sum
1626 572 1702 632 qui

319 663 339 686 »
375 660 472 688 sum
499 664 507 689 :
536 663 556 686 »
582 655 646 700 et,
680 663 700 687 «
726 646 849 689 Dices
873 644 971 688 filiis
1001 644 1133 688 Isra'cl
1152 679 1163 700 ‚
1190 645 1271 698 Qui
1294 654 1383 698 est,
1418 643 1533 687 misit
1554 658 1624 686 me
1647 642 1702 686 ad

320 733 339 756 »
375 717 479 759 vos1
509 735 517 759 :
546 733 566 756 »
593 715 695 774 quia
722 715 865 774 ipsum
893 715 1068 774 proprie
1090 730 1177 758 esse
1200 715 1336 758 menti
1359 715 1562 757 humanae
1584 712 1702 756 diffi-

317 785 398 841 cile
418 794 510 829 erat
536 801 690 844 capere
704 820 714 840 ‚
741 794 783 829 et
805 785 1060 829 mittebatur
1081 787 1212 829 homo
1235 785 1290 829 ad
1312 784 1533 839 homines,
1555 797 1703 843 quam-

317 855 379 899 vis
410 870 501 898 non
525 854 580 898 ab
618 855 828 913 homine3
859 855 1068 899 continuo
1100 858 1211 899 Deus
1243 854 1499 913 temperavit
1530 853 1704 896 laudem

317 940 438 968 suam
458 959 468 980 ,
503 933 545 967 et
566 925 649 968 hoc
674 925 729 967 de
751 940 794 968 se
819 924 928 968 dixit
955 924 1076 984 quod
1098 925 1192 984 capi
1211 923 1396 968 dulciter
1417 931 1560 983 posset
1587 942 1595 967 :
1617 937 1704 966 non

316 996 361 1038 in
390 1011 441 1039 eo
466 994 609 1039 voluit
633 1011 855 1039 remanere
877 996 998 1055 quod
1019 995 1312 1049 laudabatur,
1337 1011 1424 1055 quo
1447 1009 1535 1037 non
1563 1000 1706 1052 posset

316 1067 518 1112 laudator
540 1068 765 1126 attingere.
791 1087 811 1109 «
836 1068 981 1122 Vade,
1006 1068 1147 1128 inquit
1163 1104 1174 1123 ,
1201 1068 1270 1112 dic
1288 1067 1384 1111 filiis
1405 1065 1534 1110 Israel
1556 1086 1564 1110 2
1591 1069 1705 1110 Deus
1760 1089 1762 1096 ·

320 1158 340 1180 n
377 1139 597 1183 Abraham
616 1148 659 1182 et
680 1142 793 1182 Deus
816 1141 933 1183 Isaac
955 1148 998 1182 et
1020 1142 1132 1183 Deus
1155 1138 1291 1182 Jacob
1313 1138 1427 1181 misit
1442 1151 1509 1180 ine
1531 1136 1585 1180 ad
1606 1151 1701 1180 vos:
1761 1143 1763 1153 '

324 1226 343 1250 »
378 1209 462 1252 hoc
491 1208 596 1252 mihi
627 1223 789 1251 nomen
821 1216 883 1251 est
905 1208 951 1250 in
972 1216 1183 1251 aeternum
1198 1211 1229 1251 ².
1260 1226 1279 1248 »
1305 1209 1432 1252 Certe
1449 1241 1459 1257 ,
1490 1205 1673 1250 Domine
1691 1239 1702 1259 ‚

319 1293 481 1322 nomen
503 1277 614 1320 illud
635 1277 769 1320 habes
792 1297 800 1321 :
834 1277 936 1336 quia
967 1286 1010 1320 et
1033 1286 1080 1321 tu
1104 1276 1249 1320 dixisti
1269 1297 1279 1334 3
1317 1295 1336 1317 «
1356 1279 1448 1334 Ego
1471 1291 1566 1319 sum
1590 1294 1598 1319 :
1625 1273 1706 1327 Qui

322 1365 343 1389 »
378 1356 441 1390 est
459 1346 575 1390 misit
606 1362 676 1389 me
698 1345 754 1390 acl
776 1361 865 1390 vos.
897 1365 916 1386 »
946 1347 1071 1390 Unde
1094 1347 1227 1390 modo
1250 1361 1411 1389 nomen
1432 1344 1632 1398 mutasti,
1658 1352 1707 1387 ut

321 1419 481 1461 diceres
507 1436 516 1461 ε
541 1436 561 1459 (ι
589 1420 702 1460 Deus
725 1417 945 1461 Abraham
969 1426 1011 1460 et
1034 1420 1147 1461 Deus
1170 1420 1287 1460 Isaac
1310 1426 1353 1459 et
1368 1419 1480 1460 Deus
1503 1415 1703 1459 Jacob‘?»

320 1491 475 1534 Nonne
496 1487 577 1530 tibi
595 1486 768 1531 videtur
791 1488 899 1531 ratio
917 1488 1008 1547 ejus
1032 1485 1305 1546 respondere,
1332 1495 1374 1529 et
1395 1485 1561 1529 dicere:
1584 1482 1708 1538 Quod

321 1557 410 1601 dixi
431 1576 440 1601 z
471 1576 491 1598 ι(
514 1560 608 1616 Ego
632 1572 728 1600 sum
749 1557 825 1617 qui
848 1573 944 1600 sum
972 1576 980 1600 :
1009 1576 1028 1598 »
1055 1572 1204 1601 verum
1229 1565 1319 1610 est,
1345 1554 1419 1599 sed
1441 1571 1529 1599 non
1553 1555 1668 1613 capis
1693 1573 1703 1599 ε

323 1627 443 1688 quod
462 1636 607 1671 autem
626 1626 715 1671 dixi
737 1646 745 1671 :
767 1646 785 1668 u
798 1630 891 1685 Ego
914 1642 1009 1671 sum
1028 1630 1142 1670 Deus
1163 1626 1380 1669 Abraham
1400 1635 1442 1669 ct
1466 1628 1577 1669 Deus
1596 1627 1712 1668 Isaac

326 1718 346 1740 »
383 1708 426 1742 et
448 1701 561 1742 Deus
585 1698 720 1741 Jacob
743 1718 753 1754 3
782 1716 802 1738 u
824 1707 866 1741 et
895 1713 1046 1741 verum
1074 1706 1137 1740 est
1154 1732 1164 1752 ,
1192 1706 1234 1740 ct
1251 1696 1399 1755 capis?
1419 1695 1545 1749 Quod
1567 1696 1682 1738 enim
1700 1730 1711 1750 ,
1764 1723 1767 1740 ς

327 1789 348 1812 «
382 1772 476 1827 Ego
494 1784 589 1812 sum
613 1768 688 1827 qui
711 1783 829 1822 sum,
851 1786 870 1808 >⁸
893 1767 945 1811 ad
967 1783 1034 1810 me
1052 1768 1259 1825 pertinet:
1289 1765 1410 1826 quod
1432 1775 1578 1810 autem
1600 1768 1713 1809 Deus
1764 1800 1767 1823 Ξ
1812 1789 1815 1812 ε

326 1858 345 1880 »
383 1839 603 1883 Abraham
622 1847 664 1881 et
687 1844 795 1882 Deus
820 1841 937 1881 Isaac
955 1847 997 1882 et
1021 1840 1135 1882 Deus
1158 1837 1316 1891 Jacob,
1334 1855 1353 1878 n
1369 1836 1423 1880 ad
1445 1846 1487 1879 te
1506 1836 1709 1895 pertinet.
1765 1826 1767 1868 ἶ
1812 1858 1815 1861 -

323 1913 380 1954 Et
397 1910 432 1953 si
454 1909 602 1953 deficis
624 1909 669 1951 in
687 1924 737 1953 eo
754 1907 875 1968 quod
896 1909 1003 1952 mihi
1024 1924 1137 1962 sum,
1155 1923 1260 1967 cape
1282 1907 1403 1967 quod
1427 1906 1505 1950 tibi
1528 1908 1713 1950 sum.Et

325 1995 380 2023 ne
408 1978 520 2023 forte
543 1979 772 2038 quisquam
795 1987 969 2038 putaret
991 1977 1102 2022 illud
1124 1977 1244 2038 quod
1267 1977 1375 2020 dixit
1399 1980 1510 2020 Deus
1535 1995 1544 2020 ;
1575 1995 1594 2017 ‹<
1619 1978 1713 2034 Ego

330 2069 349 2091 »
384 2065 481 2094 sum
510 2050 585 2110 qui
608 2065 731 2107 sum3
764 2067 784 2090 »
809 2058 882 2104 et,
912 2068 930 2090 «
954 2048 1036 2102 Qui
1060 2057 1122 2092 est
1147 2048 1260 2091 misit
1282 2063 1351 2090 me
1384 2047 1438 2090 ad
1462 2062 1559 2101 vos,
1587 2064 1607 2087 »
1631 2047 1714 2090 hoc

325 2120 466 2164 solum
489 2128 700 2163 aeternum
719 2119 757 2162 ei
779 2134 941 2162 nomen
962 2134 1051 2162 esse
1075 2138 1083 2162 ε
1110 2118 1230 2177 quod
1249 2127 1394 2161 autem
1417 2115 1524 2160 dixit
1547 2136 1554 2160 :
1580 2136 1597 2156 ‹<
1621 2119 1713 2174 Ego

330 2209 349 2231 »
386 2205 481 2233 sum
499 2192 612 2233 Deus
634 2189 854 2233 Abraham
873 2197 915 2232 et
938 2191 1051 2232 Deus
1070 2191 1186 2232 Isaac
1205 2197 1247 2231 et
1262 2191 1376 2231 Deus
1395 2187 1547 2241 Jacob,
1569 2205 1587 2227 »
1609 2195 1713 2229 tcm-

326 2260 473 2320 porale
495 2276 655 2304 nomen
676 2276 765 2304 esse
785 2279 793 2304 ε
814 2275 903 2304 non
921 2261 1086 2304 curavit
1104 2263 1232 2313 Deus,
1253 2274 1353 2302 cum
1373 2257 1568 2301 dixisset:
1588 2260 1712 2315 «Ego

329 2350 348 2372 »
384 2346 506 2385 sum,
533 2332 608 2390 qui
627 2346 747 2388 sum3
775 2349 794 2371 »
821 2340 890 2384 et,
921 2350 940 2372 «
966 2331 1050 2383 Qui
1074 2339 1135 2373 cst
1157 2330 1272 2373 misit
1294 2344 1361 2372 mc
1384 2330 1439 2372 ad
1465 2343 1568 2385 vos3
1597 2346 1616 2367 »
1643 2327 1712 2371 di-

327 2417 422 2445 cere
455 2401 573 2461 quod
601 2402 684 2445 hoc
719 2401 756 2444 ci
789 2416 948 2444 nomen
970 2401 1024 2444 sit
1046 2400 1089 2444 in
1113 2410 1326 2445 aeternum
1352 2418 1361 2443 ε
1403 2398 1506 2458 quia
1528 2397 1606 2442 etsi
1627 2397 1710 2442 hoc

378 2495 385 2510 ¹
408 2488 507 2521 Exod.
529 2499 578 2529 111,
603 2486 654 2528 14.
678 2504 719 2510 —
737 2493 750 2510 ²
770 2486 852 2519 Ibid.
874 2486 930 2529 μῆ.
