1815 3253
409 213 650 244 munninio
683 218 725 243 m
761 215 964 244 rsALMUM
994 217 1119 242 chv.
1352 202 1429 241 481

56 301 77 324 »
112 282 301 327 estsalus
318 285 346 325 ¹.
378 299 398 323 »
424 285 476 325 In
501 296 591 326 uno
612 280 701 326 filio
730 281 917 326 hominis
943 281 1056 324 salus
1073 301 1083 338 3
1103 288 1146 322 ct
1167 280 1210 323 in
1231 280 1324 338 ipso
1345 295 1435 323 non

51 354 153 414 quia
176 354 288 398 filius
318 352 505 398 hominis
522 388 533 408 ‚
554 352 628 398 sed
659 352 761 413 quia
789 351 924 396 Filius
948 353 1053 409 Dci3
1078 366 1167 394 non
1192 360 1369 409 propter
1390 350 1437 393 id

49 423 170 485 quod
193 425 380 484 suscepit
400 439 450 467 ex
472 432 514 467 tc
532 458 543 478 ‚
575 423 648 467 sed
672 432 848 483 propter
868 422 914 466 id
934 421 1055 482 quod
1090 421 1274 466 servavit
1306 421 1352 463 in
1374 436 1434 464 se.

2 512 3 516 ¹
48 497 166 554 Ergo
193 495 238 539 in
262 494 385 539 nullo
407 495 583 538 homine
610 493 723 539 salus
750 513 760 539 :
785 493 888 554 quia
910 502 953 536 et
982 493 1028 536 in
1058 491 1134 536 illo
1170 491 1273 536 ideo
1296 490 1436 545 salus,

49 566 152 626 quia
179 585 199 608 «
224 569 354 620 Deus,
374 565 451 625 qui
472 575 536 609 est
563 580 692 625 super
714 564 858 610 omnia
882 567 996 608 Deus
1018 561 1275 607 benedictus
1299 561 1344 605 in
1367 577 1441 605 sae·

52 654 73 678 »
108 635 222 682 cula.
252 655 272 679 »
300 640 362 681 De
391 636 564 681 Christo
591 636 757 681 dictum
791 644 854 680 est
877 654 887 680 ι
922 654 941 677 «
966 637 1034 679 Ex
1058 633 1221 693 quibus
1243 631 1440 677 Christus

52 725 73 748 »
108 706 350 752 secundum
377 722 552 751 carnem
567 708 601 749 ².
630 724 651 748 »
676 709 740 750 Ex
761 706 954 766 quibus?
975 707 1040 749 Ex
1061 702 1226 748 Judaeis
1246 738 1256 757 ‚
1282 718 1332 746 ex
1356 705 1441 746 Pa-

49 777 188 822 tribus
214 797 235 820 «
255 777 453 822 Christus
470 777 714 823 secundum
730 791 906 821 carnem
927 795 935 820 :
965 794 991 831 »⁵
1013 774 1089 819 sed
1119 772 1336 833 numquid
1357 773 1443 816 hoc

4 874 5 877 =
49 855 191 892 totum
226 848 451 903 Christus,
487 847 609 909 quod
642 846 885 897 secundum
917 846 1124 890 carnem?
1154 847 1267 888 Non.
1291 845 1443 902 Neque

48 917 165 962 enirn
187 919 430 961 secundum
452 933 645 972 carnem,
670 917 718 961 id
740 926 803 961 est
821 952 831 972 ‚
853 936 872 958 «
899 918 1037 976 Super
1059 915 1205 960 omnia
1227 918 1339 958 Deus
1362 912 1441 956 be-

52 1005 73 1029 »
109 987 311 1032 nedictus
329 988 374 1032 in
394 988 568 1033 saecula.
593 1006 614 1029 »
640 988 747 1032 Ideo
770 988 816 1032 in
838 986 914 1032 illo
935 986 1070 1040 salus,
1102 1004 1121 1027 «
1141 985 1251 1038 Quia
1270 983 1446 1027 Domini

51 1076 73 1100 »
107 1067 172 1102 est
199 1057 328 1103 salus.
370 1059 530 1103 »Dicit
564 1058 680 1103 enim
714 1057 822 1102 alius
852 1056 1047 1102 Psalmus
1075 1075 1083 1100 :
1123 1075 1144 1098 «
1178 1054 1351 1099 Domini
1383 1062 1446 1097 est

51 1146 72 1169 »
108 1129 248 1183 salus,
273 1137 317 1171 et
337 1143 466 1187 super
497 1127 712 1187 populum
747 1136 873 1170 tuum
907 1125 1154 1169 benedictio
1189 1133 1264 1167 tua
1279 1126 1310 1166 3.
1341 1141 1361 1163 n
1387 1126 1445 1166 Et

49 1197 141 1242 sine
183 1213 311 1243 causa
343 1198 425 1241 sibi
458 1206 663 1256 arrogant
696 1196 922 1250 homines,
960 1194 1063 1255 quia
1100 1193 1208 1237 dant
1240 1193 1440 1237 salutem.

4 1295 5 1301 =
56 1269 146 1315 Sibi
169 1268 291 1314 dent.
318 1269 551 1329 Responde
575 1268 764 1328 superbo
781 1267 947 1311 homini
968 1285 976 1310 ε
1001 1265 1229 1319 Gloriaris,
1253 1264 1355 1324 quia
1378 1263 1448 1307 di—

49 1341 108 1385 cis
125 1349 168 1401 te
186 1339 289 1384 dare
306 1340 414 1383 mihi
432 1340 614 1383 salutem
630 1360 641 1396 3
662 1338 742 1382 tibi
760 1337 830 1381 da.
843 1336 954 1381 Vide
969 1337 1002 1380 si
1019 1336 1180 1379 habeas
1203 1351 1314 1378 eam.
1333 1337 1446 1379 Con-

49 1409 241 1454 siderans
266 1410 378 1453 bene
399 1408 681 1466 fragilitatem
709 1418 829 1452 tuam
848 1443 858 1462 ‚
876 1407 997 1451 vides
1021 1407 1124 1466 quia
1146 1406 1342 1450 nondum
1362 1406 1443 1448 ha-

49 1481 142 1527 bes.
180 1484 297 1540 Ergo
324 1480 416 1525 noli
447 1496 624 1524 monere
656 1489 706 1523 ut
741 1487 964 1538 expectem
994 1493 1018 1521 a
1051 1486 1120 1531 te,
1154 1476 1229 1520 sed
1264 1486 1442 1535 expecta

49 1567 238 1596 mecum.
269 1571 290 1595 «
308 1552 452 1597 Nolite
473 1551 693 1596 confidere
712 1552 758 1594 in
779 1550 1017 1611 principes,
1044 1559 1087 1592 et
1107 1549 1153 1591 in
1176 1547 1285 1592 filios
1306 1549 1444 1592 homi-

53 1639 75 1663 »
110 1638 217 1666 num
234 1657 246 1677 ‚
271 1622 432 1682 quibus
450 1638 540 1666 non
562 1630 626 1665 est
646 1620 775 1665 salus.
797 1638 817 1661 »
839 1623 952 1664 Ecce
969 1619 1114 1663 nescio
1137 1618 1213 1678 qui
1230 1618 1445 1677 principes

52 1691 322 1752 procedunt,
348 1693 494 1737 nescio
512 1691 648 1746 unde,
673 1700 716 1735 et
731 1690 885 1735 dicunt
918 1709 927 1735 ε
951 1693 1046 1748 Ego
1068 1687 1242 1747 baptizo
1260 1724 1270 1742 ,
1296 1698 1339 1732 et
1364 1704 1445 1747 ego

51 1764 175 1823 quod
206 1762 368 1807 dedero
385 1798 396 1818 ,
426 1764 512 1807 hoc
533 1772 620 1818 est,
646 1770 845 1806 sanctum
871 1780 880 1805 ε
906 1769 949 1804 et
968 1761 1002 1804 si
1021 1759 1076 1803 ab
1091 1759 1175 1802 alio
1197 1759 1412 1817 acceperis
1430 1793 1441 1813 ‚

51 1833 164 1878 nihil
191 1834 419 1893 accepisti3
454 1833 488 1877 si
515 1849 539 1877 a
575 1848 642 1876 me
674 1831 888 1891 acceperis
907 1865 918 1885 ‚
957 1829 1124 1890 aliquid
1162 1829 1379 1888 accepisti.
1405 1830 1443 1872 O

50 1905 185 1949 homo
200 1940 211 1959 ,
237 1921 263 1949 o
280 1905 502 1964 princeps,
527 1904 642 1947 inter
662 1901 774 1946 filios
796 1901 1026 1946 hominum
1047 1900 1110 1944 vis
1133 1916 1223 1944 esse
1239 1934 1250 1954 ‚
1276 1909 1318 1943 et
1332 1900 1445 1943 inter

51 1977 269 2036 principes
286 1976 449 2035 quibus
470 1991 560 2019 non
581 1983 645 2018 est
661 1973 806 2017 salus?
821 1972 927 2017 Ideo
949 1988 1052 2031 ergo
1075 1972 1218 2015 habeo
1239 1970 1441 2025 salutem,

0 2061 3 2068 ¹
52 2047 153 2107 quia
174 2055 225 2090 tu
262 2046 369 2089 mihi
406 2045 512 2089 das?
551 2048 694 2088 Tuum
726 2053 790 2088 est
817 2043 932 2087 enim
957 2042 1080 2102 quod
1109 2041 1215 2085 das?
1237 2044 1326 2085 Aut
1342 2056 1444 2084 vero

52 2118 184 2161 etiam
211 2125 262 2161 tu
287 2115 396 2160 das?
424 2115 495 2159 vel
522 2116 606 2159 hoc
629 2113 865 2158 dicendum
888 2123 951 2157 est
970 2149 981 2168 ,
1007 2114 1108 2173 quia
1128 2121 1174 2155 tu
1194 2111 1300 2156 das?
1323 2112 1446 2156 Dicat

0 2182 3 2209 ἱ
53 2196 97 2232 et
117 2187 262 2232 fistula
282 2221 294 2239 ,
319 2187 421 2246 quia
437 2195 480 2229 et
501 2186 591 2245 ipsa
608 2186 683 2228 dat
706 2200 864 2244 aquam
883 2204 895 2240 3
919 2183 1037 2227 dicat
1069 2192 1112 2226 et
1129 2181 1291 2226 canalis
1307 2217 1318 2236 ‚
1340 2182 1444 2241 quia

0 2255 2 2279 ⁵
44 2254 144 2317 >ipse
167 2266 315 2302 manat
335 2277 346 2313 3
383 2256 501 2300 dicat
522 2265 566 2299 et
586 2271 730 2315 praeco
748 2290 759 2310 ‚
786 2255 890 2315 quia
909 2263 952 2299 et
973 2254 1063 2313 ipse
1084 2253 1257 2297 liberat.
1282 2255 1377 2311 Ego
1399 2253 1446 2296 in

0 2333 2 2342 '
56 2344 170 2389 aqua
193 2326 372 2372 attendo
394 2324 578 2380 fontem,
601 2325 648 2368 in
667 2340 774 2369 voce
792 2316 1006 2385 praeconis
1029 2338 1215 2382 agnosco
1231 2321 1442 2382 judicem.

0 2405 7 2459 ᾗ
55 2403 155 2446 Non
176 2400 256 2444 eris
276 2408 326 2443 tu
347 2398 476 2458 plane
499 2406 649 2442 auctor
671 2397 818 2441 salutis
839 2412 948 2440 meae
969 2415 978 2440 ι
1003 2395 1077 2438 ille
1094 2395 1174 2438 erit
1196 2393 1250 2436 de
1271 2410 1360 2453 quo
1382 2409 1448 2438 se-

57 2486 187 2516 curus
207 2485 326 2524 sum,
350 2468 404 2512 de
429 2477 469 2512 te
488 2468 680 2512 incertus
704 2482 815 2511 sum.
844 2467 887 2511 Si
905 2482 996 2510 non
1021 2465 1077 2509 sis
1100 2479 1302 2522 arrogans
1320 2499 1330 2518 ‚
1356 2480 1446 2508 non

107 2561 116 2577 ¹
138 2553 220 2586 Psal,
239 2564 330 2594 cuv,
351 2553 382 2584 3.
403 2569 445 2575 --
469 2559 482 2575 ²
503 2555 598 2584 Rom.
617 2562 665 2593 ix,
683 2551 714 2584 5.
736 2568 778 2574 —
798 2549 811 2574 3
832 2549 911 2583 Psal.
933 2561 981 2590 ιιι,
997 2561 1030 2591 9.

249 2603 368 2647 cxix.
891 2622 894 2624 -
1237 2603 1283 2640 :31
