1815 3253
431 228 673 258 ENARRATIO
705 231 751 258 IN
783 228 986 258 PsALMUM
1018 232 1135 258 cxxn
1406 220 1462 259 39

76 311 187 342 mus.
217 314 237 339 «
266 297 307 341 Si
328 295 488 355 linguis
520 296 751 340 hominum
778 295 958 357 loquar,
992 295 1097 340 dicit
1117 295 1352 355 Apostolus
1371 331 1382 352 ,
1421 307 1465 342 et

78 384 99 409 »
122 364 419 425 Angelorum,
437 365 692 410 charitatem
711 375 856 410 autem
875 381 964 410 non
981 365 1183 422 babeam,
1201 364 1341 411 faetus
1367 382 1465 412 sum

78 456 99 480 »
134 438 256 498 quasi
290 447 574 482 aeramentum
602 453 758 482 sonans
777 473 788 493 ,
823 447 898 482 aut
926 436 1179 495 cymbalum
1209 438 1413 482 tinniens.
1440 458 1460 481 »

75 509 286 570 Adjungit
315 508 436 553 aliud
464 525 672 568 magnum
702 529 710 554 :
747 529 767 552 «
795 509 921 563 Quod
942 509 977 553 si
999 508 1261 553 distribuero
1290 525 1465 554 ornnem

78 600 98 624 »
134 581 418 626 substantiam
441 596 599 636 meam,
616 590 659 625 et
680 582 712 625 si
734 580 955 626 tradidero
977 596 1133 640 eorpus
1156 596 1305 624 meum
1328 590 1377 624 ut
1394 596 1465 625 ar-

79 670 98 693 »
134 650 260 696 deam
276 687 286 707 ,
310 652 567 696 charitatem
586 661 732 696 autem
756 668 845 696 non
864 651 1051 695 habeam
1068 685 1078 705 ‚
1103 649 1213 694 nihil
1230 651 1338 694 mihi
1362 667 1465 710 pro-

80 743 97 764 »
132 721 227 766 dest
246 725 275 766 ¹.
304 741 324 764 »
357 723 400 767 Si
427 731 572 767 autem
601 722 655 766 sit
687 721 777 768 sola
799 721 1010 776 charitas,
1032 737 1131 782 quae
1154 737 1244 765 non
1274 721 1466 767 inveniat

74 791 195 852 quod
213 791 446 836 distribuat
463 792 749 852 pauperibus,
775 791 926 850 diligat
948 811 956 837 2
974 790 1115 836 solum
1138 791 1319 836 calicem
1340 808 1466 852 aquae

73 861 243 921 frigidae
260 863 386 919 det²3
405 872 576 907 tantum
598 862 661 907 illi
682 862 988 922 imputabitur,
1009 872 1223 923 quantum
1239 863 1463 918 Zaeehaeo,

73 932 148 993 qui
167 931 398 976 dimidium
418 933 667 992 patrimonii
686 933 864 977 donavit
879 929 1142 993 pauperibus
1155 934 1186 976 3.
1200 936 1343 986 Quare
1356 934 1467 978 hoe?

75 1002 153 1048 Ille
175 1013 263 1047 tarn
286 1004 510 1049 modicum
541 1003 688 1059 dedit,
710 1004 784 1048 ille
808 1014 896 1049 tam
921 1003 1111 1065 multum
1133 1004 1279 1060 dedit,
1304 1013 1349 1048 et
1370 1013 1468 1048 tan-

76 1083 168 1118 tum
189 1073 252 1118 illi
274 1074 594 1134 imputabitur?
631 1077 821 1118 Tantum
843 1073 986 1134 plane.
1013 1077 1159 1134 Impar
1183 1075 1300 1118 enim
1322 1072 1465 1120 facul-

74 1141 136 1189 tas
151 1180 161 1199 ,
186 1144 262 1188 sed
285 1160 376 1188 non
395 1144 542 1204 impar'
556 1145 755 1188 charitas.

131 1217 208 1258 XI.
238 1213 306 1258 Illi
328 1230 431 1274 ergo
462 1214 759 1274 interrogant,
785 1230 861 1259 vos
883 1215 1071 1274 cogitate
1093 1214 1202 1276 quid
1223 1215 1337 1259 estis.
1368 1217 1466 1259 Jam

72 1301 171 1330 ecee
188 1285 355 1330 dietum
377 1296 441 1331 est
463 1286 588 1331 nobis
608 1306 616 1331 ;
636 1306 656 1328 «
677 1290 729 1330 111
752 1286 936 1330 domum
959 1286 1131 1330 Domini
1154 1286 1359 1330 ibimus.»
1383 1289 1465 1331 Ju-

72 1355 250 1401 eundati
273 1372 422 1401 sumus
444 1367 561 1401 certe
582 1357 628 1401 in
650 1357 716 1401 bis
738 1358 815 1418 qui
838 1357 1041 1401 dixerunt
1063 1357 1189 1402 nobis
1214 1377 1222 1402 ε
1254 1377 1274 1400 ‹<
1300 1361 1352 1402 In
1382 1359 1465 1403 do-

73 1446 93 1469 »
132 1443 248 1471 mum
274 1428 447 1471 Domini
470 1428 644 1471 ibimus.
673 1446 693 1468 »
715 1428 872 1472 Videte
894 1444 997 1487 ergo
1014 1429 1047 1471 si
1072 1429 1201 1472 imus.
1227 1431 1325 1474 Non
1346 1430 1463 1474 enim

70 1497 256 1558 pedibus
277 1499 389 1541 imus
410 1535 420 1552 ,
456 1498 530 1543 sed
553 1498 798 1543 affectibus.
820 1498 978 1543 Videte
1007 1499 1040 1543 si
1063 1499 1175 1543 imus
1190 1535 1201 1554 ,
1227 1500 1466 1558 interroget

70 1584 113 1612 se
133 1569 434 1629 unusquisque
456 1579 645 1613 vestrum
664 1605 674 1624 ,
701 1569 840 1629 qualis
863 1578 926 1613 est
948 1586 1048 1629 erga
1078 1585 1314 1630 pauperem
1336 1586 1464 1615 sane-

70 1649 181 1695 tum,
203 1634 300 1698 erga
323 1640 589 1698 indigentem
614 1640 807 1695 fratrem,
828 1639 968 1701 qualis
991 1650 1055 1684 est
1073 1656 1172 1699 erga
1195 1640 1465 1700 indigentem

0 1763 1 1769 1
67 1710 320 1755 mendicum
345 1730 353 1755 :
378 1710 523 1756 videat
546 1711 580 1755 si
601 1711 763 1756 viscera
788 1712 878 1772 ejus
902 1727 989 1755 non
1016 1720 1118 1755 sunt
1136 1721 1334 1771 angusta.
1357 1712 1466 1765 Quia

0 1786 2 1795 '
68 1781 335 1840 interrogare
355 1791 397 1825 te
427 1782 593 1826 habent
620 1781 764 1837 sedes,
800 1799 899 1843 quae
922 1782 1140 1827 sedebunt
1160 1783 1207 1826 in
1220 1783 1461 1843 judicium,

70 1861 114 1895 et
131 1850 295 1895 debent
312 1852 506 1895 invenire
529 1868 628 1912 quae
646 1862 748 1897 sunt
768 1851 822 1897 ad
842 1868 994 1912 pacem
1009 1853 1266 1898 Jerusalem.
1285 1857 1342 1898 Et·
1357 1870 1466 1914 quo-

70 1921 204 1966 modo
238 1922 526 1981 interrogant.
556 1925 783 1983 Tanquam
810 1922 932 1967 sedes
955 1924 1047 1968 Dei.
1072 1927 1187 1968 Deus
1207 1924 1462 1984 interrogat.

71 1993 113 2037 Si
136 1996 276 2037 Deum
296 1992 402 2036 latet
425 1993 619 2053 aliquid,
651 2003 695 2037 et
716 1992 810 2038 illas
844 1993 965 2038 sedes
996 1994 1167 2054 aliquid
1190 1995 1465 2053 interrogan-

68 2072 130 2107 tes
147 2062 294 2122 fugere
307 2073 462 2124 potest.
498 2084 516 2105 «
542 2067 813 2123 Interrogate
835 2079 935 2125 quae
961 2075 1063 2109 sunt
1085 2066 1142 2110 ad
1162 2081 1314 2125 pacem
1336 2069 1465 2111 Jeru-

71 2152 91 2175 »
127 2133 275 2179 salem.
317 2154 337 2175 »
373 2134 456 2179 Sed
491 2151 590 2195 quae
627 2145 730 2180 sunt
760 2134 816 2179 ad
856 2151 1007 2195 paeem
1040 2136 1313 2181 Jerusalem?
1351 2156 1371 2179 «
1408 2140 1466 2182 Et

28 2247 30 2249 ,
71 2224 92 2247 »
127 2205 401 2250 abundantia
422 2241 433 2261 ,
458 2207 630 2267 inquit,
657 2207 722 2251 his
744 2207 821 2267 qui
852 2205 1042 2265 diligunt
1065 2217 1124 2251 te.
1164 2226 1185 2249 »
1223 2207 1293 2253 Ad
1324 2208 1465 2269 ipsam

68 2275 308 2319 Jerusalem
330 2277 545 2321 convertit
565 2293 734 2322 vocem.
763 2276 1047 2322 Abundantia
1069 2287 1133 2322 est
1151 2278 1235 2323 illis
1257 2279 1334 2339 qui
1358 2278 1464 2323 dili-

69 2358 178 2405 gunt
197 2363 305 2391 eam.
339 2348 621 2392 Abundantia
654 2365 705 2410 ex
737 2349 884 2408 inopia
913 2368 921 2393 :
949 2349 1019 2393 1110
1038 2350 1210 2409 inopes,
1236 2350 1297 2394 ibi
1321 2351 1464 2395 abun-

68 2416 220 2461 dantes
240 2438 252 2475 3
275 2418 346 2462 hie
368 2419 546 2474 infirmi,
567 2419 628 2462 ibi
648 2419 786 2478 firmi,
812 2419 882 2463 hie
905 2419 1048 2479 egeni,
1068 2420 1126 2464 ibi
1145 2420 1314 2466 divites.
1337 2421 1463 2466 Unde

67 2487 170 2533 faeti
199 2487 385 2533 divites?
406 2490 517 2542 Quia
546 2489 763 2534 dederunt
789 2491 861 2535 hie
883 2490 1004 2551 quod
1032 2501 1294 2550 aeceperunt
1322 2509 1347 2537 a
1369 2496 1462 2537 Deo

117 2580 124 2595 ¹
150 2584 163 2606 1
184 2574 255 2605 Cor.
284 2583 356 2615 xm,
386 2574 453 2606 1-3.
474 2590 514 2597 -—
539 2581 552 2596 ²
577 2573 691 2607 Matth.
711 2585 744 2616 X,
764 2574 820 2618 42.
842 2591 885 2598 -
905 2573 920 2599 ³
939 2577 1018 2608 Luc.
1038 2587 1103 2616 xix,
1123 2575 1155 2607 8.
