1815 3253
340 195 422 234 156
773 207 806 232 s.
843 202 1071 233 Auousvrnu
1104 206 1283 234 EPISCOPI

340 288 360 311 »
397 269 580 314 Domine
591 305 602 325 ,
619 270 819 324 Domine,
836 269 932 329 quis
944 269 1174 313 sustinebit
1190 271 1208 313 P
1223 287 1242 310 »
1260 271 1356 314 Non
1372 268 1499 323 dixit,
1520 271 1614 327 Ego
1626 283 1714 313 non

338 340 589 398 sustinebo3
630 339 728 394 sed,
769 358 789 381 «
819 340 924 392 Quis
956 339 1209 383 sustinebit?
1239 358 1258 380 »
1295 338 1414 383 Vidit
1434 339 1550 383 enim
1580 353 1714 397 prope

338 419 475 454 totam
498 411 629 454 vitam
651 411 888 454 humanam
910 408 1220 453 circumlatrari
1245 408 1429 468 peccatis
1451 407 1536 452 suis
1551 442 1562 463 ,
1586 423 1714 451 accu-
1763 412 1765 466 ξ
1812 411 1814 432 ³

337 481 420 525 sari
447 496 596 525 omnes
621 481 902 525 conscientias
919 480 1250 537 cogitationibus
1281 480 1366 524 suis
1383 515 1393 535 ,
1418 495 1508 523 non
1534 479 1717 523 inveniri
1762 469 1763 482 ³

338 567 413 596 cor
429 561 594 596 castum
616 567 883 611 praesumens
905 551 960 595 de
982 566 1057 594 sua
1069 551 1251 611 justitia.
1277 551 1318 596 Si
1335 565 1435 608 ergo
1458 565 1532 594 cor
1553 558 1716 594 castum
1762 563 1765 604 ῖς

339 637 428 666 non
452 631 592 682 potest
612 622 795 666 inveniri
812 657 823 677 ,
839 620 960 681 quod
980 631 1214 680 praesumat
1235 621 1290 665 de
1312 637 1386 664 sua
1399 620 1564 680 justitia
1581 635 1719 678 3131·ae-

339 701 482 736 sumat
503 692 698 736 omnium
721 707 794 735 cor
825 692 880 735 de
914 690 1202 735 misericordia
1238 691 1344 745 Dei,
1380 700 1424 735 et
1454 691 1570 734 dicat
1590 725 1600 745 ,
1630 709 1650 731 «
1677 689 1719 734 Si

343 781 362 804 »
398 763 648 821 iniquitates
682 762 972 807 observaveris
993 797 1003 817 ,
1029 762 1239 817 Domine,
1274 762 1482 816 Domine,
1514 761 1609 820 quis
1630 775 1720 804 sus·
1762 769 1763 772 ’

342 849 362 873 ))
397 832 580 875 tinebit?
607 850 624 872 ι)

400 903 479 945 ΙΙΙ.
516 904 659 954 Quare
689 910 834 945 autem
860 916 954 960 spes
977 902 1065 946 est?
1090 920 1110 945 «
1133 901 1346 954 Quoniam
1371 900 1487 959 apud
1508 908 1551 943 te
1571 899 1720 959 propi·
1762 950 1763 958 ἵ

343 989 364 1012 »
399 971 522 1015 tiatio
547 973 653 1015 est1.
679 989 699 1012 »
726 974 782 1015 Et
804 987 903 1031 quae
931 980 995 1015 est
1025 971 1104 1015 ista
1135 971 1409 1031 propitiatio,
1448 970 1528 1013 nisi
1560 970 1721 1013 sacrifi-
1762 999 1763 1026 3

340 1041 488 1085 cium?
505 1043 561 1084 Et
582 1040 697 1100 quod
723 1050 786 1085 est
805 1041 1083 1095 sacrificium,
1106 1041 1187 1084 nisi
1210 1042 1330 1100 quod
1352 1055 1431 1099 pro
1454 1039 1579 1083 nobis
1597 1037 1722 1083 obla·

340 1120 434 1154 tum
467 1113 554 1154 est?
579 1111 758 1169 Sanguis
794 1111 1002 1155 innocens
1027 1109 1147 1154 fusus
1179 1109 1340 1154 delevit
1372 1110 1516 1154 omnia
1548 1118 1722 1168 peccata

341 1181 591 1224 nocentium
615 1199 623 1225 :
645 1180 832 1240 pretium
868 1189 1039 1224 tantum
1061 1179 1212 1224 datum
1241 1179 1425 1223 redemit
1447 1194 1597 1223 omnes
1619 1193 1722 1238 cap·
1761 1178 1763 1186 ’

341 1251 452 1295 tivos
473 1251 527 1293 de
541 1266 674 1294 manu
694 1250 951 1310 captivitatis
974 1250 1149 1294 inimici.
1168 1253 1282 1308 Ergo
1300 1253 1409 1294 «Est
1429 1248 1546 1308 apud
1568 1258 1611 1292 te
1628 1263 1723 1308 pro·
1760 1302 1763 1308 A

344 1339 365 1362 »
396 1321 578 1380 pitiatio.
602 1340 621 1362 »
648 1325 757 1366 Nam
779 1323 812 1365 si
835 1337 924 1366 non
946 1330 1054 1365 esset
1075 1321 1192 1380 apud
1210 1330 1252 1365 te
1273 1321 1582 1381 propitiatio,si
1591 1319 1724 1380 judex
1760 1333 1763 1345 -·

342 1390 484 1435 solum
523 1406 611 1434 esse
651 1391 782 1434 velles
816 1400 859 1434 et
892 1391 1130 1435 misericors
1163 1407 1252 1436 esse
1289 1391 1446 1445 nolles,
1478 1391 1724 1435 observares
1760 1402 1761 1443 j

343 1477 492 1506 omnes
504 1462 753 1521 iniquitates
768 1471 946 1516 nostras,
963 1471 1006 1506 et
1020 1478 1234 1522 quaereres
1253 1478 1342 1518 eas,
1363 1462 1459 1523 quis
1471 1461 1725 1505 sustineret?
1760 1465 1761 1519 J

343 1533 448 1586 Quis
472 1542 572 1577 ante
594 1542 636 1576 te
657 1542 809 1587 staret,
835 1542 878 1577 et
889 1532 1072 1588 diceret,
1100 1537 1314 1578 Innocens
1336 1533 1578 1586 sumPQuis
1595 1541 1726 1576 staret
1760 1547 1761 1552 ¹

342 1604 388 1646 in
404 1601 569 1662 judicio
592 1605 694 1647 tuo?
718 1605 821 1662 Spes
836 1618 936 1661 ergo
957 1619 1044 1647 una
1067 1613 1150 1656 est,
1181 1623 1200 1645 «
1226 1604 1443 1657 Quoniam
1460 1612 1523 1646 est
1545 1601 1662 1661 apud
1687 1611 1728 1646 te
1759 1586 1761 1663 j

342 1673 605 1732 propitiatio.
633 1677 814 1732 Propter
846 1675 987 1732 legem
1010 1682 1129 1716 tuam
1158 1673 1359 1717 sustinuit
1381 1682 1423 1716 te
1440 1708 1450 1727 ,
1476 1673 1674 1716 Domine.
1703 1690 1722 1713 »
1759 1669 1761 1700 ἓ

344 1745 487 1796 Quam
507 1743 674 1802 legem?
695 1746 803 1796 Quae
831 1758 924 1787 reos
957 1742 1084 1787 fecit?
1107 1742 1206 1787 data
1234 1753 1298 1787 est
1321 1744 1437 1786 enim
1459 1741 1526 1786 lex
1548 1751 1693 1786 sancta
1713 1777 1724 1797 ,

338 1813 506 1872 justa2,
531 1813 645 1857 bona
661 1813 847 1868 Jud0e1s
869 1813 943 1857 sed
961 1829 1054 1858 reos
1072 1829 1143 1858 eos
1162 1814 1307 1874 potuit
1329 1812 1484 1857 facere
1509 1815 1606 1857 Non
1627 1813 1726 1856 data
1758 1840 1759 1866 3

344 1893 408 1927 est
429 1883 497 1927 lex
520 1900 619 1944 quae
640 1894 782 1943 posset
803 1849 1060 1939 vivificaress,
1076 1884 1151 1928 sed
1168 1900 1266 1944 quae
1284 1883 1530 1928 ostenderet
1551 1891 1725 1942 peccata
1758 1891 1760 1924 t
1803 1915 1806 1930 .

343 1955 573 2013 peccatori
602 1958 806 1998 Peccator
834 1955 946 1997 enim
967 1954 1128 1998 oblitus
1150 1963 1241 1997 erat
1256 1969 1320 2007 se,
1352 1969 1431 1997 ncc
1454 1952 1631 1997 videbat
1654 1968 1722 1997 se:
1758 1934 1760 2002 i

345 2023 446 2068 data
471 2032 535 2067 est
555 2022 617 2067 illi
643 2023 732 2077 lex,
766 2033 816 2067 ut
845 2023 1012 2067 videret
1035 2039 1092 2067 se.
1121 2024 1241 2067 Fecit
1257 2038 1377 2066 reum
1406 2026 1494 2073 lex,
1527 2022 1760 2066 liberavit
1757 2006 1759 2086 J

344 2093 456 2137 lator
476 2093 617 2151 legis:
644 2097 774 2137 Lator
795 2093 909 2136 enim
932 2092 1036 2151 16οἰε
1068 2096 1306 2152 Imperator
1330 2101 1407 2136 est.
1434 2095 1466 2135 Ι
1471 2108 1520 2135 ex
1543 2091 1641 2135 data
1665 2100 1759 2135 est

344 2178 444 2221 quae
470 2171 625 2206 terreat
644 2172 686 2206 et
709 2163 975 2220 constringat
977 2128 1041 2205 oin
1060 2171 1229 2205 reatum
1249 2179 1260 2206 .·
1286 2171 1329 2205 et
1352 2177 1438 2205 non
1468 2160 1596 2204 solvit
1617 2161 1683 2203 lex
1704 2176 1724 2204 a
1758 2178 1759 2204 1

344 2235 552 2293 peccatis,
577 2234 651 2278 sed
674 2233 861 2278 ostendit
883 2242 1069 2293 peccata.
1086 2236 1142 2276 Et
1161 2232 1274 2276 forte
1289 2232 1370 2276 sub
1392 2233 1481 2292 ipsa
1503 2231 1597 2290 lege
1610 2230 1759 2291 posi-'³

349 2314 436 2359 tus,
474 2304 778 2349 animadvertit
806 2305 884 2348 iste
908 2305 951 2347 in
973 2302 1192 2363 profundo
1214 2313 1377 2364 quanta
1407 2303 1557 2347 fecerit
1577 2311 1726 2347 contra

347 2374 509 2432 legem,
535 2383 577 2418 ct
599 2376 656 2418 sic
679 2374 932 2418 exclamavit
954 2374 1124 2428 dicens,
1148 2393 1168 2415 «
1189 2374 1231 2418 Si
1251 2373 1499 2433 iniquitates
1521 2373 1724 2416 observa-
1755 2373 1757 2436 j

1757 2142 1759 2175 *
1804 2134 1809 2189 3

1804 2306 1810 2349 i

1802 1843 1805 1867 i

347 2461 368 2484 »
402 2444 526 2498 veris,
552 2444 733 2488 Domine
752 2479 762 2499 ,
788 2444 986 2499 Domine,
1002 2445 1098 2503 quis
1119 2444 1372 2488 sustinebit?
1394 2461 1414 2485 »
1440 2446 1516 2487 Est
1534 2456 1634 2500 crgo
1656 2441 1723 2486 lex
1755 2451 1757 2481 z
1807 2428 1809 2472 ἶ

395 2538 402 2553 ¹
429 2531 510 2563 Psal.
526 2540 630 2571 cxxix,
655 2529 689 2571 4.
710 2547 750 2553 -
775 2536 789 2552 ²
812 2531 900 2561 Rom.
923 2539 979 2570 vn,
1005 2537 1054 2561 12.
1078 2545 1119 2551 —-
1136 2526 1148 2551 ³
1168 2528 1235 2560 Gal.
1256 2539 1305 2569 m,
1328 2536 1382 2560 αι.
