<?xml version="1.0" encoding="UTF-8"?>
<!DOCTYPE html PUBLIC "-//W3C//DTD XHTML 1.0 Transitional//EN"
    "http://www.w3.org/TR/xhtml1/DTD/xhtml1-transitional.dtd">
<html xmlns="http://www.w3.org/1999/xhtml" xml:lang="en" lang="en">
 <head>
  <title>
</title>
<meta http-equiv="Content-Type" content="text/html;charset=utf-8" />
  <meta name='ocr-system' content='tesseract 3.04.00' />
  <meta name='ocr-capabilities' content='ocr_page ocr_carea ocr_par ocr_line ocrx_word'/>
</head>
<body>
  <div class='ocr_page' id='page_1' title='image "./operaomniaaccura12auguuoft_0404.png"; bbox 0 0 1815 3253; ppageno 0'>
   <div class='ocr_carea' id='block_1_1' title="bbox 1725 420 1800 2736">
    <p class='ocr_par' dir='ltr' id='par_1_1' title="bbox 1725 420 1800 2736">
     <span class='ocr_line' id='line_1_1' title="bbox 1764 420 1800 629; baseline 0 0"><span class='ocrx_word' id='word_1_1' title='bbox 1764 420 1800 629; x_wconf 95' lang='lat' dir='ltr'>   </span> 
     </span>
     <span class='ocr_line' id='line_1_2' title="bbox 1764 629 1800 696; baseline 0 2557"><span class='ocrx_word' id='word_1_2' title='bbox 1764 629 1800 696; x_wconf 95' lang='lat' dir='ltr'> </span> 
     </span>
     <span class='ocr_line' id='line_1_3' title="bbox 1764 696 1800 770; baseline 0 2483"><span class='ocrx_word' id='word_1_3' title='bbox 1764 696 1800 770; x_wconf 95' lang='lat' dir='ltr'> </span> 
     </span>
     <span class='ocr_line' id='line_1_4' title="bbox 1764 770 1800 840; baseline 0 2413"><span class='ocrx_word' id='word_1_4' title='bbox 1764 770 1800 840; x_wconf 95' lang='lat' dir='ltr'> </span> 
     </span>
     <span class='ocr_line' id='line_1_5' title="bbox 1764 840 1799 907; baseline 0 2346"><span class='ocrx_word' id='word_1_5' title='bbox 1764 840 1799 907; x_wconf 95' lang='lat' dir='ltr'> </span> 
     </span>
     <span class='ocr_line' id='line_1_6' title="bbox 1764 907 1799 977; baseline 0 2276"><span class='ocrx_word' id='word_1_6' title='bbox 1764 907 1799 977; x_wconf 95' lang='lat' dir='ltr'> </span> 
     </span>
     <span class='ocr_line' id='line_1_7' title="bbox 1764 977 1799 1136; baseline 0 -87"><span class='ocrx_word' id='word_1_7' title='bbox 1764 977 1799 1136; x_wconf 95' lang='lat' dir='ltr'>   </span> 
     </span>
     <span class='ocr_line' id='line_1_8' title="bbox 1766 1136 1795 1261; baseline 0 0"><span class='ocrx_word' id='word_1_8' title='bbox 1766 1136 1795 1261; x_wconf 95' lang='lat' dir='ltr'>   </span> 
     </span>
     <span class='ocr_line' id='line_1_9' title="bbox 1765 1261 1794 1463; baseline 0 -62"><span class='ocrx_word' id='word_1_9' title='bbox 1765 1261 1794 1463; x_wconf 95' lang='lat' dir='ltr'>   </span> 
     </span>
     <span class='ocr_line' id='line_1_10' title="bbox 1765 1463 1793 1541; baseline 0 1712"><span class='ocrx_word' id='word_1_10' title='bbox 1765 1463 1793 1541; x_wconf 95' lang='lat' dir='ltr'> </span> 
     </span>
     <span class='ocr_line' id='line_1_11' title="bbox 1765 1541 1793 1610; baseline 0 1643"><span class='ocrx_word' id='word_1_11' title='bbox 1765 1541 1793 1610; x_wconf 95' lang='lat' dir='ltr'> </span> 
     </span>
     <span class='ocr_line' id='line_1_12' title="bbox 1764 1610 1792 1682; baseline 0 1571"><span class='ocrx_word' id='word_1_12' title='bbox 1764 1610 1792 1682; x_wconf 95' lang='lat' dir='ltr'> </span> 
     </span>
     <span class='ocr_line' id='line_1_13' title="bbox 1763 1682 1792 1746; baseline 0 1507"><span class='ocrx_word' id='word_1_13' title='bbox 1763 1682 1792 1746; x_wconf 95' lang='lat' dir='ltr'> </span> 
     </span>
     <span class='ocr_line' id='line_1_14' title="bbox 1725 1746 1795 2034; baseline 0 -124"><span class='ocrx_word' id='word_1_14' title='bbox 1725 1746 1795 2034; x_wconf 95' lang='lat' dir='ltr'>    </span> 
     </span>
     <span class='ocr_line' id='line_1_15' title="bbox 1759 2034 1791 2241; baseline 0 0"><span class='ocrx_word' id='word_1_15' title='bbox 1759 2034 1791 2241; x_wconf 95' lang='lat' dir='ltr'>   </span> 
     </span>
     <span class='ocr_line' id='line_1_16' title="bbox 1759 2241 1791 2312; baseline 0 941"><span class='ocrx_word' id='word_1_16' title='bbox 1759 2241 1791 2312; x_wconf 95' lang='lat' dir='ltr'> </span> 
     </span>
     <span class='ocr_line' id='line_1_17' title="bbox 1756 2312 1791 2736; baseline 0 0"><span class='ocrx_word' id='word_1_17' title='bbox 1756 2312 1791 2736; x_wconf 95' lang='lat' dir='ltr'>   </span> 
     </span>
    </p>
   </div>
   <div class='ocr_carea' id='block_1_2' title="bbox 370 247 1321 293">
    <p class='ocr_par' dir='ltr' id='par_1_2' title="bbox 370 247 1321 293">
     <span class='ocr_line' id='line_1_18' title="bbox 370 247 1321 293; baseline 0.005 -5"><span class='ocrx_word' id='word_1_18' title='bbox 370 247 455 289; x_wconf 84' lang='lat'>394</span> <span class='ocrx_word' id='word_1_19' title='bbox 804 259 839 291; x_wconf 90' lang='lat' dir='ltr'>s.</span> <span class='ocrx_word' id='word_1_20' title='bbox 874 260 1106 291; x_wconf 71' lang='lat' dir='ltr'>Aucus&#39;rnn</span> <span class='ocrx_word' id='word_1_21' title='bbox 1136 264 1321 293; x_wconf 75' lang='lat' dir='ltr'>Emscom</span> 
     </span>
    </p>
   </div>
   <div class='ocr_carea' id='block_1_3' title="bbox 369 323 1766 2492">
    <p class='ocr_par' dir='ltr' id='par_1_3' title="bbox 369 323 1766 2492">
     <span class='ocr_line' id='line_1_19' title="bbox 369 323 1754 388; baseline 0.001 -19"><span class='ocrx_word' id='word_1_22' title='bbox 369 323 549 385; x_wconf 87' lang='lat' dir='ltr'>quando</span> <span class='ocrx_word' id='word_1_23' title='bbox 570 325 677 370; x_wconf 90' lang='lat' dir='ltr'>mihi</span> <span class='ocrx_word' id='word_1_24' title='bbox 696 324 822 382; x_wconf 88' lang='lat' dir='ltr'>dicit,</span> <span class='ocrx_word' id='word_1_25' title='bbox 846 326 963 372; x_wconf 90' lang='lat' dir='ltr'>Colis</span> <span class='ocrx_word' id='word_1_26' title='bbox 982 330 1123 372; x_wconf 83' lang='lat' dir='ltr'>Deum</span> <span class='ocrx_word' id='word_1_27' title='bbox 1142 324 1419 373; x_wconf 82' lang='lat' dir='ltr'>crucifixum.</span> <span class='ocrx_word' id='word_1_28' title='bbox 1456 327 1754 388; x_wconf 76' lang='lat' dir='ltr'>Reprehendit</span> 
     </span>
     <span class='ocr_line' id='line_1_20' title="bbox 371 395 1756 458; baseline 0.003 -20"><span class='ocrx_word' id='word_1_29' title='bbox 371 411 543 439; x_wconf 87' lang='lat' dir='ltr'>crucem</span> <span class='ocrx_word' id='word_1_30' title='bbox 556 395 729 451; x_wconf 82' lang='lat' dir='ltr'>Christi,</span> <span class='ocrx_word' id='word_1_31' title='bbox 746 412 878 456; x_wconf 86' lang='lat' dir='ltr'>quam</span> <span class='ocrx_word' id='word_1_32' title='bbox 894 413 983 441; x_wconf 89' lang='lat' dir='ltr'>non</span> <span class='ocrx_word' id='word_1_33' title='bbox 996 397 1214 456; x_wconf 78' lang='lat' dir='ltr'>intelligit.</span> <span class='ocrx_word' id='word_1_34' title='bbox 1231 401 1282 443; x_wconf 92' lang='lat' dir='ltr'>In</span> <span class='ocrx_word' id='word_1_35' title='bbox 1297 399 1469 444; x_wconf 84' lang='lat' dir='ltr'>Christo</span> <span class='ocrx_word' id='word_1_36' title='bbox 1487 414 1531 442; x_wconf 92' lang='lat' dir='ltr'>se</span> <span class='ocrx_word' id='word_1_37' title='bbox 1542 407 1670 458; x_wconf 87' lang='lat' dir='ltr'>putat</span> <span class='ocrx_word' id='word_1_38' title='bbox 1681 413 1756 458; x_wconf 88' lang='lat' dir='ltr'>po·</span> 
     </span>
     <span class='ocr_line' id='line_1_21' title="bbox 371 466 1757 527; baseline 0.002 -18"><span class='ocrx_word' id='word_1_39' title='bbox 371 482 490 520; x_wconf 87' lang='lat' dir='ltr'>nere,</span> <span class='ocrx_word' id='word_1_40' title='bbox 503 466 622 527; x_wconf 88' lang='lat' dir='ltr'>quod</span> <span class='ocrx_word' id='word_1_41' title='bbox 635 469 757 527; x_wconf 84' lang='lat' dir='ltr'>juxta</span> <span class='ocrx_word' id='word_1_42' title='bbox 768 468 881 511; x_wconf 85' lang='lat' dir='ltr'>viam</span> <span class='ocrx_word' id='word_1_43' title='bbox 897 468 1034 527; x_wconf 92' lang='lat' dir='ltr'>ponit.</span> <span class='ocrx_word' id='word_1_44' title='bbox 1053 471 1150 513; x_wconf 90' lang='lat' dir='ltr'>Non</span> <span class='ocrx_word' id='word_1_45' title='bbox 1163 469 1358 527; x_wconf 84' lang='lat' dir='ltr'>egrediar</span> <span class='ocrx_word' id='word_1_46' title='bbox 1373 485 1395 512; x_wconf 93' lang='lat' dir='ltr'>a</span> <span class='ocrx_word' id='word_1_47' title='bbox 1408 469 1596 523; x_wconf 89' lang='lat' dir='ltr'>Christo,</span> <span class='ocrx_word' id='word_1_48' title='bbox 1612 478 1655 513; x_wconf 91' lang='lat' dir='ltr'>et</span> <span class='ocrx_word' id='word_1_49' title='bbox 1666 483 1757 512; x_wconf 93' lang='lat' dir='ltr'>non</span> 
     </span>
     <span class='ocr_line' id='line_1_22' title="bbox 370 536 1754 598; baseline 0.001 -18"><span class='ocrx_word' id='word_1_50' title='bbox 370 536 560 581; x_wconf 85' lang='lat' dir='ltr'>incidam</span> <span class='ocrx_word' id='word_1_51' title='bbox 576 537 673 581; x_wconf 84' lang='lat' dir='ltr'>avia</span> <span class='ocrx_word' id='word_1_52' title='bbox 684 537 730 581; x_wconf 87' lang='lat' dir='ltr'>in</span> <span class='ocrx_word' id='word_1_53' title='bbox 744 538 1047 598; x_wconf 78' lang='lat' dir='ltr'>muscipulam.</span> <span class='ocrx_word' id='word_1_54' title='bbox 1061 539 1249 583; x_wconf 86' lang='lat' dir='ltr'>Insultet</span> <span class='ocrx_word' id='word_1_55' title='bbox 1262 539 1335 583; x_wconf 90' lang='lat' dir='ltr'>ille</span> <span class='ocrx_word' id='word_1_56' title='bbox 1353 539 1558 584; x_wconf 75' lang='lat' dir='ltr'>crucifixo</span> <span class='ocrx_word' id='word_1_57' title='bbox 1566 539 1754 594; x_wconf 87' lang='lat' dir='ltr'>Christo,</span> 
     </span>
     <span class='ocr_line' id='line_1_23' title="bbox 371 608 1758 667; baseline 0.001 -16"><span class='ocrx_word' id='word_1_58' title='bbox 371 608 541 652; x_wconf 89' lang='lat' dir='ltr'>videam</span> <span class='ocrx_word' id='word_1_59' title='bbox 565 623 646 667; x_wconf 81' lang='lat' dir='ltr'>ego</span> <span class='ocrx_word' id='word_1_60' title='bbox 662 609 708 651; x_wconf 89' lang='lat' dir='ltr'>in</span> <span class='ocrx_word' id='word_1_61' title='bbox 730 609 948 654; x_wconf 83' lang='lat' dir='ltr'>frontibus</span> <span class='ocrx_word' id='word_1_62' title='bbox 970 624 1120 667; x_wconf 83' lang='lat' dir='ltr'>regum</span> <span class='ocrx_word' id='word_1_63' title='bbox 1138 626 1310 654; x_wconf 89' lang='lat' dir='ltr'>crucem</span> <span class='ocrx_word' id='word_1_64' title='bbox 1329 611 1504 655; x_wconf 71' lang='lat' dir='ltr'>Christi.</span> <span class='ocrx_word' id='word_1_65' title='bbox 1522 608 1652 663; x_wconf 88' lang='lat' dir='ltr'>Quod</span> <span class='ocrx_word' id='word_1_66' title='bbox 1667 609 1758 653; x_wconf 91' lang='lat' dir='ltr'>irri-</span> 
     </span>
     <span class='ocr_line' id='line_1_24' title="bbox 373 677 1761 739; baseline 0.001 -18"><span class='ocrx_word' id='word_1_67' title='bbox 373 677 467 730; x_wconf 90' lang='lat' dir='ltr'>det,</span> <span class='ocrx_word' id='word_1_68' title='bbox 504 678 566 721; x_wconf 90' lang='lat' dir='ltr'>ibi</span> <span class='ocrx_word' id='word_1_69' title='bbox 598 677 753 722; x_wconf 83' lang='lat' dir='ltr'>salvor.</span> <span class='ocrx_word' id='word_1_70' title='bbox 780 679 896 724; x_wconf 89' lang='lat' dir='ltr'>Nihil</span> <span class='ocrx_word' id='word_1_71' title='bbox 927 688 990 723; x_wconf 90' lang='lat' dir='ltr'>est</span> <span class='ocrx_word' id='word_1_72' title='bbox 1012 680 1238 739; x_wconf 87' lang='lat' dir='ltr'>superbius</span> <span class='ocrx_word' id='word_1_73' title='bbox 1266 689 1431 738; x_wconf 78' lang='lat' dir='ltr'>aegroto</span> <span class='ocrx_word' id='word_1_74' title='bbox 1449 715 1459 733; x_wconf 87' lang='lat'>,</span> <span class='ocrx_word' id='word_1_75' title='bbox 1486 679 1563 739; x_wconf 88' lang='lat' dir='ltr'>qui</span> <span class='ocrx_word' id='word_1_76' title='bbox 1591 678 1761 723; x_wconf 84' lang='lat' dir='ltr'>deridet</span> 
     </span>
     <span class='ocr_line' id='line_1_25' title="bbox 372 746 1757 809; baseline 0.001 -19"><span class='ocrx_word' id='word_1_77' title='bbox 372 746 738 792; x_wconf 81' lang='lat' dir='ltr'>medicamentum</span> <span class='ocrx_word' id='word_1_78' title='bbox 762 765 904 793; x_wconf 89' lang='lat' dir='ltr'>suum.</span> <span class='ocrx_word' id='word_1_79' title='bbox 934 750 976 794; x_wconf 88' lang='lat' dir='ltr'>Si</span> <span class='ocrx_word' id='word_1_80' title='bbox 992 765 1079 794; x_wconf 92' lang='lat' dir='ltr'>non</span> <span class='ocrx_word' id='word_1_81' title='bbox 1099 749 1335 804; x_wconf 79' lang='lat' dir='ltr'>derideret,</span> <span class='ocrx_word' id='word_1_82' title='bbox 1363 750 1575 809; x_wconf 87' lang='lat' dir='ltr'>acciperet</span> <span class='ocrx_word' id='word_1_83' title='bbox 1597 750 1757 808; x_wconf 89' lang='lat' dir='ltr'>etipse,</span> 
     </span>
     <span class='ocr_line' id='line_1_26' title="bbox 373 819 1759 878; baseline 0.001 -17"><span class='ocrx_word' id='word_1_84' title='bbox 373 827 417 862; x_wconf 90' lang='lat' dir='ltr'>et</span> <span class='ocrx_word' id='word_1_85' title='bbox 439 828 677 862; x_wconf 84' lang='lat' dir='ltr'>sanaretur.</span> <span class='ocrx_word' id='word_1_86' title='bbox 704 821 823 864; x_wconf 84' lang='lat' dir='ltr'>Crux</span> <span class='ocrx_word' id='word_1_87' title='bbox 845 819 919 863; x_wconf 89' lang='lat' dir='ltr'>illa</span> <span class='ocrx_word' id='word_1_88' title='bbox 942 822 1111 878; x_wconf 81' lang='lat' dir='ltr'>signum</span> <span class='ocrx_word' id='word_1_89' title='bbox 1131 830 1194 865; x_wconf 87' lang='lat' dir='ltr'>est</span> <span class='ocrx_word' id='word_1_90' title='bbox 1214 820 1470 864; x_wconf 86' lang='lat' dir='ltr'>humilitatis</span> <span class='ocrx_word' id='word_1_91' title='bbox 1484 856 1495 876; x_wconf 88' lang='lat'>,</span> <span class='ocrx_word' id='word_1_92' title='bbox 1519 819 1593 863; x_wconf 89' lang='lat' dir='ltr'>ille</span> <span class='ocrx_word' id='word_1_93' title='bbox 1615 828 1759 863; x_wconf 87' lang='lat' dir='ltr'>autem</span> 
     </span>
     <span class='ocr_line' id='line_1_27' title="bbox 373 889 1761 948; baseline 0.001 -17"><span class='ocrx_word' id='word_1_94' title='bbox 373 889 575 947; x_wconf 88' lang='lat' dir='ltr'>superbia</span> <span class='ocrx_word' id='word_1_95' title='bbox 597 889 731 933; x_wconf 84' lang='lat' dir='ltr'>nimia</span> <span class='ocrx_word' id='word_1_96' title='bbox 752 905 841 934; x_wconf 91' lang='lat' dir='ltr'>non</span> <span class='ocrx_word' id='word_1_97' title='bbox 863 891 1057 948; x_wconf 83' lang='lat' dir='ltr'>agnoscit</span> <span class='ocrx_word' id='word_1_98' title='bbox 1087 891 1205 934; x_wconf 92' lang='lat' dir='ltr'>unde</span> <span class='ocrx_word' id='word_1_99' title='bbox 1240 899 1415 934; x_wconf 88' lang='lat' dir='ltr'>sanetur</span> <span class='ocrx_word' id='word_1_100' title='bbox 1437 899 1582 934; x_wconf 91' lang='lat' dir='ltr'>tumor</span> <span class='ocrx_word' id='word_1_101' title='bbox 1606 889 1761 933; x_wconf 84' lang='lat' dir='ltr'>animae</span> 
     </span>
     <span class='ocr_line' id='line_1_28' title="bbox 373 959 1762 1019; baseline 0 -17"><span class='ocrx_word' id='word_1_102' title='bbox 373 959 520 1017; x_wconf 89' lang='lat' dir='ltr'>ipsius.</span> <span class='ocrx_word' id='word_1_103' title='bbox 549 959 591 1003; x_wconf 90' lang='lat' dir='ltr'>Si</span> <span class='ocrx_word' id='word_1_104' title='bbox 610 967 755 1002; x_wconf 87' lang='lat' dir='ltr'>autem</span> <span class='ocrx_word' id='word_1_105' title='bbox 777 975 857 1018; x_wconf 84' lang='lat' dir='ltr'>ego</span> <span class='ocrx_word' id='word_1_106' title='bbox 877 975 1061 1017; x_wconf 84' lang='lat' dir='ltr'>agnosco</span> <span class='ocrx_word' id='word_1_107' title='bbox 1076 996 1086 1016; x_wconf 92' lang='lat'>,</span> <span class='ocrx_word' id='word_1_108' title='bbox 1113 960 1158 1003; x_wconf 90' lang='lat' dir='ltr'>in</span> <span class='ocrx_word' id='word_1_109' title='bbox 1175 961 1244 1005; x_wconf 85' lang='lat' dir='ltr'>via</span> <span class='ocrx_word' id='word_1_110' title='bbox 1267 960 1461 1004; x_wconf 87' lang='lat' dir='ltr'>ambulo.</span> <span class='ocrx_word' id='word_1_111' title='bbox 1484 963 1630 1019; x_wconf 87' lang='lat' dir='ltr'>Usque</span> <span class='ocrx_word' id='word_1_112' title='bbox 1653 959 1762 1003; x_wconf 89' lang='lat' dir='ltr'>adeo</span> 
     </span>
     <span class='ocr_line' id='line_1_29' title="bbox 375 1028 1763 1085; baseline 0 -13"><span class='ocrx_word' id='word_1_113' title='bbox 375 1028 431 1072; x_wconf 90' lang='lat' dir='ltr'>de</span> <span class='ocrx_word' id='word_1_114' title='bbox 451 1044 580 1073; x_wconf 90' lang='lat' dir='ltr'>cruce</span> <span class='ocrx_word' id='word_1_115' title='bbox 602 1045 690 1073; x_wconf 90' lang='lat' dir='ltr'>non</span> <span class='ocrx_word' id='word_1_116' title='bbox 725 1030 934 1074; x_wconf 88' lang='lat' dir='ltr'>erubesco</span> <span class='ocrx_word' id='word_1_117' title='bbox 954 1066 965 1085; x_wconf 92' lang='lat'>,</span> <span class='ocrx_word' id='word_1_118' title='bbox 997 1040 1047 1075; x_wconf 89' lang='lat' dir='ltr'>ut</span> <span class='ocrx_word' id='word_1_119' title='bbox 1068 1047 1155 1075; x_wconf 92' lang='lat' dir='ltr'>non</span> <span class='ocrx_word' id='word_1_120' title='bbox 1179 1030 1222 1073; x_wconf 86' lang='lat' dir='ltr'>in</span> <span class='ocrx_word' id='word_1_121' title='bbox 1254 1030 1426 1074; x_wconf 89' lang='lat' dir='ltr'>occulto</span> <span class='ocrx_word' id='word_1_122' title='bbox 1460 1029 1557 1074; x_wconf 92' lang='lat' dir='ltr'>loco</span> <span class='ocrx_word' id='word_1_123' title='bbox 1578 1029 1763 1073; x_wconf 82' lang='lat' dir='ltr'>habeam</span> 
     </span>
     <span class='ocr_line' id='line_1_30' title="bbox 375 1098 1764 1160; baseline 0 -17"><span class='ocrx_word' id='word_1_124' title='bbox 375 1114 547 1143; x_wconf 88' lang='lat' dir='ltr'>crucem</span> <span class='ocrx_word' id='word_1_125' title='bbox 567 1099 753 1154; x_wconf 83' lang='lat' dir='ltr'>Christi,</span> <span class='ocrx_word' id='word_1_126' title='bbox 778 1098 916 1143; x_wconf 86' lang='lat' dir='ltr'>sedin</span> <span class='ocrx_word' id='word_1_127' title='bbox 935 1100 1080 1145; x_wconf 89' lang='lat' dir='ltr'>fronte</span> <span class='ocrx_word' id='word_1_128' title='bbox 1108 1109 1294 1160; x_wconf 88' lang='lat' dir='ltr'>portem.</span> <span class='ocrx_word' id='word_1_129' title='bbox 1326 1099 1466 1145; x_wconf 87' lang='lat' dir='ltr'>Multa</span> <span class='ocrx_word' id='word_1_130' title='bbox 1497 1106 1764 1143; x_wconf 83' lang='lat' dir='ltr'>sacramenta</span> 
     </span>
     <span class='ocr_line' id='line_1_31' title="bbox 375 1167 1766 1230; baseline 0 -19"><span class='ocrx_word' id='word_1_131' title='bbox 375 1167 499 1212; x_wconf 87' lang='lat' dir='ltr'>aliter</span> <span class='ocrx_word' id='word_1_132' title='bbox 527 1178 659 1229; x_wconf 88' lang='lat' dir='ltr'>atque</span> <span class='ocrx_word' id='word_1_133' title='bbox 691 1169 815 1213; x_wconf 89' lang='lat' dir='ltr'>aliter</span> <span class='ocrx_word' id='word_1_134' title='bbox 844 1170 1079 1229; x_wconf 83' lang='lat' dir='ltr'>accipimus</span> <span class='ocrx_word' id='word_1_135' title='bbox 1115 1189 1125 1215; x_wconf 80' lang='lat'>2</span> <span class='ocrx_word' id='word_1_136' title='bbox 1151 1169 1352 1230; x_wconf 70' lang='lat' dir='ltr'>quaedam</span> <span class='ocrx_word' id='word_1_137' title='bbox 1386 1170 1497 1214; x_wconf 91' lang='lat' dir='ltr'>sicut</span> <span class='ocrx_word' id='word_1_138' title='bbox 1535 1169 1668 1213; x_wconf 82' lang='lat' dir='ltr'>nostis</span> <span class='ocrx_word' id='word_1_139' title='bbox 1691 1181 1766 1212; x_wconf 90' lang='lat' dir='ltr'>ore</span> 
     </span>
     <span class='ocr_line' id='line_1_32' title="bbox 377 1238 1766 1301; baseline 0.001 -19"><span class='ocrx_word' id='word_1_140' title='bbox 377 1239 637 1297; x_wconf 83' lang='lat' dir='ltr'>accipimus,</span> <span class='ocrx_word' id='word_1_141' title='bbox 675 1238 875 1301; x_wconf 82' lang='lat' dir='ltr'>quaedam</span> <span class='ocrx_word' id='word_1_142' title='bbox 911 1255 985 1299; x_wconf 90' lang='lat' dir='ltr'>per</span> <span class='ocrx_word' id='word_1_143' title='bbox 1013 1249 1154 1284; x_wconf 91' lang='lat' dir='ltr'>totum</span> <span class='ocrx_word' id='word_1_144' title='bbox 1188 1254 1345 1300; x_wconf 88' lang='lat' dir='ltr'>corpus</span> <span class='ocrx_word' id='word_1_145' title='bbox 1375 1240 1623 1299; x_wconf 89' lang='lat' dir='ltr'>accipimus.</span> <span class='ocrx_word' id='word_1_146' title='bbox 1656 1239 1766 1292; x_wconf 73' lang='lat' dir='ltr'>Quia</span> 
     </span>
     <span class='ocr_line' id='line_1_33' title="bbox 377 1307 1764 1370; baseline 0 -18"><span class='ocrx_word' id='word_1_147' title='bbox 377 1324 479 1353; x_wconf 87' lang='lat' dir='ltr'>vero</span> <span class='ocrx_word' id='word_1_148' title='bbox 500 1309 545 1351; x_wconf 91' lang='lat' dir='ltr'>in</span> <span class='ocrx_word' id='word_1_149' title='bbox 578 1307 722 1353; x_wconf 74' lang='lat' dir='ltr'>fronte</span> <span class='ocrx_word' id='word_1_150' title='bbox 755 1310 1025 1353; x_wconf 74' lang='lat' dir='ltr'>erubescitur</span> <span class='ocrx_word' id='word_1_151' title='bbox 1041 1345 1052 1365; x_wconf 92' lang='lat'>,</span> <span class='ocrx_word' id='word_1_152' title='bbox 1079 1309 1152 1353; x_wconf 77' lang='lat' dir='ltr'>ilie</span> <span class='ocrx_word' id='word_1_153' title='bbox 1175 1310 1251 1370; x_wconf 88' lang='lat' dir='ltr'>qui</span> <span class='ocrx_word' id='word_1_154' title='bbox 1273 1310 1394 1354; x_wconf 84' lang='lat' dir='ltr'>dixit.</span> <span class='ocrx_word' id='word_1_155' title='bbox 1424 1329 1444 1352; x_wconf 87' lang='lat'>«</span> <span class='ocrx_word' id='word_1_156' title='bbox 1470 1309 1554 1363; x_wconf 90' lang='lat' dir='ltr'>Qui</span> <span class='ocrx_word' id='word_1_157' title='bbox 1579 1324 1649 1352; x_wconf 90' lang='lat' dir='ltr'>me</span> <span class='ocrx_word' id='word_1_158' title='bbox 1666 1324 1764 1352; x_wconf 88' lang='lat' dir='ltr'>eru-</span> 
     </span>
     <span class='ocr_line' id='line_1_34' title="bbox 381 1379 1764 1435; baseline 0.001 -15"><span class='ocrx_word' id='word_1_159' title='bbox 381 1396 402 1420; x_wconf 89' lang='lat'>»</span> <span class='ocrx_word' id='word_1_160' title='bbox 437 1379 584 1422; x_wconf 84' lang='lat' dir='ltr'>buerit</span> <span class='ocrx_word' id='word_1_161' title='bbox 600 1379 1032 1435; x_wconf 88' lang='lat' dir='ltr'>coramhominibus,</span> <span class='ocrx_word' id='word_1_162' title='bbox 1061 1380 1311 1424; x_wconf 85' lang='lat' dir='ltr'>erubescam</span> <span class='ocrx_word' id='word_1_163' title='bbox 1333 1395 1430 1423; x_wconf 91' lang='lat' dir='ltr'>eum</span> <span class='ocrx_word' id='word_1_164' title='bbox 1464 1394 1609 1423; x_wconf 90' lang='lat' dir='ltr'>coram</span> <span class='ocrx_word' id='word_1_165' title='bbox 1640 1382 1764 1422; x_wconf 86' lang='lat' dir='ltr'>Patre</span> 
     </span>
     <span class='ocr_line' id='line_1_35' title="bbox 382 1447 1764 1510; baseline 0.002 -21"><span class='ocrx_word' id='word_1_166' title='bbox 382 1467 401 1490; x_wconf 89' lang='lat'>»</span> <span class='ocrx_word' id='word_1_167' title='bbox 435 1464 534 1493; x_wconf 88' lang='lat' dir='ltr'>meo</span> <span class='ocrx_word' id='word_1_168' title='bbox 551 1484 562 1504; x_wconf 81' lang='lat'>,</span> <span class='ocrx_word' id='word_1_169' title='bbox 587 1450 661 1509; x_wconf 86' lang='lat' dir='ltr'>qui</span> <span class='ocrx_word' id='word_1_170' title='bbox 682 1450 729 1493; x_wconf 92' lang='lat' dir='ltr'>in</span> <span class='ocrx_word' id='word_1_171' title='bbox 751 1450 871 1494; x_wconf 87' lang='lat' dir='ltr'>coelis</span> <span class='ocrx_word' id='word_1_172' title='bbox 894 1459 958 1494; x_wconf 91' lang='lat' dir='ltr'>est</span> <span class='ocrx_word' id='word_1_173' title='bbox 974 1452 987 1476; x_wconf 84' lang='lat'><strong>¹</strong></span> <span class='ocrx_word' id='word_1_174' title='bbox 1007 1469 1016 1494; x_wconf 76' lang='grc' dir='ltr'>ε</span> <span class='ocrx_word' id='word_1_175' title='bbox 1046 1468 1066 1491; x_wconf 90' lang='lat'>»</span> <span class='ocrx_word' id='word_1_176' title='bbox 1086 1451 1224 1510; x_wconf 86' lang='lat' dir='ltr'>ipsam</span> <span class='ocrx_word' id='word_1_177' title='bbox 1260 1450 1545 1509; x_wconf 84' lang='lat' dir='ltr'>ignominiam</span> <span class='ocrx_word' id='word_1_178' title='bbox 1574 1447 1764 1509; x_wconf 87' lang='lat' dir='ltr'>quodam</span> 
     </span>
     <span class='ocr_line' id='line_1_36' title="bbox 378 1519 1763 1580; baseline -0.001 -16"><span class='ocrx_word' id='word_1_179' title='bbox 378 1519 511 1564; x_wconf 91' lang='lat' dir='ltr'>modo</span> <span class='ocrx_word' id='word_1_180' title='bbox 529 1556 539 1574; x_wconf 87' lang='lat'>.‚</span> <span class='ocrx_word' id='word_1_181' title='bbox 578 1536 710 1580; x_wconf 89' lang='lat' dir='ltr'>quam</span> <span class='ocrx_word' id='word_1_182' title='bbox 733 1556 743 1575; x_wconf 92' lang='lat'>,</span> <span class='ocrx_word' id='word_1_183' title='bbox 785 1521 942 1579; x_wconf 81' lang='lat' dir='ltr'>Pagani</span> <span class='ocrx_word' id='word_1_184' title='bbox 968 1520 1169 1565; x_wconf 87' lang='lat' dir='ltr'>derident</span> <span class='ocrx_word' id='word_1_185' title='bbox 1188 1556 1199 1576; x_wconf 98' lang='lat'>,</span> <span class='ocrx_word' id='word_1_186' title='bbox 1234 1521 1280 1564; x_wconf 90' lang='lat' dir='ltr'>in</span> <span class='ocrx_word' id='word_1_187' title='bbox 1306 1520 1404 1565; x_wconf 92' lang='lat' dir='ltr'>loco</span> <span class='ocrx_word' id='word_1_188' title='bbox 1425 1519 1603 1579; x_wconf 87' lang='lat' dir='ltr'>pudoris</span> <span class='ocrx_word' id='word_1_189' title='bbox 1631 1519 1763 1563; x_wconf 88' lang='lat' dir='ltr'>nostri</span> 
     </span>
     <span class='ocr_line' id='line_1_37' title="bbox 379 1589 1762 1651; baseline -0.001 -17"><span class='ocrx_word' id='word_1_190' title='bbox 379 1591 619 1635; x_wconf 87' lang='lat' dir='ltr'>constituit.</span> <span class='ocrx_word' id='word_1_191' title='bbox 639 1591 774 1635; x_wconf 82' lang='lat' dir='ltr'>Audis</span> <span class='ocrx_word' id='word_1_192' title='bbox 788 1592 1009 1636; x_wconf 90' lang='lat' dir='ltr'>hominem</span> <span class='ocrx_word' id='word_1_193' title='bbox 1028 1591 1237 1636; x_wconf 88' lang='lat' dir='ltr'>insultare</span> <span class='ocrx_word' id='word_1_194' title='bbox 1254 1591 1514 1651; x_wconf 86' lang='lat' dir='ltr'>impudenti,</span> <span class='ocrx_word' id='word_1_195' title='bbox 1541 1600 1584 1634; x_wconf 90' lang='lat' dir='ltr'>et</span> <span class='ocrx_word' id='word_1_196' title='bbox 1603 1589 1762 1644; x_wconf 80' lang='lat' dir='ltr'>dicere,</span> 
     </span>
     <span class='ocr_line' id='line_1_38' title="bbox 379 1661 1762 1718; baseline -0.001 -13"><span class='ocrx_word' id='word_1_197' title='bbox 379 1663 587 1705; x_wconf 88' lang='lat' dir='ltr'>Frontem</span> <span class='ocrx_word' id='word_1_198' title='bbox 616 1678 704 1706; x_wconf 92' lang='lat' dir='ltr'>non</span> <span class='ocrx_word' id='word_1_199' title='bbox 726 1662 872 1706; x_wconf 87' lang='lat' dir='ltr'>habet.</span> <span class='ocrx_word' id='word_1_200' title='bbox 898 1662 1013 1716; x_wconf 89' lang='lat' dir='ltr'>Quid</span> <span class='ocrx_word' id='word_1_201' title='bbox 1042 1672 1130 1718; x_wconf 86' lang='lat' dir='ltr'>est,</span> <span class='ocrx_word' id='word_1_202' title='bbox 1161 1661 1351 1706; x_wconf 89' lang='lat' dir='ltr'>frontem</span> <span class='ocrx_word' id='word_1_203' title='bbox 1375 1677 1465 1706; x_wconf 92' lang='lat' dir='ltr'>non</span> <span class='ocrx_word' id='word_1_204' title='bbox 1494 1661 1657 1705; x_wconf 80' lang='lat' dir='ltr'>hahet?</span> <span class='ocrx_word' id='word_1_205' title='bbox 1680 1664 1762 1704; x_wconf 93' lang='lat' dir='ltr'>Im-</span> 
     </span>
     <span class='ocr_line' id='line_1_39' title="bbox 381 1731 1762 1790; baseline -0.001 -16"><span class='ocrx_word' id='word_1_206' title='bbox 381 1731 549 1790; x_wconf 87' lang='lat' dir='ltr'>pudens</span> <span class='ocrx_word' id='word_1_207' title='bbox 568 1741 645 1775; x_wconf 87' lang='lat' dir='ltr'>est.</span> <span class='ocrx_word' id='word_1_208' title='bbox 670 1735 766 1777; x_wconf 92' lang='lat' dir='ltr'>Non</span> <span class='ocrx_word' id='word_1_209' title='bbox 787 1733 972 1776; x_wconf 86' lang='lat' dir='ltr'>habeam</span> <span class='ocrx_word' id='word_1_210' title='bbox 995 1732 1158 1776; x_wconf 86' lang='lat' dir='ltr'>nudam</span> <span class='ocrx_word' id='word_1_211' title='bbox 1177 1731 1364 1776; x_wconf 74' lang='lat' dir='ltr'>frontem</span> <span class='ocrx_word' id='word_1_212' title='bbox 1378 1767 1388 1786; x_wconf 91' lang='lat'>,</span> <span class='ocrx_word' id='word_1_213' title='bbox 1415 1740 1529 1789; x_wconf 85' lang='lat' dir='ltr'>tegat</span> <span class='ocrx_word' id='word_1_214' title='bbox 1548 1746 1641 1774; x_wconf 89' lang='lat' dir='ltr'>eam</span> <span class='ocrx_word' id='word_1_215' title='bbox 1664 1745 1762 1774; x_wconf 68' lang='lat' dir='ltr'>crux</span> 
     </span>
     <span class='ocr_line' id='line_1_40' title="bbox 380 1799 1761 1863; baseline -0.001 -18"><span class='ocrx_word' id='word_1_216' title='bbox 380 1802 555 1846; x_wconf 87' lang='lat' dir='ltr'>Domini</span> <span class='ocrx_word' id='word_1_217' title='bbox 577 1802 678 1845; x_wconf 87' lang='lat' dir='ltr'>mei.</span> <span class='ocrx_word' id='word_1_218' title='bbox 703 1805 819 1861; x_wconf 80' lang='lat' dir='ltr'>Ergo</span> <span class='ocrx_word' id='word_1_219' title='bbox 846 1821 865 1844; x_wconf 88' lang='lat'>«</span> <span class='ocrx_word' id='word_1_220' title='bbox 891 1806 942 1846; x_wconf 89' lang='lat' dir='ltr'>In</span> <span class='ocrx_word' id='word_1_221' title='bbox 963 1802 1030 1845; x_wconf 86' lang='lat' dir='ltr'>via</span> <span class='ocrx_word' id='word_1_222' title='bbox 1048 1838 1059 1856; x_wconf 90' lang='lat'>,</span> <span class='ocrx_word' id='word_1_223' title='bbox 1079 1818 1166 1863; x_wconf 84' lang='lat' dir='ltr'>qua</span> <span class='ocrx_word' id='word_1_224' title='bbox 1188 1802 1463 1860; x_wconf 82' lang='lat' dir='ltr'>ingrediebar</span> <span class='ocrx_word' id='word_1_225' title='bbox 1479 1836 1489 1855; x_wconf 95' lang='lat'>,</span> <span class='ocrx_word' id='word_1_226' title='bbox 1524 1799 1761 1844; x_wconf 89' lang='lat' dir='ltr'>absconde-</span> 
     </span>
     <span class='ocr_line' id='line_1_41' title="bbox 385 1872 1759 1933; baseline 0.001 -20"><span class='ocrx_word' id='word_1_227' title='bbox 385 1890 405 1913; x_wconf 88' lang='lat'>»</span> <span class='ocrx_word' id='word_1_228' title='bbox 442 1882 544 1916; x_wconf 88' lang='lat' dir='ltr'>runt</span> <span class='ocrx_word' id='word_1_229' title='bbox 574 1873 861 1932; x_wconf 90' lang='lat' dir='ltr'>muscipulam</span> <span class='ocrx_word' id='word_1_230' title='bbox 884 1873 1017 1928; x_wconf 91' lang='lat' dir='ltr'>mihi,</span> <span class='ocrx_word' id='word_1_231' title='bbox 1058 1891 1077 1914; x_wconf 67' lang='grc' dir='ltr'><strong>η</strong></span> <span class='ocrx_word' id='word_1_232' title='bbox 1104 1882 1319 1933; x_wconf 87' lang='lat' dir='ltr'>quantum</span> <span class='ocrx_word' id='word_1_233' title='bbox 1353 1873 1397 1916; x_wconf 91' lang='lat' dir='ltr'>in</span> <span class='ocrx_word' id='word_1_234' title='bbox 1426 1872 1526 1931; x_wconf 89' lang='lat' dir='ltr'>ipsis</span> <span class='ocrx_word' id='word_1_235' title='bbox 1553 1880 1643 1927; x_wconf 68' lang='lat' dir='ltr'>est,</span> <span class='ocrx_word' id='word_1_236' title='bbox 1667 1886 1722 1914; x_wconf 86' lang='lat' dir='ltr'>na</span> <span class='ocrx_word' id='word_1_237' title='bbox 1757 1910 1759 1913; x_wconf 89' lang='lat'>.</span> 
     </span>
     <span class='ocr_line' id='line_1_42' title="bbox 375 1941 1760 2003; baseline -0.002 -17"><span class='ocrx_word' id='word_1_238' title='bbox 375 1943 498 2002; x_wconf 85' lang='lat' dir='ltr'>juxta</span> <span class='ocrx_word' id='word_1_239' title='bbox 518 1943 632 1987; x_wconf 91' lang='lat' dir='ltr'>viam</span> <span class='ocrx_word' id='word_1_240' title='bbox 653 1952 894 2003; x_wconf 85' lang='lat' dir='ltr'>posuerunt</span> <span class='ocrx_word' id='word_1_241' title='bbox 920 1963 928 1988; x_wconf 75' lang='grc' dir='ltr'>ε</span> <span class='ocrx_word' id='word_1_242' title='bbox 949 1958 1028 2001; x_wconf 82' lang='lat' dir='ltr'>ego</span> <span class='ocrx_word' id='word_1_243' title='bbox 1046 1953 1189 1986; x_wconf 88' lang='lat' dir='ltr'>autem</span> <span class='ocrx_word' id='word_1_244' title='bbox 1205 1952 1325 1986; x_wconf 88' lang='lat' dir='ltr'>tutus</span> <span class='ocrx_word' id='word_1_245' title='bbox 1345 1958 1418 1986; x_wconf 90' lang='lat' dir='ltr'>ero</span> <span class='ocrx_word' id='word_1_246' title='bbox 1435 1977 1445 1996; x_wconf 95' lang='lat'>,</span> <span class='ocrx_word' id='word_1_247' title='bbox 1466 1942 1498 1985; x_wconf 91' lang='lat' dir='ltr'>si</span> <span class='ocrx_word' id='word_1_248' title='bbox 1515 1941 1569 1984; x_wconf 90' lang='lat' dir='ltr'>de</span> <span class='ocrx_word' id='word_1_249' title='bbox 1591 1941 1658 1985; x_wconf 85' lang='lat' dir='ltr'>via</span> <span class='ocrx_word' id='word_1_250' title='bbox 1678 1955 1760 1984; x_wconf 86' lang='lat' dir='ltr'>nor.</span> 
     </span>
     <span class='ocr_line' id='line_1_43' title="bbox 382 2010 1759 2073; baseline -0.002 -18"><span class='ocrx_word' id='word_1_251' title='bbox 382 2027 609 2056; x_wconf 83' lang='lat' dir='ltr'>recessero.</span> <span class='ocrx_word' id='word_1_252' title='bbox 639 2032 658 2054; x_wconf 90' lang='lat'>«</span> <span class='ocrx_word' id='word_1_253' title='bbox 687 2016 863 2072; x_wconf 81' lang='lat' dir='ltr'>Ignoras</span> <span class='ocrx_word' id='word_1_254' title='bbox 901 2014 1001 2073; x_wconf 89' lang='lat' dir='ltr'>quia</span> <span class='ocrx_word' id='word_1_255' title='bbox 1033 2014 1076 2056; x_wconf 92' lang='lat' dir='ltr'>in</span> <span class='ocrx_word' id='word_1_256' title='bbox 1101 2012 1247 2057; x_wconf 91' lang='lat' dir='ltr'>medio</span> <span class='ocrx_word' id='word_1_257' title='bbox 1276 2012 1533 2071; x_wconf 86' lang='lat' dir='ltr'>laqueorum</span> <span class='ocrx_word' id='word_1_258' title='bbox 1561 2010 1759 2068; x_wconf 86' lang='lat' dir='ltr'>ingrede-</span> 
     </span>
     <span class='ocr_line' id='line_1_44' title="bbox 385 2080 1759 2142; baseline 0 -21"><span class='ocrx_word' id='word_1_259' title='bbox 385 2101 405 2122; x_wconf 88' lang='lat'>»</span> <span class='ocrx_word' id='word_1_260' title='bbox 441 2083 496 2125; x_wconf 90' lang='lat' dir='ltr'>ris</span> <span class='ocrx_word' id='word_1_261' title='bbox 511 2085 550 2136; x_wconf 73' lang='lat'>²,</span> <span class='ocrx_word' id='word_1_262' title='bbox 569 2100 588 2123; x_wconf 70' lang='grc' dir='ltr'>υ</span> <span class='ocrx_word' id='word_1_263' title='bbox 611 2083 669 2126; x_wconf 89' lang='lat' dir='ltr'>ait</span> <span class='ocrx_word' id='word_1_264' title='bbox 691 2083 927 2142; x_wconf 87' lang='lat' dir='ltr'>Scriptura.</span> <span class='ocrx_word' id='word_1_265' title='bbox 949 2082 1064 2135; x_wconf 87' lang='lat' dir='ltr'>Quid</span> <span class='ocrx_word' id='word_1_266' title='bbox 1082 2091 1160 2135; x_wconf 89' lang='lat' dir='ltr'>est,</span> <span class='ocrx_word' id='word_1_267' title='bbox 1184 2100 1203 2123; x_wconf 88' lang='lat'>«</span> <span class='ocrx_word' id='word_1_268' title='bbox 1222 2085 1272 2124; x_wconf 92' lang='lat' dir='ltr'>ln</span> <span class='ocrx_word' id='word_1_269' title='bbox 1283 2080 1426 2124; x_wconf 89' lang='lat' dir='ltr'>medio</span> <span class='ocrx_word' id='word_1_270' title='bbox 1442 2080 1728 2139; x_wconf 80' lang='lat' dir='ltr'>laqueorum?</span> <span class='ocrx_word' id='word_1_271' title='bbox 1744 2097 1759 2120; x_wconf 86' lang='lat'>›:·</span> 
     </span>
     <span class='ocr_line' id='line_1_45' title="bbox 382 2148 1758 2210; baseline -0.001 -17"><span class='ocrx_word' id='word_1_272' title='bbox 382 2151 427 2193; x_wconf 91' lang='lat' dir='ltr'>in</span> <span class='ocrx_word' id='word_1_273' title='bbox 441 2151 509 2194; x_wconf 84' lang='lat' dir='ltr'>via</span> <span class='ocrx_word' id='word_1_274' title='bbox 531 2151 706 2205; x_wconf 83' lang='lat' dir='ltr'>Christi,</span> <span class='ocrx_word' id='word_1_275' title='bbox 726 2161 768 2194; x_wconf 90' lang='lat' dir='ltr'>et</span> <span class='ocrx_word' id='word_1_276' title='bbox 783 2153 883 2195; x_wconf 91' lang='lat' dir='ltr'>hinc</span> <span class='ocrx_word' id='word_1_277' title='bbox 899 2151 1045 2210; x_wconf 85' lang='lat' dir='ltr'>laquei</span> <span class='ocrx_word' id='word_1_278' title='bbox 1062 2186 1072 2204; x_wconf 96' lang='lat'>,</span> <span class='ocrx_word' id='word_1_279' title='bbox 1090 2160 1133 2194; x_wconf 90' lang='lat' dir='ltr'>et</span> <span class='ocrx_word' id='word_1_280' title='bbox 1151 2151 1254 2194; x_wconf 91' lang='lat' dir='ltr'>hinc</span> <span class='ocrx_word' id='word_1_281' title='bbox 1273 2149 1417 2209; x_wconf 84' lang='lat' dir='ltr'>laquei</span> <span class='ocrx_word' id='word_1_282' title='bbox 1438 2168 1446 2193; x_wconf 87' lang='lat'>:</span> <span class='ocrx_word' id='word_1_283' title='bbox 1464 2149 1609 2208; x_wconf 87' lang='lat' dir='ltr'>laquei</span> <span class='ocrx_word' id='word_1_284' title='bbox 1623 2164 1645 2192; x_wconf 86' lang='lat' dir='ltr'>a</span> <span class='ocrx_word' id='word_1_285' title='bbox 1659 2148 1758 2192; x_wconf 85' lang='lat' dir='ltr'>dex-</span> 
     </span>
     <span class='ocr_line' id='line_1_46' title="bbox 382 2221 1757 2282; baseline -0.001 -18"><span class='ocrx_word' id='word_1_286' title='bbox 382 2221 481 2275; x_wconf 90' lang='lat' dir='ltr'>tris,</span> <span class='ocrx_word' id='word_1_287' title='bbox 522 2221 666 2281; x_wconf 85' lang='lat' dir='ltr'>laquei</span> <span class='ocrx_word' id='word_1_288' title='bbox 689 2238 711 2265; x_wconf 84' lang='lat' dir='ltr'>a</span> <span class='ocrx_word' id='word_1_289' title='bbox 729 2223 906 2266; x_wconf 87' lang='lat' dir='ltr'>sinistris</span> <span class='ocrx_word' id='word_1_290' title='bbox 929 2241 937 2266; x_wconf 89' lang='lat'>:</span> <span class='ocrx_word' id='word_1_291' title='bbox 961 2222 1106 2282; x_wconf 81' lang='lat' dir='ltr'>laquei</span> <span class='ocrx_word' id='word_1_292' title='bbox 1128 2238 1149 2265; x_wconf 89' lang='lat' dir='ltr'>a</span> <span class='ocrx_word' id='word_1_293' title='bbox 1169 2221 1327 2265; x_wconf 85' lang='lat' dir='ltr'>dextris</span> <span class='ocrx_word' id='word_1_294' title='bbox 1347 2246 1374 2273; x_wconf 90' lang='lat'>,-</span> <span class='ocrx_word' id='word_1_295' title='bbox 1391 2221 1652 2280; x_wconf 82' lang='lat' dir='ltr'>prosperitas</span> <span class='ocrx_word' id='word_1_296' title='bbox 1687 2236 1757 2263; x_wconf 86' lang='lat' dir='ltr'>sae-</span> 
     </span>
     <span class='ocr_line' id='line_1_47' title="bbox 383 2290 1756 2352; baseline -0.001 -17"><span class='ocrx_word' id='word_1_297' title='bbox 383 2291 470 2336; x_wconf 91' lang='lat' dir='ltr'>culi</span> <span class='ocrx_word' id='word_1_298' title='bbox 492 2313 503 2349; x_wconf 81' lang='lat'>3</span> <span class='ocrx_word' id='word_1_299' title='bbox 522 2291 666 2352; x_wconf 85' lang='lat' dir='ltr'>laquei</span> <span class='ocrx_word' id='word_1_300' title='bbox 689 2293 917 2347; x_wconf 84' lang='lat' dir='ltr'>asinistris,</span> <span class='ocrx_word' id='word_1_301' title='bbox 937 2293 1170 2337; x_wconf 82' lang='lat' dir='ltr'>adversitas</span> <span class='ocrx_word' id='word_1_302' title='bbox 1187 2293 1333 2337; x_wconf 75' lang='lat' dir='ltr'>saeculi</span> <span class='ocrx_word' id='word_1_303' title='bbox 1355 2312 1362 2336; x_wconf 92' lang='lat'>:</span> <span class='ocrx_word' id='word_1_304' title='bbox 1380 2292 1524 2352; x_wconf 85' lang='lat' dir='ltr'>laquei</span> <span class='ocrx_word' id='word_1_305' title='bbox 1548 2308 1571 2335; x_wconf 88' lang='lat' dir='ltr'>a</span> <span class='ocrx_word' id='word_1_306' title='bbox 1586 2290 1756 2346; x_wconf 61' lang='lat' dir='ltr'>dextris,</span> 
     </span>
     <span class='ocr_line' id='line_1_48' title="bbox 383 2361 1756 2423; baseline 0.001 -19"><span class='ocrx_word' id='word_1_307' title='bbox 383 2362 706 2421; x_wconf 72' lang='lat' dir='ltr'>promissiones,</span> <span class='ocrx_word' id='word_1_308' title='bbox 747 2363 890 2423; x_wconf 86' lang='lat' dir='ltr'>laquei</span> <span class='ocrx_word' id='word_1_309' title='bbox 914 2379 937 2407; x_wconf 82' lang='lat' dir='ltr'>a</span> <span class='ocrx_word' id='word_1_310' title='bbox 977 2363 1154 2407; x_wconf 86' lang='lat' dir='ltr'>sinistris</span> <span class='ocrx_word' id='word_1_311' title='bbox 1172 2398 1196 2418; x_wconf 38' lang='lat' dir='ltr'>,f</span> <span class='ocrx_word' id='word_1_312' title='bbox 1221 2372 1417 2406; x_wconf 87' lang='lat' dir='ltr'>terrores.</span> <span class='ocrx_word' id='word_1_313' title='bbox 1447 2364 1512 2405; x_wconf 87' lang='lat' dir='ltr'>Tu</span> <span class='ocrx_word' id='word_1_314' title='bbox 1544 2361 1590 2404; x_wconf 90' lang='lat' dir='ltr'>in</span> <span class='ocrx_word' id='word_1_315' title='bbox 1624 2361 1756 2406; x_wconf 75' lang='lat' dir='ltr'>medi(</span> 
     </span>
     <span class='ocr_line' id='line_1_49' title="bbox 382 2431 1755 2492; baseline 0 -17"><span class='ocrx_word' id='word_1_316' title='bbox 382 2431 638 2492; x_wconf 88' lang='lat' dir='ltr'>laqueorum</span> <span class='ocrx_word' id='word_1_317' title='bbox 661 2432 887 2491; x_wconf 83' lang='lat' dir='ltr'>ingredere</span> <span class='ocrx_word' id='word_1_318' title='bbox 907 2468 918 2488; x_wconf 92' lang='lat'>,</span> <span class='ocrx_word' id='word_1_319' title='bbox 945 2448 968 2476; x_wconf 89' lang='lat' dir='ltr'>a</span> <span class='ocrx_word' id='word_1_320' title='bbox 985 2433 1053 2477; x_wconf 82' lang='lat' dir='ltr'>via</span> <span class='ocrx_word' id='word_1_321' title='bbox 1071 2432 1160 2478; x_wconf 90' lang='lat' dir='ltr'>noli</span> <span class='ocrx_word' id='word_1_322' title='bbox 1182 2432 1382 2477; x_wconf 87' lang='lat' dir='ltr'>recedere</span> <span class='ocrx_word' id='word_1_323' title='bbox 1407 2451 1416 2475; x_wconf 78' lang='lat' dir='ltr'>z</span> <span class='ocrx_word' id='word_1_324' title='bbox 1438 2446 1518 2476; x_wconf 87' lang='lat' dir='ltr'>nec</span> <span class='ocrx_word' id='word_1_325' title='bbox 1540 2431 1755 2490; x_wconf 85' lang='lat' dir='ltr'>promissi(</span> 
     </span>
    </p>
   </div>
   <div class='ocr_carea' id='block_1_4' title="bbox 434 2528 1022 2569">
    <p class='ocr_par' dir='ltr' id='par_1_4' title="bbox 434 2528 1022 2569">
     <span class='ocr_line' id='line_1_50' title="bbox 434 2528 1022 2569; baseline 0.003 -11"><span class='ocrx_word' id='word_1_326' title='bbox 434 2534 443 2550; x_wconf 89' lang='lat'>¹</span> <span class='ocrx_word' id='word_1_327' title='bbox 463 2528 540 2560; x_wconf 87' lang='lat' dir='ltr'>Luc.</span> <span class='ocrx_word' id='word_1_328' title='bbox 561 2540 606 2568; x_wconf 79' lang='lat' dir='ltr'>rx,</span> <span class='ocrx_word' id='word_1_329' title='bbox 623 2528 676 2560; x_wconf 76' lang='lat'>26.</span> <span class='ocrx_word' id='word_1_330' title='bbox 693 2544 734 2551; x_wconf 94' lang='lat'>—</span> <span class='ocrx_word' id='word_1_331' title='bbox 761 2536 773 2551; x_wconf 84' lang='lat'>²</span> <span class='ocrx_word' id='word_1_332' title='bbox 795 2529 878 2561; x_wconf 75' lang='lat' dir='ltr'>Eccli</span> <span class='ocrx_word' id='word_1_333' title='bbox 899 2539 946 2569; x_wconf 80' lang='lat' dir='ltr'>rx,</span> <span class='ocrx_word' id='word_1_334' title='bbox 969 2540 1022 2561; x_wconf 86' lang='lat'>20.</span> 
     </span>
    </p>
   </div>
  </div>
 </body>
</html>
