1815 3253
425 266 668 298 umanum
700 270 747 298 nv
777 266 983 298 PsALMtJM
1012 269 1156 297 cxzw.
1393 255 1477 298 507

91 333 320 395 discipuli,
345 343 396 380 ut
427 334 641 379 haberent
670 335 953 390 charitatem,
987 349 1098 395 quos
1129 333 1305 379 volebat
1337 333 1480 379 facere

21 416 32 424 '
90 406 137 450 in
172 406 287 451 coelo
326 405 468 451 stellas
500 404 772 450 ambulantes
805 405 1202 464 supereminentem
1235 404 1371 459 viam,
1406 404 1480 449 ille

94 494 116 519 «
149 477 232 530 Qui
256 485 458 521 numerat
479 475 810 520 multitudinem
840 474 1088 530 stellarum,
1121 483 1164 519 et
1185 474 1389 518 omnibus
1419 478 1480 519 eis

91 564 113 588 »
148 547 324 591 nomina
357 562 545 602 vocans,
584 564 605 587 ³>
643 561 745 591 cum
782 543 974 589 redirent
999 543 1207 604 Discipuli
1239 559 1329 604 quo
1363 544 1480 589 missi

89 621 235 671 erant,
267 615 597 672 exultaverunt,
629 625 671 660 et
698 616 931 660 dixerunt:
974 635 993 657 «
1025 615 1233 670 Domine,
1263 629 1363 659 ecce
1390 615 1480 674 spi-

92 705 113 729 »
149 687 257 732 ritus
302 687 519 732 immundi
564 687 747 748 subjecti
787 695 888 731 sunt
928 686 1055 731 nobis
1096 693 1277 746 propter
1319 700 1480 730 nomen

91 777 112 801 »
148 767 290 803 tuum.
325 777 345 801 »
367 761 424 803 Et
443 758 513 803 ille
535 778 554 802 «
579 760 655 820 qui
672 767 872 803 numerat
892 756 1221 803 multitudinem
1235 756 1477 813 stellarum,

90 847 111 872 n
148 839 191 874 et
213 831 417 874 omnibus
440 831 498 874 eis
520 831 698 876 nomina
718 846 901 886 vocans,
936 848 956 872 »
993 829 1129 874 sciens
1152 828 1314 873 multos
1337 828 1481 873 dictu-

87 916 158 945 ros
178 915 268 945 esse
299 920 308 945 :
341 919 360 942 «
387 904 541 946 Nonne
563 902 608 945 in
636 901 812 946 nomine
838 911 917 946 tuo
944 900 1160 945 daemonia
1189 900 1420 960 ejecimus?
1456 917 1477 941 »

87 972 247 1033 quibus
279 971 477 1017 dicturus
500 982 564 1017 est
596 973 639 1017 in
661 974 770 1028 fine,
800 992 820 1015 «
844 975 943 1018 Non
976 972 1078 1016 novi
1099 987 1174 1017 vos
1203 990 1212 1016 ε
1239 989 1260 1013 »
1286 970 1390 1032 quia
1411 985 1481 1016 eos

87 1059 177 1087 non
201 1043 446 1088 numeravit
468 1043 514 1087 in
536 1043 821 1088 multitudine
849 1042 1090 1098 stellarum,
1115 1058 1195 1087 nec
1217 1042 1276 1086 eis
1304 1042 1481 1087 nomina

19 1129 29 1137 ·
87 1115 259 1159 vocavit
285 1133 293 1159 ε
323 1133 342 1156 «
367 1114 533 1170 Nolite,
559 1115 727 1174 inquit,
752 1116 800 1160 in
828 1116 912 1159 hoc
940 1114 1152 1173 gaudere,
1177 1113 1279 1173 quia
1307 1113 1482 1172 spiritus

90 1203 111 1227 »
147 1185 269 1229 vobis
299 1184 482 1245 subjecti
515 1195 645 1240 sunt,
676 1184 752 1229 sed
782 1184 966 1243 gaudete
997 1185 1099 1245 quia
1130 1184 1308 1228 nomina
1341 1192 1482 1228 vestra

90 1273 111 1297 »
146 1256 305 1315 scripta
322 1267 424 1299 sunt
444 1255 490 1299 in
512 1255 628 1300 coelo
646 1260 677 1300 ¹.
701 1256 786 1318 Qui
803 1264 1005 1300 numerat
1026 1254 1356 1299 multitudinem
1378 1254 1482 1299 stel-

90 1345 112 1368 »
146 1327 303 1382 larum,
329 1336 372 1370 et
395 1327 599 1385 omnibus
623 1328 680 1371 eis
703 1327 880 1372 nomina
896 1342 1072 1372 vocans.
1111 1344 1132 1368 »

145 1400 225 1443 XI.
265 1417 286 1440 «
320 1400 506 1456 Magnus
524 1398 735 1442 Dominus
753 1407 913 1443 noster.
943 1415 963 1439 »
991 1396 1203 1458 Impletus
1218 1406 1280 1442 est
1304 1396 1480 1456 gaudio,

18 1485 27 1495 ·
87 1469 302 1513 eructavit
335 1468 617 1512 ineffabiliter
647 1488 655 1513 :
681 1469 833 1514 Nescio
864 1468 971 1529 quid
994 1468 1139 1513 dicere
1165 1484 1255 1513 non
1284 1468 1481 1522 valebat,

87 1548 132 1583 et
153 1538 343 1598 cogitare
361 1539 584 1599 quomodo
601 1539 807 1584 valebat?
832 1559 852 1582 «
886 1542 1072 1598 Magnus
1086 1539 1298 1583 Dominus
1319 1547 1481 1594 noster,

90 1626 111 1650 »
146 1619 190 1654 et
211 1625 369 1668 magna
390 1610 526 1654 virtus
553 1611 659 1670 ejus,
685 1619 728 1653 et
756 1609 1058 1669 intelligentiae
1081 1611 1174 1670 ejus
1202 1625 1292 1654 non
1314 1619 1378 1653 est
1400 1625 1486 1653 nu-

90 1697 110 1721 »
145 1695 291 1724 merus
315 1683 347 1723 ².
384 1699 404 1722 «
430 1679 509 1723 Ille
531 1680 623 1739 ipse
652 1681 728 1740 qui
750 1690 953 1725 numerat
982 1680 1313 1725 multitudinem
1336 1679 1484 1724 stella-

86 1767 207 1806 rum,
241 1752 461 1795 numerari
485 1767 575 1796 non
606 1761 765 1811 potest.
803 1771 823 1794 «
856 1755 1042 1811 Magnus
1070 1753 1282 1797 Dominus
1310 1761 1482 1807 noster,

89 1840 111 1864 n
147 1831 191 1867 et
217 1837 372 1881 magua
394 1823 531 1867 virtus
561 1824 676 1883 ejus,
703 1832 746 1867 et
768 1822 1068 1881 intelligentiae
1088 1825 1179 1884 ejus
1201 1839 1292 1868 non
1313 1832 1378 1868 est
1402 1839 1486 1867 nu-

90 1910 112 1935 »
146 1908 307 1937 merus.
336 1911 356 1934 »
379 1893 483 1946 Quis
499 1894 583 1938 hoc
600 1896 818 1952 exponat?
838 1893 935 1953 quis
955 1893 1086 1951 digne
1101 1894 1169 1938 vel
1191 1894 1351 1952 cogitet
1365 1893 1486 1954 quod
1539 1928 1543 1932 ⁴

87 1965 257 2009 dictum
287 1973 351 2009 est
377 1983 386 2009 ε
430 1983 451 2006 «
480 1968 537 2009 Et
559 1964 858 2024 intelligentiae
881 1966 972 2026 ejus
995 1981 1085 2010 non
1108 1974 1172 2010 est
1194 1967 1436 2010 numerus?
1460 1984 1481 2008 »

87 2039 233 2095 Atque
265 2035 435 2080 utinam
470 2035 679 2082 infundat
705 2052 748 2081 se
777 2036 917 2092 vobis,
952 2046 996 2081 et
1019 2037 1099 2081 ubi
1125 2052 1204 2082 nos
1234 2036 1483 2093 deficimus,

88 2107 192 2167 quia
226 2106 318 2165 ipse
347 2115 502 2165 potens
535 2116 622 2163 est,
664 2108 755 2167 ipse
792 2107 982 2152 illustret
1016 2117 1184 2153 mentes
1220 2117 1409 2164 vestras,
1438 2117 1488 2152 ut

88 2178 227 2223 sciatis
249 2177 356 2238 quid
380 2178 433 2222 sit
448 2213 459 2233 ,
495 2198 516 2221 «
550 2179 860 2239 Intelligentiae
892 2180 984 2240 ejus
1006 2195 1096 2224 non
1122 2189 1186 2224 est
1208 2195 1431 2224 numerus
1461 2198 1482 2221 »

88 2249 252 2293 Videtis
269 2248 402 2304 enim,
422 2247 594 2304 fratres,
619 2249 837 2311 numquid
853 2259 917 2295 est
939 2266 1147 2295 numerus
1165 2252 1333 2295 arenae?
1350 2250 1488 2296 Nobis

89 2335 180 2365 non
195 2328 274 2375 est,
298 2322 388 2363 Deo
403 2328 481 2364 est.
504 2320 586 2365 Cui
602 2320 747 2380 capilli
769 2322 920 2380 capitis
943 2322 1080 2366 nostri
1096 2321 1314 2365 numerati
1334 2322 1484 2377 sunt-³,

88 2398 134 2434 et
154 2405 284 2434 arena
310 2387 541 2435 'numerata
563 2399 641 2434 est.
669 2389 894 2451 Quidquid
921 2406 1023 2450 ergo
1045 2391 1267 2436 infinitum
1295 2390 1488 2436 mundus

89 2459 168 2504 iste
195 2459 516 2519 complectitur.
548 2460 715 2505 etiamsi
741 2460 932 2517 homini,
966 2477 1057 2506 non
1086 2470 1233 2506 tamen
1255 2464 1349 2507 Deo
1376 2480 1385 2506 ε
1409 2477 1488 2521 pa—

89 2544 187 2573 rum
209 2527 329 2586 dico,
361 2532 477 2588 Deo,
501 2530 678 2590 Angelis
700 2540 982 2576 numeratum
1010 2540 1088 2577 est.
1119 2551 1140 2576 «
1175 2531 1487 2591 Intelligentiae

139 2621 147 2637 ¹
165 2615 231 2666 Luc
247 2626 280 2657 x,
303 2624 412 2657 17-20.
428 2632 470 2640 —
490 2622 504 2639 ²
517 2616 599 2649 Psal.
618 2627 723 2658 chw,
739 2616 771 2649 5.
789 2633 831 2641 --
846 2613 860 2640 3
879 2616 993 2649 Matth.
1011 2627 1048 2657 x,
1079 2616 1131 2649 30.
