1815 3253
360 174 445 214 486
794 182 828 212 s.
864 183 1095 213 Aucusnm
1126 185 1308 214 Emscom

361 249 424 293 illi
447 249 501 292 de
531 247 748 292 omnibus.
772 249 871 293 Non
892 246 946 290 ad
968 258 1234 307 praeceptum
1259 263 1361 292 cura
1382 258 1471 307 est3
1500 264 1600 293 nam
1621 263 1746 308 prae-.

362 328 536 378 ceptum
558 316 638 361 soli
660 317 826 361 homini
849 316 984 361 dedit.
1008 317 1121 361 Dicit
1140 319 1256 361 enim
1290 316 1483 362 Psalmus
1498 353 1510 373 ‚
1538 337 1558 360 «
1586 318 1738 362 Homi-

363 408 384 430 »
419 403 494 431 nes
517 397 559 431 et
577 389 774 447 jumenta
797 386 935 430 salvos
957 386 1106 442 facies,
1127 389 1307 431 Domine
1323 423 1333 442 ‚
1359 388 1600 432 secundum
1622 388 1738 432 mul-

364 477 385 500 »
422 457 654 502 titudinem
686 447 1134 512 misericordiae'tuae,
1169 460 1282 502 Deus
1304 460 1334 501 ¹.
1371 457 1734 502 Multitudinem:

364 547 386 571 »
420 528 562 587 inquit
576 562 587 581 ,
609 526 912 570 misericordiae
934 537 1038 581 tuae,
1059 527 1300 571 secundum
1318 528 1432 572 hanc
1455 528 1593 572 salvos
1611 526 1763 572 facies-

363 617 386 642 »
420 599 618 643 homines
648 607 691 641 et
714 599 926 657 jumenta.
956 616 976 639 »
1009 600 1066 641 Et
1095 597 1326 657 Apostolus
1346 634 1357 654 ‚
1396 618 1417 640 «
1440 597 1665 658 Numquid
1687 597 1741 642 de

363 687 385 712 »
420 668 563 712 bobus
585 683 687 712 cura
709 675 772 710 est
794 669 938 712 De02?
963 685 982 708 »
1009 669 1100 712 Hac
1114 703 1126 722 ,
1150 687 1169 710 «
1196 671 1257 712 De
1279 668 1421 713 bobus
1443 685 1547 713 cura
1568 684 1658 713 non
1679 675 1743 712 est

365 757 386 781 »
423 743 512 783 Deo
532 759 544 796 3
571 757 590 780 »
616 739 698 782 hac
714 773 725 793 ‚
754 757 775 780 «
802 739 1007 783 Homines
1030 749 1072 783 et
1090 740 1287 799 jumenta
1309 739 1447 784 salvos
1471 738 1599 784 facies
1619 775 1630 795 ,
1654 742 1744 784 Do-

365 828 385 853 »
421 809 538 854 mine
564 828 573 853 2
602 827 622 850 »
648 808 864 868 numquid
896 810 1110 854 contraria
1131 820 1234 855 sunt
1262 811 1374 855 ista?
1398 810 1515 864 Quid
1547 811 1663 854 enim
1687 811 1747 854 ait

361 879 624 940 Apostolus?
655 880 921 940 «Numquid
954 880 1008 924 de
1041 880 1181 925 bobus
1207 881 1393 940 pertinet
1421 880 1476 925 ad
1508 882 1687 925 Deum?
1721 899 1742 922 »

363 952 450 996 Ubi
474 960 536 995 est
559 960 843 1010 praeceptum,
863 970 881 992 «
895 951 999 994 Bovi
1013 951 1230 995 trituranti
1247 967 1292 996 os
1309 954 1398 996 non
1419 950 1680 995 infrenabis3
1699 969 1742 995 z»

362 1021 423 1066 ibi
454 1020 508 1065 de
531 1021 671 1065 bobus
693 1036 782 1064 non
804 1021 1009 1080 cogitavit
1038 1023 1184 1066 Deus?
1206 1025 1358 1082 Itaque
1377 1021 1588 1081 quosdam
1617 1021 1749 1065 boves

363 1091 503 1137 voluit
524 1090 770 1149 significari.
802 1093 899 1135 Non
917 1091 1032 1135 enim
1054 1092 1138 1136 hoc
1160 1102 1283 1136 curat
1308 1095 1421 1136 Deus
1444 1106 1621 1136 monere
1643 1089 1751 1150 quid

364 1178 464 1221 agas
486 1177 586 1206 cum
609 1161 773 1206 bobus:
800 1162 934 1206 habet
953 1163 1035 1206 hoc
1058 1172 1210 1206 natura
1234 1162 1324 1222 ipsa
1345 1163 1551 1206 humana.
1582 1162 1649 1207 Sic
1668 1161 1751 1205 fac-

365 1241 435 1276 tus
453 1241 517 1275 est
536 1232 668 1275 homo
684 1266 695 1286 ‚
720 1240 770 1274 ut
792 1233 908 1275 norit
931 1232 1159 1276 consulere
1171 1232 1379 1291 jumentis
1400 1232 1486 1275 suis
1513 1251 1521 1276 :
1548 1246 1628 1274 nec
1649 1230 1751 1274 inde

365 1310 582 1361 praecepta
604 1315 627 1344 a
651 1303 740 1344 Deo
763 1300 929 1359 accepit
945 1335 956 1355 ‚
989 1299 1063 1344 sed
1094 1301 1360 1344 insinuatum
1383 1309 1447 1344 est
1468 1299 1531 1344 illi
1559 1301 1603 1344 in
1626 1316 1752 1344 men-

363 1382 452 1417 tem
476 1389 498 1416 a
522 1376 610 1416 Deo
631 1407 641 1426 ‚
667 1381 716 1415 ut
732 1371 864 1430 possit
887 1381 930 1415 et
952 1371 1042 1415 sine
1069 1381 1288 1431 praecepto
1310 1370 1481 1429 facere3
1504 1371 1606 1415 fecit
1627 1371 1754 1415 illum

365 1442 498 1488 talem
528 1445 658 1486 Deus.
687 1440 769 1486 Sed
792 1442 1016 1502 quomodo
1039 1442 1149 1500 regit
1182 1457 1315 1501 pecus
1331 1476 1342 1496 ‚
1368 1440 1583 1500 regendus
1612 1450 1676 1485 est
1698 1441 1753 1485 ab

364 1514 479 1571 alio3
512 1513 566 1556 ab
595 1528 647 1557 eo
670 1529 693 1556 a
716 1529 804 1573 quo
827 1513 1011 1571 regitur>⁷
1046 1522 1317 1573 praeceptum
1339 1513 1518 1572 accepit.
1545 1511 1614 1556 Ad
1642 1528 1755 1572 prae-

367 1585 483 1645 cepti
505 1600 608 1643 ergo
641 1594 838 1628 tenorem
858 1619 869 1639 ‚
901 1603 921 1626 «
945 1587 1043 1630 Non
1067 1593 1131 1628 est
1153 1584 1207 1628 de
1226 1584 1366 1628 bobus
1387 1599 1490 1628 cura
1512 1586 1602 1628 Deo
1628 1603 1637 1628 2
1661 1601 1680 1625 »
1700 1582 1754 1628 ad

367 1654 686 1715 providentiam
713 1653 1022 1708 universitatis,
1060 1670 1147 1713 qua
1184 1653 1344 1697 creavit
1372 1653 1516 1697 omnia
1552 1661 1595 1696 et
1622 1667 1756 1696 mun-

367 1727 473 1771 dum
498 1726 622 1784 regit,
645 1725 887 1768 «Homines
910 1734 952 1768 et
970 1726 1167 1784 jumenta
1189 1724 1326 1769 salvos
1346 1723 1475 1768 facies
1494 1759 1506 1778 ‚
1524 1724 1751 1767 Domine.»

426 1798 546 1840 XIV.
574 1793 779 1838 Intendat
797 1795 993 1839 Charitas
1015 1797 1183 1838 Vestra.
1211 1794 1291 1838 Hic
1324 1792 1436 1856 forte
1465 1793 1618 1858 aliquis
1641 1792 1757 1838 dic-at

368 1866 477 1911 mihi
497 1885 506 1910 ;
532 1868 593 1909 De
610 1867 732 1910 Novo
755 1874 1014 1909 testamento
1036 1874 1114 1919 est,
1136 1884 1155 1906 «
1179 1865 1288 1918 Quia
1310 1862 1364 1908 de
1387 1864 1528 1908 bobus
1550 1878 1640 1907 non
1658 1878 1756 1922 per-

371 1956 393 1980 »
428 1937 539 1982 tinet
560 1936 616 1980 ad
634 1940 771 1980 Deum
800 1956 809 1981 2
837 1937 1044 1980 Homines
1064 1946 1107 1980 et
1123 1938 1322 1996 jumenta
1343 1935 1481 1980 salvos
1502 1934 1647 1989 facies,
1672 1938 1757 1979 Do-

371 2026 393 2051 »
428 2008 570 2063 mine,
600 2025 620 2048 »
653 2007 708 2051 de
730 2007 876 2051 Veteri
911 2010 1188 2051 Testamento
1225 2017 1303 2051 est.
1342 2009 1453 2052 Sunt
1489 2006 1564 2065 qui
1586 2005 1756 2050 calum-

370 2079 564 2133 nientur,
582 2087 625 2121 et
638 2078 801 2132 dicant,
818 2093 905 2122 non
919 2078 998 2121 sibi
1016 2093 1251 2122 consonare
1267 2077 1344 2120 ista
1360 2076 1448 2120 duo
1464 2079 1753 2120 Testamenta.

370 2153 434 2195 Ne
464 2148 575 2194 forte
598 2149 716 2194 aliud
743 2148 860 2192 dicat
886 2149 932 2191 in
954 2150 1131 2201 Vetere,
1153 2146 1271 2191 aliud
1294 2147 1339 2190 in
1360 2150 1505 2202 Novo,
1531 2156 1573 2191 et
1591 2146 1759 2205 flagitet

367 2219 422 2264 de
444 2235 513 2264 me
536 2219 790 2263 sententiam
810 2219 864 2262 de
886 2221 1008 2263 Novo
1027 2217 1157 2262 talem
1181 2217 1320 2277 qualis
1337 2219 1431 2262 haee
1449 2227 1539 2273 est,
1560 2237 1579 2259 «
1607 2218 1759 2262 Homi-

369 2307 390 2332 »
427 2305 502 2333 nes
535 2298 577 2332 et
596 2290 795 2348 jumenta
830 2287 966 2332 salvos
997 2287 1148 2342 facies,
1188 2289 1399 2332 Domine:
1428 2306 1448 2329 »
1477 2287 1585 2347 quid
1614 2286 1758 2331 facio?
1813 2281 1815 2316 3

364 2360 480 2405 Nihil
507 2369 592 2403 tam
614 2359 658 2402 in
679 2359 819 2418 capite
841 2359 949 2404 Novi
974 2359 1266 2412 Testamenti,
1293 2373 1426 2417 quam
1448 2357 1752 2416 Evangelium.
1813 2350 1815 2386 s

369 2432 421 2474 In
444 2429 680 2487 Evangelio
702 2428 876 2474 invenio
898 2429 999 2488 quia
1017 2430 1162 2472 omnia
1184 2429 1262 2472 ista
1284 2428 1504 2487 pertinent
1522 2427 1577 2471 ad
1598 2430 1753 2484 Deum,

418 2520 429 2537 ¹
446 2512 526 2545 Psal.
546 2523 645 2555 xxxv,
664 2523 697 2555 7,
711 2514 744 2545 8.
764 2527 806 2537 —··
825 2519 838 2535 ²
863 2523 873 2544 1
895 2514 967 2546 Cor.
989 2523 1036 2554 1x,
1051 2523 1084 2555 9.
1105 2529 1148 2536 —
1167 2510 1180 2536 ³
1201 2515 1295 2545 Deut‚
1310 2522 1384 2553 xxv,
1410 2510 1444 2553 4.
1470 2527 1512 2535 -
1528 2509 1547 2540 4
1568 2510 1742 2544 Manichaei.
