1815 3253
344 206 586 237 ENARRA'rio
618 210 661 236 ΙΝ
696 208 897 237 PsALMUM
930 210 1089 237 cxxxv.
1324 199 1409 238 257

26 275 169 320 monia
195 282 471 318 terrerentur.
507 274 574 319 Sic
598 274 713 318 enim
736 275 956 335 sequitur,
987 294 1003 315 «
1031 275 1241 320 Dominus
1264 285 1412 320 autem

29 363 49 388 »
82 343 216 389 coelos
237 342 353 388 fecit.
380 364 397 385 »
423 347 521 390 Non
542 359 643 403 ergo
658 380 672 401 ,
703 364 719 386 «
756 345 823 390 Dii
846 346 936 389 sine
958 343 1281 403 additamento3
1303 346 1379 390 sed
1397 381 1409 402 ‚

30 435 48 458 >›
83 415 150 460 Dii
173 415 368 473 gentium
390 414 606 459 daemonia
629 434 636 459 z
666 435 683 456 »
709 417 906 475 superius
929 424 1093 471 tamen,
1122 434 1139 455 ‹<
1169 415 1410 472 Terribilis,

0 497 1 503 ¹
30 505 48 528 ι)
82 485 241 546 inquit,
283 501 414 546 super
445 501 595 531 omnes
635 486 772 531 deos:
813 504 833 528 »
866 502 956 531 non
989 486 1063 541 ait,
1100 502 1229 546 super
1264 502 1414 531 omnes

25 555 127 603 deos
149 557 385 616 Gentium,
415 558 612 618 quamvis
642 557 826 616 intelligi
853 558 937 602 hoc
968 557 1156 602 volucrit
1173 593 1183 612 ‚
1209 558 1415 603 addendo

25 626 144 688 quod
161 629 375 689 sequitur,
406 648 422 669 «
446 629 658 682 Quoniam
682 627 741 672 dii
763 628 970 673 Gentium
989 628 1219 673 daemonia.
1246 649 1264 670 »
1286 629 1418 682 Quod

5 699 202 759 :quidem
233 699 279 742 in
307 699 484 744 hebraeo
522 699 682 743 dicitur
713 714 803 743 non
832 699 891 743 ita
924 715 1014 744 esse
1047 700 1280 760 scriptum3
1310 699 1415 756 sed,

28 786 49 811 «
81 769 151 813 Dii
179 769 388 814 Gentium
421 768 665 814 simulacra.
693 787 713 811 »
751 769 881 822 Quod
903 769 937 814 si
966 785 1121 814 verum
1154 780 1242 826 est,
1275 770 1418 816 multo

21 841 158 900 'magis
181 841 389 886 credendi
412 853 514 887 sunt
539 842 823 902 Septuaginta
851 841 1001 887 divino
1022 843 1186 901 Spiritu
1201 843 1420 902 interpre-

25 912 116 966 tati,
137 927 228 972 quo
252 912 415 972 Spiritu
434 921 478 956 et
497 911 572 956 illa
595 912 712 957 dicta
740 922 843 957 sunt
860 928 960 973 quae
981 912 1028 956 in
1048 912 1236 956 hebraeis
1264 912 1419 957 litteris

25 991 140 1028 sunt.
178 983 346 1027 Eodem
377 999 567 1044 namque
595 994 804 1043 operante
841 984 1026 1043 Spiritu,
1063 983 1192 1027 etiam
1222 985 1307 1028 hoc
1337 983 1423 1029 dici

25 1053 219 1114 oportuit
254 1054 376 1114 quod
404 1055 572 1098 dictum
605 1063 691 1110 est,
726 1073 746 1096 «
778 1055 845 1098 Dii
868 1054 1076 1098 Gentium
1111 1053 1362 1098 daemonia:
1397 1074 1417 1096 »

25 1134 74 1170 ut
93 1124 445 1185 intellegeremus
467 1126 527 1170 sic
554 1126 683 1170 etiam
717 1125 763 1169 in
784 1125 961 1169 hebraeo
979 1125 1169 1185 positum
1185 1160 1196 1180 ,
1217 1125 1281 1169 Dii
1304 1127 1423 1169 Gen-

25 1196 131 1241 tium
155 1196 382 1241 simulacra
401 1219 412 1256 3
442 1207 492 1241 nt
514 1196 730 1241 daemonia
749 1196 895 1256 potius
920 1212 1019 1256 quae
1039 1205 1141 1240 sunt
1170 1195 1217 1239 in
1239 1196 1421 1242 simula-

24 1268 119 1323 cris,
145 1269 508 1327 significarentur.
533 1270 643 1313 Nam
665 1267 785 1327 quod
801 1267 956 1311 attinet
979 1266 1033 1311 ad
1056 1267 1148 1327 ipsa
1170 1267 1417 1325 simulacra,

23 1354 121 1399 quae
139 1353 276 1397 graece
294 1338 572 1398 appellantur
588 1336 723 1393 idola,
743 1354 833 1397 quo
857 1337 1035 1382 nomine
1045 1339 1136 1398 jam
1157 1339 1323 1383 utimur
1339 1355 1421 1399 pro

0 1447 1 1451 ,
23 1407 183 1464 latino,
211 1408 362 1453 oculos
387 1408 555 1453 habent
581 1417 624 1452 et
651 1423 741 1452 non
768 1408 950 1465 vident,
986 1417 1028 1453 et
1050 1417 1206 1452 caetera
1237 1425 1337 1469 quae
1366 1409 1422 1454 de

22 1480 86 1524 his
103 1479 203 1524 ideo
221 1480 451 1534 dicuntur,
481 1479 583 1539 quia
607 1479 727 1523 omni
756 1494 884 1522 sensu
901 1488 1050 1522 carent
1077 1498 1085 1523 :
1112 1480 1316 1539 quocirca
1339 1496 1420 1525 nec

24 1551 171 1597 terreri
193 1559 390 1610 possunt,
426 1549 529 1610 quia
557 1549 640 1593 nisi
662 1564 711 1593 ea
734 1565 833 1608 quae
855 1549 1067 1604 sentiunt,
1093 1551 1244 1594 terreri
1266 1551 1422 1612 utique

0 1642 2 1654 ›
23 1635 110 1666 non
127 1630 323 1680 possunt.
345 1618 579 1673 Quomodo
597 1634 700 1678 ergo
719 1619 887 1663 dictum
902 1628 966 1663 est
979 1618 1034 1663 de
1049 1620 1250 1676 Domino,
1276 1640 1293 1661 «
1315 1624 1422 1665 Ter-

28 1712 45 1734 »
79 1690 211 1735 ribilis
235 1700 299 1735 est
321 1706 451 1750 super
475 1705 624 1734 omnes
649 1688 776 1745 deos,
799 1689 1010 1750 quoniam
1034 1688 1096 1733 dii
1125 1691 1335 1735 Gentium
1357 1692 1415 1736 si-

0 1777 2 1784 *
28 1783 46 1805 »
78 1762 271 1807 mulacra
287 1798 298 1818 ‚
333 1782 351 1804 »
378 1762 460 1806 nisi
487 1777 566 1821 per
586 1760 816 1805 simulacra
842 1760 1143 1819 intelligantur
1168 1762 1386 1808 daemonia
1402 1800 1414 1820 ,

24 1849 120 1894 quae
156 1833 302 1877 terreri
332 1834 543 1892 possunt?
580 1831 706 1875 Unde
737 1832 797 1876 ait
829 1840 873 1875 et
894 1832 1129 1891 Apostolus
1158 1852 1166 1877 :
1193 1852 1211 1873 «
1250 1834 1419 1879 Scimus

0 1898 46 1948 ι’»
79 1904 181 1964 quia
203 1902 313 1947 nihil
330 1913 394 1947 est
410 1902 606 1947 idolum1
630 1921 639 1946 :
659 1921 676 1943 »
701 1902 785 1946 hoc
807 1902 924 1946 enim
947 1902 1097 1947 retulit
1120 1903 1177 1948 ad
1191 1906 1419 1951 materiam

0 1984 237 2029 :terrenam
260 1984 388 2020 sensu
410 1983 645 2019 carentem.
674 1977 786 2018 ltem
808 1990 864 2018 ne
886 1975 1118 2035 quisquam
1136 1984 1312 2035 putaret
1328 1993 1420 2022 non

0 2068 3 2092 μ
27 2061 110 2092 esse
132 2046 323 2107 aliquam
341 2047 560 2091 viventem
576 2045 924 2106 sentientemque
942 2056 1160 2103 naturam,
1182 2064 1282 2108 quae
1305 2051 1418 2093 Gen-

0 2108 130 2167 l‘tium
152 2118 370 2162 sacrificiis
399 2116 665 2172 delectetur,
697 2116 897 2177 adjunxit
929 2136 938 2162 :
973 2137 991 2158 «
1027 2119 1112 2163 Sed
1135 2135 1233 2179 quae
1256 2120 1418 2166 immo-

0 2185 10 2233 l!
31 2207 49 2231 »
80 2189 172 2235 lant
194 2191 369 2243 Gentes,
396 2187 622 2232 daemoniis
644 2187 874 2232 immolant
891 2197 935 2232 et
964 2204 1055 2232 non
1078 2192 1183 2234 Deo.
1209 2190 1320 2236 Nolo
1341 2207 1418 2236 vos

0 2250 9 2311 ἶ,
33 2280 50 2302 »
82 2262 217 2306 socios
247 2260 339 2304 fieri
361 2257 679 2303 daemoniorum
702 2262 734 2302 2.
775 2279 792 2300 »
822 2259 864 2303 Si
888 2274 989 2317 ergo
1012 2275 1230 2320 nusquam
1252 2261 1298 2306 in
1326 2261 1418 2307 elo-

0 2330 11 2377 ἓ
32 2332 135 2393 quiis
157 2331 312 2377 divinis
330 2330 544 2390 leperitur
562 2339 731 2374 sanctos
751 2329 940 2388 Angelos
957 2329 1197 2390 appellatos
1219 2332 1341 2389 deos,
1368 2349 1418 2379 ea

0 2387 13 2449 ἕ
30 2402 131 2447 mihi
151 2419 279 2447 causa
301 2400 575 2461 potissimum
598 2400 812 2455 occurrit,
838 2416 893 2444 ne
915 2401 998 2445 isto
1020 2402 1198 2447 nomine
1220 2369 1419 2449 homines

0 2469 8 2523 ξ
35 2473 183 2519 adhoc
205 2472 549 2526 aedificarentur‚
580 2479 631 2515 ut
655 2470 943 2515 ministerium
970 2472 1038 2517 vel
1059 2474 1283 2519 servitium
1314 2475 1417 2520 reli·-

73 2566 82 2583 ¹
107 2572 118 2592 1
141 2563 212 2594 Cor.
235 2557 413 2600 v111,4.—-
429 2557 506 2591 21d.
526 2567 562 2599 x,
579 2566 634 2590 20.

260 2623 382 2655 cxix.
503 2646 507 2649 .
1258 2617 1309 2656 17
