1815 3253
407 197 647 228 murmano
680 202 723 227 m
758 200 958 228 PsALMUM
991 202 1114 227 cuv.
1369 186 1450 225 485

73 281 93 303 »
128 280 233 309 num
258 268 395 309 Deum
419 265 565 324 ipsius.
595 283 616 305 »
642 267 813 318 Quem?
838 285 857 306 «
884 265 967 317 Qui
990 265 1092 308 fecit
1114 264 1273 308 coelum
1297 273 1339 308 et
1362 275 1451 308 ter-

73 352 92 374 »
128 350 217 379 ram
236 371 247 390 ‚
268 352 386 379 mare
407 345 450 380 et
467 336 611 380 omnia
633 352 732 396 quae
753 336 798 379 in
821 336 879 379 eis
900 345 1016 379 sunt.
1047 354 1066 377 »
1092 338 1299 393 Magnum
1322 335 1450 378 habe-

68 419 164 449 mus
187 409 341 450 Deum.

126 478 259 520 xm:
277 475 522 531 Attendite,
548 475 700 521 fratres
721 512 731 531 ‚
754 491 963 536 magnum
978 479 1140 530 Deum,
1162 475 1330 520 bonum
1347 510 1358 530 ‚
1384 475 1452 520 fa-

65 547 252 591 cientem
276 547 390 591 talia.
413 547 530 600 Quid
551 564 654 607 ergo
674 548 777 593 hinc
799 548 1006 607 cogitavit
1031 551 1144 591 Deus
1162 582 1172 602 ‚
1198 556 1247 591 ut
1265 545 1447 602 faceret,

64 618 124 674 (si
146 626 292 662 tamen
321 616 557 662 dicendum
581 627 645 663 est
673 618 729 663 de
753 621 844 663 Deo
865 653 875 674 ,
902 617 1119 677 Cogitavit
1137 619 1180 676 ‚)
1207 636 1227 658 «
1250 616 1450 671 Coelum,

65 704 87 729 »
122 696 280 732 terram
297 724 308 744 ,
326 704 465 743 mare,
492 698 535 733 et
552 690 695 734 omnia
727 705 827 750 quae
848 689 895 733 in
923 690 982 733 eis
1003 689 1135 733 sunt?
1157 706 1177 729 »
1204 691 1335 732 Forte
1357 687 1453 732 dic—

0 752 11 758 ”
63 767 186 802 turus
210 769 302 804 erat
332 759 464 803 homo
492 760 570 803 iste
587 795 598 813 ‚
630 759 769 804 Video
796 758 976 820 quidem
1000 760 1144 804 omnia
1164 774 1321 817 magna
1344 758 1423 803 ista
1440 794 1451 813 ,

63 828 225 872 coelum
248 838 290 873 et
314 839 493 884 terram,
514 845 632 874 mare
651 829 756 875 fecit
770 834 884 875 Deus
905 849 915 876 :
936 829 1114 890 quando
1136 845 1206 874 me
1227 838 1453 888 computat

0 916 1 921 ¹
61 900 176 943 Deus
197 899 310 942 inter
332 915 379 943 ea
403 916 502 959 quae
530 899 668 944 fecit?
691 903 748 944 Et
778 915 879 945 vere
900 915 980 958 ego
1002 900 1198 960 pertineo
1227 899 1282 944 ad
1303 914 1454 943 curam

4 980 10 989 “
62 970 194 1028 ipsius
212 1006 222 1024 ‚
253 979 295 1014 et
322 971 454 1015 modo
477 970 532 1015 de
555 987 624 1015 me
646 972 809 1030 cogitat
838 975 977 1026 Deus,
1002 981 1077 1016 aut
1103 972 1181 1016 scit
1201 987 1256 1016 an
1278 971 1455 1015 vivam?

0 1069 2 1078 ι
62 1040 174 1092 Quid
197 1049 259 1084 est
287 1041 370 1085 hoc
393 1040 514 1101 quod
535 1040 642 1086 dicis
658 1044 676 1086 Ρ
692 1044 791 1086 Non
821 1042 1029 1101 subrepat
1052 1042 1131 1085 tibi
1152 1041 1264 1085 mala
1288 1041 1455 1099 cogita-

60 1110 122 1154 tio
153 1111 198 1153 in
229 1126 304 1155 cor
331 1131 337 1154 ;
365 1102 419 1154 dc
442 1112 508 1154 his
529 1121 622 1155 esto
640 1146 651 1165 ‚
682 1112 738 1155 de
765 1112 927 1171 quibus
959 1112 1091 1170 paulo
1113 1122 1214 1155 ante
1235 1111 1454 1171 loqueba-

0 1205 8 1212 ·
61 1196 162 1225 mur
199 1201 207 1227 z
238 1201 258 1224 «
286 1181 496 1227 Laudabo
528 1182 765 1227 Dominum
788 1183 834 1226 in
855 1183 944 1227 vita
981 1198 1104 1237 mea,
1145 1181 1327 1242 psallam
1365 1185 1456 1226 Deo

63 1270 84 1293 »
120 1268 217 1297 meo
254 1253 451 1314 quandiu
486 1269 598 1297 sum.
628 1272 648 1294 »
678 1253 762 1298 Sed
786 1255 865 1298 iste
898 1254 1002 1298 alios
1025 1253 1284 1314 alloquitur,
1310 1254 1456 1297 nescio

60 1338 170 1382 quos
199 1323 368 1382 tepidos
386 1358 396 1377 ‚
423 1339 532 1383 quos
559 1324 812 1367 exhortatur
829 1359 840 1378 ‚
872 1332 915 1367 et
936 1323 1054 1383 quasi
1082 1333 1259 1367 veretur
1281 1339 1337 1366 ne
1361 1323 1457 1367 des-

59 1402 214 1452 perent
237 1393 291 1437 de
314 1409 379 1446 se,
405 1394 508 1454 quia
530 1393 596 1438 vel
619 1409 708 1439 non
737 1403 839 1438 sunt
870 1394 916 1437 in
938 1403 1147 1453 computo
1172 1394 1263 1437 Dei.
1290 1393 1457 1438 Multo-

60 1478 158 1507 rum
174 1464 289 1507 enim
307 1464 412 1507 tales
430 1474 531 1508 sunt
546 1464 842 1522 cogitationes.
859 1465 939 1508 Sed
957 1464 1056 1507 ideo
1071 1464 1279 1507 deserunt
1296 1467 1452 1519 Deum,

60 1543 102 1578 et
125 1544 314 1593 pergunt
330 1550 407 1593 per
429 1534 639 1594 quaelibet
654 1544 845 1593 peccata,
862 1535 964 1594 quia
986 1551 1076 1579 non
1098 1535 1284 1579 credunt
1302 1551 1454 1579 curare.

60 1607 199 1648 Deum
222 1603 329 1664 quid
348 1614 490 1662 agant.
519 1604 634 1648 Audi
657 1605 830 1664 eloquia
848 1604 993 1649 divina
1013 1640 1023 1660 ‚
1049 1605 1138 1649 noli
1161 1603 1216 1649 de
1233 1614 1276 1648 te
1297 1604 1455 1664 despe-

60 1690 169 1719 rare.
196 1676 281 1728 Qui
304 1675 472 1719 curavit
489 1674 633 1719 facere
653 1683 694 1718 te
711 1710 722 1729 ,
748 1691 838 1719 non
859 1684 982 1719 curat
1005 1675 1181 1719 reficere
1203 1677 1276 1719 te?
1297 1678 1454 1721 Nonne

59 1748 175 1790 Deus
193 1755 294 1789 tuus
316 1755 380 1789 est
398 1782 411 1800 ,
436 1746 512 1806 qui
529 1744 632 1791 fecit
649 1746 812 1790 coelum
834 1755 877 1789 et
894 1755 1053 1790 terram
1078 1755 1121 1790 et
1137 1747 1285 1790 mare?
1311 1746 1353 1790 Si
1373 1746 1454 1791 ista

61 1815 150 1860 sola
173 1815 361 1871 diceret,
395 1814 506 1859 forte
531 1817 816 1875 responderes
843 1825 915 1871 tu,
940 1819 1055 1860 Deus
1077 1816 1154 1876 qui
1170 1815 1275 1860 fecit
1292 1815 1455 1861 coelum

61 1896 106 1930 et
133 1895 291 1930 terram
321 1896 363 1930 et
386 1902 529 1941 mare,
560 1902 744 1944 magnus
768 1890 881 1932 Deus
908 1907 917 1931 :
942 1886 1018 1931 sed
1047 1886 1264 1947 numquid
1292 1886 1456 1945 cogitat

62 1958 117 2002 de
138 1960 238 2001 me?
257 1961 353 2017 Ipse
379 1968 418 2002 te
439 1957 542 2002 fecit
558 1993 569 2013 ‚
599 1958 818 2003 diceretur
835 1959 931 2003 tibi.
955 1957 1221 2012 Quomodo?
1238 1957 1455 2018 numquid

62 2043 144 2086 ego
168 2043 263 2071 sum
284 2027 470 2082 coelum,
498 2038 574 2073 aut
595 2044 676 2087 ego
707 2045 802 2073 sum
822 2037 959 2084 terra,
985 2038 1060 2073 aut
1078 2045 1159 2088 ego
1182 2044 1278 2073 sum
1301 2044 1419 2072 mare
1435 2031 1455 2072 ΣΡ

62 2101 121 2142 Et
154 2098 330 2158 quidem
353 2098 634 2143 manifestum
655 2109 717 2144 est
739 2135 749 2154 ,
775 2116 856 2144 nec
886 2100 1050 2144 coelum
1085 2116 1181 2144 sum
1198 2135 1209 2155 ‚
1236 2116 1317 2144 nec
1342 2109 1453 2144 terra

63 2183 158 2212 sum
175 2204 186 2223 ,
212 2184 292 2212 nec
310 2184 427 2211 mare
444 2185 538 2212 sum
561 2190 572 2225 3
596 2170 671 2214 sed
692 2170 736 2214 in
758 2179 873 2214 terra
896 2186 1008 2214 sum.
1039 2171 1120 2214 Vel
1145 2172 1229 2215 hoc
1252 2171 1455 2215 concedis

63 2239 171 2282 mihi
186 2274 196 2293 ‚
224 2238 325 2299 quia
343 2239 388 2281 in
412 2248 523 2282 terra
546 2254 605 2283 es.
632 2239 747 2284 Audi
764 2276 774 2294 ,
800 2241 900 2300 quia
921 2256 1009 2284 non
1030 2249 1202 2284 tantum
1229 2240 1392 2285 coelum
1413 2250 1457 2285 et

65 2319 222 2353 terram
246 2319 290 2352 et
310 2325 428 2352 mare
446 2313 559 2352 Deus
576 2308 692 2354 fecit.
723 2330 743 2352 «
769 2311 891 2354 Fecit
913 2311 1027 2354 enim
1051 2311 1213 2354 coelum
1238 2320 1279 2355 et
1299 2321 1463 2355 terram»

67 2389 110 2423 et
132 2395 274 2431 mare,
295 2389 338 2422 et
362 2380 504 2423 onmia
527 2396 625 2439 quae
647 2380 692 2422 in
717 2380 776 2424 eis
791 2390 942 2424 sunt.»
965 2380 1008 2424 Si
1031 2395 1131 2438 ergo
1149 2400 1167 2421 «
1185 2380 1340 2424 Omnia
1359 2396 1460 2440 quae

70 2468 90 2490 u
122 2450 168 2492 in
190 2449 248 2491 eis
271 2458 371 2492 sunt
388 2485 397 2501 ,
426 2468 446 2488 »
474 2459 515 2492 et
535 2459 590 2492 te.
619 2453 779 2493 Parum
802 2450 922 2503 dico,
946 2459 988 2494 te
1016 2469 1024 2493 :
1051 2464 1266 2509 passerem
1287 2485 1298 2504 ,
1323 2449 1461 2493 locus-

73 2529 156 2563 tam
172 2554 183 2573 ,
208 2519 491 2564 vermiculum
512 2541 522 2575 3
549 2518 655 2563 nihil
678 2520 835 2563 horum
857 2534 946 2564 non
965 2518 1038 2562 ille
1059 2518 1184 2573 fecit,
1211 2529 1251 2564 et
1274 2535 1377 2564 cura
1401 2531 1462 2564 est
