1815 3253
356 244 439 281 376
776 252 810 280 s.
848 254 1075 281 Aucus'rmt
1107 254 1286 282 EPISCOPl

355 333 449 362 rum
467 352 478 373 ‚
502 327 577 362 aut
598 318 675 361 ubi
698 317 892 362 nondum
921 317 1052 361 ducta
1074 320 1177 362 cst1.
1204 319 1285 371 Qui
1302 319 1392 378 jam
1419 317 1511 362 talis
1533 327 1624 374 cst,
1650 317 1729 362 dc-

351 387 636 448 prcbenditm·
659 397 801 431 tamen
825 389 869 431 in
891 388 980 431 istis
1007 403 1107 447 quae
1130 387 1229 431 dixi.

409 460 531 502 XIX.
558 459 689 501 Venit
711 472 811 515 ergo
831 467 998 516 tempus
1020 456 1141 517 quod
1162 457 1325 501 dictum
1348 466 1412 501 est
1428 491 1439 512 ,
1464 475 1484 499 «
1514 456 1672 502 Adhuc
1687 466 1730 501 et

353 547 374 571 »
410 529 547 573 oratio
570 544 665 572 mea
683 528 728 571 in
745 527 1025 587 beneplacitis
1041 542 1214 582 eorum,
1236 545 1256 568 η
1282 528 1369 571 sive
1395 543 1527 587 quam
1549 527 1698 572 docuit
1715 559 1747 583 ,-
1813 552 1815 555 ·

348 599 436 643 sive
458 614 590 659 quam
611 597 859 657 interpellat
890 612 969 656 pro
991 596 1131 641 nobis.
1159 600 1210 640 In
1235 597 1324 641 istis
1341 612 1443 655 ergo
1468 597 1729 656 quotidianis

345 671 532 729 peccatis
547 669 750 713 omnibus
766 684 863 728 quae
876 683 969 727 spes
982 677 1060 722 est,
1075 668 1155 711 nisi
1166 668 1320 712 humili
1335 667 1464 712 corde
1476 668 1667 712 dicamus
1683 670 1729 712 in

346 740 539 784 oratione
553 739 793 792 Dominica‚
811 754 910 798 quae
922 739 1011 797 jam
1024 738 1070 782 in
1083 738 1365 798 beneplacitis
1378 738 1533 782 nostris
1546 746 1623 793 est,
1639 753 1728 782 non

345 807 675 853 defendentium
697 816 872 866 peccata
889 816 1050 862 nostra,
1075 807 1150 851 sed
1169 808 1488 863 confitentium,
1511 826 1532 849 «
1550 807 1728 851 Dimitte

347 897 367 922 »
402 879 527 923 nobis
544 878 691 923 debita
712 888 858 923 nostra
874 913 884 933 ‚
900 878 1012 922 sicut
1023 887 1067 922 et
1083 894 1160 922 nos
1177 877 1434 922 dimittimus
1456 878 1728 922 debitoribus

343 967 365 992 »
401 949 582 994 nostris2
608 968 617 994 ε
645 966 665 990 ))
692 957 735 992 et
756 947 1014 993 advocatum
1050 948 1287 992 habeamus
1309 948 1426 1007 apud
1459 951 1630 991 Patrem
1653 950 1726 991 Je—

342 1035 438 1064 sum
455 1020 674 1065 Christum
690 1021 857 1080 justum
873 1054 884 1074 ‚
909 1028 960 1064 ut
984 1020 1072 1078 ipse
1094 1020 1148 1063 sit
1164 1020 1414 1079 propitiatio
1431 1035 1510 1079 pro
1539 1020 1726 1078 peccatis

341 1091 497 1134 nostris
515 1091 562 1134 3?
582 1089 717 1134 Modo
743 1088 981 1149 loquantur
1002 1090 1207 1149 superbi,
1236 1090 1475 1135 vincuntur
1508 1104 1692 1134 numero
1709 1122 1723 1145 ‚
1764 1102 1767 1106 ·
1807 1136 1815 1159 r

341 1161 580 1204 vincuntur
601 1159 774 1220 populis
788 1195 799 1216 ‚
825 1169 916 1204 tota
946 1169 1058 1204 terra
1080 1175 1104 1204 a
1123 1160 1221 1204 solis
1244 1170 1344 1204 ortu
1364 1175 1502 1220 usque
1523 1161 1578 1204 ad
1601 1175 1726 1205 occa-

342 1247 439 1276 sum
459 1230 667 1275 laudante
705 1246 866 1276 nomen
901 1231 1090 1275 Domini.
1116 1230 1233 1284 Quid
1255 1231 1421 1275 faciunt
1442 1231 1566 1290 pauci
1604 1231 1726 1275 aliter

336 1302 633 1360 disputantes?
651 1305 676 1346 J
679 1302 826 1346 udices
842 1311 943 1346 sunt
960 1301 1211 1361 impiorum.
1235 1301 1319 1346 Sed
1333 1302 1440 1362 quid
1455 1302 1509 1346 ad
1524 1304 1594 1346 te?
1615 1301 1726 1346 Vide

339 1371 446 1432 quid
469 1372 666 1432 sequitur
692 1388 701 1414 :
741 1391 761 1414 «
787 1371 995 1430 Absorpti
1023 1380 1125 1415 sunt
1141 1373 1266 1431 juxta
1283 1380 1450 1430 petram
1465 1372 1633 1431 judices
1655 1388 1726 1417 eo-

343 1460 365 1484 »
400 1443 542 1486 rum4.
571 1461 591 1484 »
621 1443 738 1496 Quid
759 1451 847 1497 est,
872 1461 892 1484 «
913 1442 1362 1502 Absorptisuntjuxta
1378 1445 1576 1502 petram?
1600 1461 1620 1484 »
1648 1447 1724 1487 Pe·
1768 1469 1771 1480 =
1792 1469 1796 1480 ω

339 1523 407 1558 tra
429 1522 576 1557 autem
613 1523 705 1558 erat
727 1513 925 1559 Christus
940 1515 972 1558 ⁵.
1002 1532 1023 1555 «
1045 1513 1251 1573 Absorpti
1272 1523 1373 1558 sunt
1390 1515 1512 1574 juxta
1536 1523 1719 1574 petram.

341 1601 364 1625 »
400 1586 531 1628 Juxta
546 1619 558 1639 ‚
591 1583 675 1628 »id
692 1592 779 1638 est,
810 1583 1046 1642 comparati
1067 1583 1235 1643 judices
1253 1618 1264 1637 ‚
1287 1584 1430 1641 magni
1447 1618 1458 1638 ,
1488 1593 1686 1643 potentes
1707 1620 1718 1641 ‚

341 1654 459 1698 docti
483 1672 492 1698 ε
519 1653 598 1712 ipsi
615 1652 857 1699 dicuntur«
874 1652 1048 1696 Judices
1066 1668 1232 1708 eorum,
1256 1662 1501 1713 »tanquam
1523 1654 1722 1714 judican-

338 1732 403 1767 tes
440 1722 495 1766 de
524 1723 742 1778 moribus,
788 1732 831 1766 et
868 1723 1127 1766 sententiam
1164 1723 1444 1780 proferentes.
1485 1723 1601 1768 Dixit
1636 1725 1720 1769 hoc

337 1792 605 1838 Aristoteles.
632 1792 834 1852 Adjunge
849 1791 975 1836 illum
997 1802 1132 1851 petrae
1153 1828 1163 1848 ‚
1193 1802 1236 1837 ct
1258 1794 1486 1852 absorptus
1518 1803 1595 1838 est.
1618 1795 1719 1848 Quis
1766 1809 1769 1820 ¹

337 1872 402 1907 est
432 1861 709 1907 Aristoteles?
738 1861 924 1918 Audiat,
955 1863 1069 1906 Dixit
1099 1864 1321 1920 Christu83
1350 1873 1393 1907 et
1414 1862 1531 1922 apud
1559 1863 1719 1908 inferos

337 1932 644 1977 contremiscit.
669 1932 783 1976 Dixit
801 1933 885 1976 hoc
908 1933 1197 1990 Pythagoras,
1224 1933 1333 1977 dixit
1349 1935 1432 1977 hoc
1466 1933 1603 1977 Plato.
1627 1934 1719 1978 Ad-

332 2004 469 2064 junge
486 2002 583 2047 illos
603 2012 737 2062 petrae
754 2038 765 2058 ‚
791 2018 992 2062 compara
1006 2004 1304 2048 auctoritatem
1326 2004 1499 2048 illorum
1527 2005 1718 2048 auctori·

337 2073 417 2118 tati
441 2073 721 2130 evangelicae,
738 2088 941 2132 compara
962 2074 1134 2117 inflatos
1157 2074 1389 2118 Crucifixo.
1413 2073 1612 2117 Dicamus
1640 2075 1714 2131 eis,

334 2146 422 2187 Vos
445 2142 605 2187 litteras
619 2151 780 2187 vestras
797 2143 1104 2200 conscripsistis
1124 2142 1169 2186 in
1186 2142 1388 2186 cordibus
1409 2143 1714 2202 superborum,

332 2212 407 2256 ille
429 2227 601 2256 crucem
630 2228 750 2256 suam
774 2213 864 2255 fixit
886 2213 930 2255 in
952 2211 1156 2256 cordibus
1178 2227 1343 2270 regum.
1364 2216 1588 2258 Postremo
1605 2229 1715 2258 mor·
1792 2264 1794 2266 ,

333 2292 435 2326 tuus
457 2291 546 2337 est,
583 2291 627 2326 et
658 2281 888 2326 resurrexit
920 2301 928 2326 :
962 2282 1122 2326 mortui
1149 2282 1273 2336 estis,
1310 2291 1353 2326 et
1388 2283 1490 2327 nolo
1519 2299 1715 2343 quaerere
1810 2298 1812 2304 ·

332 2352 705 2413 quemadmodum
741 2352 983 2410 resurgatis.
1023 2355 1138 2411 Ergo
1158 2388 1168 2407 ‚
1194 2371 1213 2395 «
1247 2354 1452 2413 Absorpti
1475 2356 1712 2415 suntjuxta
1768 2343 1770 2345 .
1806 2367 1808 2374 ·

334 2440 356 2464 »
389 2432 558 2482 petram
583 2423 707 2467 istam
723 2424 891 2483 judices
905 2438 1071 2468 eorum.
1095 2442 1115 2466 »
1139 2423 1306 2469 Tandiu
1325 2424 1529 2470 videntur
1547 2425 1711 2486 aliquid

375 2525 386 2542 ¹
410 2531 423 2551 1
437 2521 512 2552 Cor.
530 2530 586 2561 vu,
606 2519 639 2553 5.
658 2537 699 2543 -
719 2527 732 2544 ²
749 2520 864 2553 Matth.
885 2531 931 2562 vi,
958 2529 1009 2554 12.
1031 2537 1073 2545 ·-
1099 2519 1113 2545 3
1136 2533 1145 2553 ι
1172 2523 1264 2553 Joan.
1284 2532 1319 2564 11,
1347 2533 1374 2553 1.
1395 2521 1466 2553 —4
1486 2522 1564 2557 Psal.
1584 2532 1656 2563 exn,
1673 2523 1706 2555 6.

329 2592 371 2599 -·
394 2573 409 2599 5
427 2587 440 2608 1
461 2578 534 2610 Cor.
552 2586 587 2617 x,
606 2575 640 2617 4.
