1815 3253
336 198 418 239 124
761 211 794 238 s.
830 208 1060 240 Aucus'mm
1092 212 1273 241 3121300121

329 276 390 320 les
403 291 566 330 sumus,
583 291 672 321 non
688 276 973 336 percipientes
984 294 1082 338 quae
1101 287 1203 323 sunt
1222 277 1404 337 Spiritus
1418 276 1509 322 Dei.
1530 278 1709 338 Incipia-

328 361 425 390 mus
440 356 482 391 et
502 362 580 390 nos
605 356 803 391 excutere
819 381 830 401 ,
858 356 908 391 ut
924 347 1054 392 simus
1081 358 1124 392 et
1148 363 1226 392 nos
1247 347 1324 391 filii
1350 362 1640 392 excussorum.
1667 350 1710 393 Si

329 417 445 460 enim
477 418 634 460 erimus
661 416 736 460 filii
767 433 1040 461 excussorum
1058 453 1069 472 ,
1103 418 1261 461 erimus
1290 417 1336 460 in
1363 432 1496 461 manu
1523 419 1710 476 potentis
1770 442 1772 455 r

328 496 537 546 tanquam
564 488 756 544 sagittae,
792 497 835 531 et
856 487 1118 547 jaculabitur
1134 503 1212 532 nos
1235 487 1286 531 de
1313 495 1531 546 praecepto
1558 502 1637 532 suo
1664 488 1710 531 in

328 556 459 601 corda
486 558 713 601 hominum
743 556 939 601 nondum
976 558 1213 601 amantium
1232 593 1242 612 ,
1263 567 1313 601 ut
1334 572 1533 615 percussa
1550 557 1710 615 sagittis

327 627 562 671 verborum
579 628 652 670 Dei
669 636 829 670 ament.
852 630 959 673 Nam
982 628 1015 671 si
1033 626 1133 671 talia
1169 629 1430 686 coeperimus
1455 626 1537 671 illis
1552 626 1710 686 praedi-

328 712 445 751 care,
476 697 552 740 filii
572 732 582 751 ,
607 706 682 740 aut
704 696 853 741 fratres
878 698 984 752 mci,
1004 698 1151 740 timete
1166 697 1400 741 Dominum
1416 731 1426 751 ‚
1450 706 1500 740 ut
1515 697 1711 741 habeatis

326 765 436 810 filios
457 776 500 810 et
532 775 709 824 nepotes
727 802 738 819 ,
763 776 812 810 ut
835 767 1022 825 gaudeat
1046 766 1200 811 domus
1226 776 1365 810 vestra
1390 785 1398 810 :
1425 782 1514 810 non
1535 767 1711 825 sagitta-

326 850 422 878 mus
437 844 486 878 ut
500 844 667 878 ametur
680 834 751 878 illa
765 844 925 879 {eterna
939 835 1175 879 Jerusalem
1190 836 1498 892 3remanebunt
1511 836 1553 879 in
1566 851 1711 880 amore

326 914 619 960 terrenorum,
652 914 694 949 et
720 904 913 950 videntes
935 906 1014 950 ista
1031 905 1254 949 abundare
1274 905 1417 965 impiis
1436 940 1446 960 ‚
1480 906 1555 948 etsi
1586 906 1711 950 nohis

326 990 415 1018 non
431 974 612 1029 audent,
632 975 677 1018 in
694 974 824 1020 corde
840 991 917 1019 suo
934 975 1087 1020 dicunt
1108 995 1115 1020 :
1137 978 1279 1028 Quare
1296 974 1367 1018 ille
1385 975 1462 1034 qui
1482 990 1571 1019 non
1589 975 1712 1019 timet
1766 972 1769 1038 J

326 1048 491 1099 Deum,
521 1045 694 1104 plenam
729 1046 908 1091 domum
939 1047 1071 1090 habet
1091 1046 1219 1091 filiis?
1246 1049 1302 1090 Et
1334 1045 1446 1090 forte
1473 1045 1579 1089 alius
1607 1045 1711 1090 dicit
1766 1070 1768 1116 ἰ

328 1115 414 1160 illi:
432 1116 589 1160 Adhuc
604 1117 739 1160 nescis
755 1117 861 1176 quid
878 1117 939 1160 1111
955 1117 1087 1176 possit
1100 1117 1246 1160 contin
1254 1131 1352 1174 gere
1366 1137 1376 1172 3
1397 1115 1501 1175 quid
1516 1116 1549 1159 si
1561 1116 1712 1160 efferet

323 1185 417 1229 illos
437 1221 447 1240 ‚
467 1187 567 1245 quia
589 1203 677 1230 non
696 1187 818 1230 timet
836 1190 972 1230 Deum
990 1222 1000 1240 ‚
1023 1185 1132 1230 etad
1149 1187 1231 1230 hoc
1244 1186 1307 1229 1111
1324 1185 1469 1245 plures
1483 1186 1573 1229 nati
1589 1195 1706 1240 sunt,

321 1264 372 1298 ut
398 1257 602 1314 majorem
636 1256 832 1300 dolorem
869 1256 923 1301 de
952 1256 1127 1300 illorum
1157 1265 1295 1300 morte
1321 1256 1543 1315 patiatur?
1567 1256 1651 1300 Sed
1676 1255 1710 1298 si

323 1324 423 1369 talia
461 1324 636 1380 dixeris,
669 1326 950 1385 respondebit
978 1326 1057 1370 tibi
1091 1325 1190 1371 ille:
1225 1328 1319 1384 Ego
1354 1327 1454 1370 novi
1488 1325 1710 1369 hominem

321 1395 505 1453 impium
522 1430 533 1450 ,
565 1411 784 1454 paganum
803 1431 813 1451 ‚
846 1396 1124 1455 sacrilegum,
1161 1396 1433 1441 adoratorem
1461 1395 1677 1441 idolorum
1696 1430 1708 1449 ‚

321 1467 337 1521 (
354 1474 396 1509 et
411 1463 522 1508 forte
537 1466 658 1510 novit
676 1475 720 1510 ct
740 1482 891 1510 verum
906 1466 1033 1521 dicit,
1053 1482 1132 1510 nec
1150 1482 1286 1510 unum
1306 1468 1319 1492 ¹
1334 1466 1477 1519 novit,
1500 1481 1580 1509 nec
1602 1465 1710 1509 duos
1764 1518 1765 1527 ἵ

322 1534 391 1578 vel
414 1537 551 1592 tres‚)
573 1551 704 1594 quem
726 1535 1000 1580 deduxerunt
1025 1536 1081 1580 ad
1095 1535 1276 1591 fossam,
1311 1551 1459 1580 senem
1477 1571 1488 1589 ‚
1513 1535 1710 1594 decrepi-
1763 1530 1765 1559 ³

324 1613 419 1648 tum
439 1640 450 1660 ‚
471 1614 692 1649 mortuum
714 1606 759 1649 in
780 1605 893 1650 lecto
908 1622 986 1650 suo
1004 1641 1015 1661 ‚
1041 1607 1182 1649 turbae
1203 1605 1391 1650 filiorum
1414 1614 1457 1649 et
1479 1614 1705 1665 nepotum.

326 1678 438 1718 Ecce
460 1691 548 1719 non
565 1675 709 1718 timuit
728 1676 956 1720 Dominum
971 1711 981 1730 ,
1003 1685 1046 1720 ct
1059 1675 1201 1735 proles
1215 1674 1539 1720 foecundissima
1554 1676 1709 1719 domus

323 1746 416 1804 ejus
431 1745 584 1789 clausit
606 1745 753 1789 oculos
771 1747 874 1805 ejus.
902 1745 1018 1798 Quid
1041 1745 1095 1790 ad
1112 1747 1193 1790 hoc
1221 1745 1379 1790 dicturi
1394 1747 1573 1789 sumus?
1591 1744 1708 1790 Nihil
1762 1772 1763 1779 1

326 1815 385 1858 1111
408 1824 548 1873 potest
565 1815 738 1858 evenire
755 1815 871 1870 mali,
890 1825 940 1859 ut
957 1816 1110 1859 efferat
1123 1816 1231 1859 filios
1251 1831 1348 1860 suos
1363 1815 1486 1859 vivus
1504 1850 1514 1869 ‚
1531 1816 1708 1875 quando
1761 1818 1763 1830 ”

319 1886 408 1943 jam
424 1895 620 1930 mortuus
638 1902 661 1929 a
684 1886 780 1929 filiis
798 1885 852 1930 ad
870 1885 1118 1952 sepulcrum
1143 1886 1376 1945 gloriosum
1399 1886 1611 1930 deductus
1626 1895 1703 1930 est.

383 1957 464 1999 111.
508 1957 784 1999 Excutiamus
820 1971 946 2014 ergo‚
989 1956 1256 1999 excutiamus
1272 1991 1282 2010 ‚
1317 1956 1347 1999 si
1386 1954 1587 1999 volumus
1620 1970 1709 1998 esse

329 2023 405 2066 [1111
442 2039 720 2068 excussorum
750 2044 758 2068 ε
799 2034 917 2068 exeat
948 2026 1034 2068 huc
1069 2024 1250 2084 aliquid.
1284 2028 1361 2069 Est
1382 2025 1496 2068 enim
1529 2024 1708 2084 quidam

327 2094 457 2138 homo
472 2129 482 2149 ,
509 2095 657 2154 quisic
674 2093 972 2152 benedicitur3
994 2105 1036 2139 et
1053 2111 1181 2139 nemo
1205 2096 1329 2139 timet
1345 2096 1602 2150 Dominum,
1627 2095 1707 2138 nisi

325 2163 401 2222 qui
419 2165 540 2207 estin
562 2164 762 2208 membris
779 2165 910 2223 ipsius
932 2165 1118 2208 hominis
1147 2184 1155 2208 :
1176 2174 1219 2208 et
1235 2165 1359 2208 multi
1375 2165 1572 2208 homines
1587 2173 1704 2219 sunt,

324 2242 367 2275 et
389 2249 502 2277 unus
520 2234 651 2277 homo
673 2243 757 2290 est3
787 2233 912 2277 multi
935 2235 1050 2277 enim
1071 2234 1303 2278 Christiani
1323 2269 1333 2288 ‚
1359 2243 1402 2277 et
1426 2249 1538 2278 unus
1561 2235 1706 2278 Chris-

324 2311 407 2345 tus.
437 2303 520 2360 Ipsi
542 2303 772 2347 Christiani
792 2319 892 2347 cum
914 2304 1054 2362 capite
1068 2320 1145 2348 suo
1162 2339 1172 2357 ‚
1199 2305 1321 2363 quod
1337 2303 1531 2348 ascendit
1548 2304 1594 2347 in
1616 2319 1707 2348 coe-

324 2371 431 2425 lum,
453 2388 562 2416 unus
585 2382 648 2416 est
670 2374 890 2417 Christus:
916 2389 1004 2417 non
1021 2372 1093 2417 ille
1112 2389 1224 2418 unus
1247 2383 1289 2418 et·
1312 2389 1389 2418 nos
1409 2373 1551 2428 multi,
1575 2373 1707 2418 sedet
1756 2389 1757 2411 1

327 2457 405 2485 nos
427 2441 553 2485 multi
581 2442 624 2485 in
653 2441 727 2487 1110
754 2458 841 2486 uno
869 2458 1023 2486 unum.
1052 2445 1171 2486 Unus
1201 2458 1301 2501 ergo
1328 2443 1460 2487 homo
1484 2444 1703 2496 Christus,

374 2530 380 2545 ¹
403 2524 539 2567 Supple.
562 2530 696 2556 tantum.
