1815 3253
415 251 657 282 ENARRATIO
690 256 735 282 m
768 254 970 283 PsALMUM
1003 255 1132 281 cxxx.
1383 242 1462 280 181

83 328 185 365 sunt
215 318 396 381 quidam
429 320 647 375 homines,
683 320 759 379 qui
793 336 893 365 cum
919 319 1136 364 audierint
1160 318 1261 377 quia
1283 317 1468 363 humiles

83 407 172 437 esse
189 391 354 436 debent
372 427 383 446 ,
404 392 633 436 dimittunt
653 408 697 435 se
708 428 718 446 1,
745 392 854 436 nihil
876 391 1031 437 volunt
1058 390 1243 444 discere,
1264 399 1468 448 putantes

81 464 182 524 quia
205 464 238 507 si
256 462 422 523 aliquid
444 462 678 508 didicerint
701 464 877 523 superbi
908 472 1038 507 erunt
1064 482 1072 507 :
1105 470 1148 505 et
1175 471 1401 505 remanent
1425 463 1468 505 in

81 534 172 579 solo
195 534 321 579 lacte.
349 539 464 587 Quos
480 534 758 594 reprehendit
782 535 1019 594 Scriptura,
1041 534 1187 578 dicens
1210 552 1218 578 :
1243 552 1262 575 α
1288 535 1344 577 Et
1366 531 1468 576 faeti

83 624 104 648 »
135 607 232 650 estis
257 621 365 665 opus
385 606 593 650 habentes
612 605 722 651 laete
740 642 750 662 ,
776 622 866 651 non
888 605 1027 651 solido
1049 605 1148 650 cibo
1164 606 1194 648 1.
1219 622 1239 645 »
1263 604 1330 649 Sic
1353 604 1469 647 enim

80 692 157 722 nos
179 680 292 721 Deus
314 676 410 722 vult
431 677 583 721 nutriri
607 677 718 722 laete
733 713 744 732 ,
775 687 825 722 ut
846 694 935 722 non
958 677 1019 721 ibi
1042 691 1342 720 remaneamus
1357 711 1367 729 ,
1394 673 1470 719 sed

80 747 313 792 crescendo
337 763 414 807 per
436 746 523 802 lac,
550 747 604 792 ad
626 748 813 792 solidum
840 748 986 792 cibum
1015 746 1333 807 perveniamus.
1350 748 1467 803 Ergo

79 834 168 863 non
186 818 318 862 debet
334 819 467 862 homo
485 817 690 862 extollere
708 834 782 863 cor
799 834 925 862 suum
942 819 987 861 in
1011 816 1281 876 superbiam,
1303 815 1379 860 sed
1397 816 1469 859 de-

79 889 154 932 bet,
175 888 316 932 levare
339 889 382 932 in
406 887 650 933 doctrinam
671 889 794 933 verbi
817 889 909 933 Dei.
931 891 1039 934 Nam
1061 887 1092 931 si
1116 885 1302 931 levanda
1324 886 1468 930 anima

78 974 169 1004 non
193 968 323 1013 esset,
342 974 430 1003 non
453 959 671 1003 diceretur
689 960 735 1003 in
757 959 839 1004 alia
859 975 965 1004 voce
985 957 1142 1003 Psalmi
1161 977 1169 1002 z
1190 977 1209 1000 «
1224 956 1292 1001 Ad
1311 960 1469 1011 te,Do-

26 1082 27 1091 ἵ
81 1048 101 1072 »
136 1030 277 1084 mine,
309 1028 448 1073 levavi
481 1029 668 1074 animam
693 1045 835 1074 meam
850 1033 882 1073 ².
911 1047 931 1071 n
958 1033 1013 1073 Et
1042 1028 1124 1072 nisi
1145 1043 1188 1072 se
1210 1028 1301 1086 ipsa
1324 1028 1468 1072 anima

77 1115 205 1160 super
227 1116 269 1144 se
298 1099 498 1144 effundat
516 1135 526 1155 ,
558 1115 647 1144 non
674 1101 873 1159 pervenit
902 1099 957 1143 ad
976 1099 1183 1143 visionem
1207 1098 1310 1152 Dei,
1336 1107 1379 1142 et
1412 1097 1468 1142 ad

77 1172 369 1229 cognitionem
388 1170 641 1215 substantiae
665 1170 780 1214 illius
797 1166 1184 1214 incommutabilis.
1206 1170 1316 1213 Nam
1333 1167 1467 1212 modo

77 1257 176 1287 cum
200 1241 342 1285 adhuc
360 1241 403 1285 in
418 1257 546 1285 carne
563 1250 641 1297 est,
662 1241 822 1285 dicitur
837 1241 876 1284 ei
893 1260 901 1285 :
920 1259 940 1282 ι(
957 1240 1042 1284 Ubi
1059 1248 1122 1283 est
1142 1242 1253 1283 Deus
1270 1248 1370 1283 tuus
1385 1240 1426 1281 ³?
1440 1257 1460 1280 n

78 1312 161 1356 Sed
183 1311 300 1355 intus
324 1320 386 1355 est
408 1315 522 1355 Deus
544 1313 655 1371 ejus,
681 1321 724 1355 et
745 1310 993 1371 spiritaliter
1016 1310 1134 1354 intus
1162 1319 1226 1354 est
1240 1345 1250 1365 ,
1272 1319 1316 1354 et
1336 1310 1465 1370 spiri-

76 1382 218 1427 taliter
240 1382 428 1426 excelsus
452 1392 540 1440 est,
565 1398 655 1427 non
673 1383 795 1443 quasi
820 1381 1056 1426 intervallis
1086 1381 1283 1426 locorum
1301 1416 1311 1435 ,
1349 1396 1464 1441 quo-

75 1452 206 1498 modo
223 1469 299 1512 per
317 1452 543 1498 intervalla
560 1453 654 1498 loca
673 1452 826 1497 altiora
846 1461 962 1497 sunt.
981 1455 1090 1497 Nam
1108 1453 1140 1496 si
1166 1452 1259 1496 talis
1278 1451 1465 1496 altitudo

75 1525 310 1586 quaerenda
331 1534 407 1580 est,
422 1525 607 1569 vincunt
628 1541 705 1569 nos
722 1540 819 1569 aves
840 1524 895 1568 ad
907 1528 1061 1568 Deum.
1077 1526 1194 1583 Ergo
1211 1523 1328 1567 intus
1350 1527 1465 1567 Deus

75 1594 185 1639 altus
207 1604 295 1651 est,
320 1605 362 1639 et
383 1595 631 1655 spiritaliter
649 1596 760 1640 altus
782 1615 791 1640 ε
813 1610 893 1639 nec
914 1595 1111 1653 pervenit
1128 1595 1270 1639 anima
1290 1603 1337 1639 ut
1353 1610 1463 1639 eon-

76 1666 212 1725 tingat
229 1681 328 1709 eum
346 1701 356 1721 ,
382 1665 463 1708 nisi
484 1666 699 1709 transierit
720 1681 779 1709 se.
801 1668 911 1710 Nam
938 1664 1156 1725 quidquid
1177 1664 1232 1709 de
1249 1668 1339 1709 Deo
1361 1681 1462 1710 sen-

75 1737 127 1781 tis
149 1737 389 1780 secundum
409 1752 587 1795 corpus,
624 1736 815 1780 multum
839 1751 969 1779 erras.
994 1734 1186 1781 Multum
1219 1735 1362 1780 infans
1385 1752 1427 1780 es
1448 1772 1460 1793 ,

74 1806 108 1851 si
125 1807 253 1850 sentis
266 1807 320 1850 de
335 1810 423 1850 Deo
446 1807 575 1850 etiam
597 1806 841 1850 secundum
865 1806 1052 1850 animam
1069 1806 1325 1860 humanam,
1341 1807 1463 1866 quod

75 1881 186 1922 Deus
203 1886 278 1921 aut
296 1877 598 1932 obliviscatur,
624 1886 698 1920 aut
719 1877 777 1920 ita
796 1877 932 1936 sapiat
953 1886 1003 1919 ut
1024 1875 1222 1935 desipiat,
1240 1885 1314 1920 aut
1330 1876 1463 1922 faeiat

20 1990 22 1995 ,
74 1947 237 2008 aliquid
258 1956 300 1991 et
321 1948 534 2007 poeniteat
563 1962 663 1991 eum
691 1966 699 1991 :
724 1947 869 1991 omnia
891 1946 1009 1989 enim
1028 1947 1109 1989 ista
1131 1945 1269 2005 posita
1292 1956 1395 1991 sunt
1415 1948 1461 1991 in

76 2019 331 2078 Scripturis,
369 2027 419 2062 ut
455 2017 579 2062 nobis
610 2017 875 2061 lactentibus
909 2015 1290 2061 commendaretur
1317 2020 1458 2072 Deus,

73 2104 162 2134 non
191 2099 242 2134 ut
268 2090 441 2149 proprie
469 2088 523 2132 de
545 2087 620 2133 illo
642 2088 702 2133 sic
723 2088 952 2132 audiamus
974 2089 1075 2141 ista,
1101 2096 1144 2131 et
1166 2086 1461 2146 intelligamus

72 2162 193 2221 quasi
212 2162 424 2220 poeniteat
450 2164 611 2216 Deum,
644 2169 686 2204 et
716 2159 849 2204 modo
872 2160 1010 2203 discat
1032 2158 1198 2218 aliquid
1222 2158 1342 2219 quod
1369 2175 1460 2204 non

73 2241 277 2287 noverat,
303 2241 346 2276 et
366 2231 580 2290 intelligat
616 2231 736 2292 quod
761 2247 850 2276 non
877 2231 1171 2289 intelligebat,
1197 2240 1240 2275 et
1262 2231 1460 2275 reminis-

73 2312 195 2346 catur
216 2302 334 2362 quod
358 2301 518 2346 oblitus
540 2311 646 2346 erat.
664 2301 783 2346 Talia
805 2302 921 2345 enim
944 2303 1099 2345 animae
1121 2310 1238 2355 sunt,
1257 2317 1347 2345 non
1366 2303 1457 2346 Dei.

72 2373 162 2418 Nisi
194 2388 297 2431 ergo
328 2373 543 2417 transierit
565 2382 608 2416 et
634 2372 818 2417 modum
848 2372 1004 2416 animae
1036 2387 1125 2415 suae
1144 2406 1155 2426 ‚
1182 2387 1272 2416 non
1293 2371 1461 2416 videbit

74 2444 176 2503 quia
198 2446 312 2486 Deus
334 2452 397 2486 est
420 2442 540 2502 quod
563 2452 647 2500 est,
666 2444 742 2504 qui
766 2443 897 2488 dixit:
920 2445 1044 2501 «Ego
1066 2457 1163 2486 sum
1184 2442 1261 2502 qui
1284 2457 1380 2486 sum
1394 2444 1455 2486 4.»

74 2516 226 2574 Itaque
252 2513 326 2556 ille
357 2514 428 2556 cui
456 2513 683 2557 dicebatur
707 2532 716 2558 :
741 2532 761 2555 «
786 2514 872 2557 Ubi
901 2523 965 2558 est
994 2516 1108 2557 Deus
1143 2522 1242 2557 tuus
1259 2547 1270 2567 ,
1300 2530 1321 2552 »
1349 2511 1456 2571 quid

122 2605 129 2621 ¹
151 2598 248 2631 Ilebr.
270 2609 302 2640 v,
326 2608 375 2631 12.
397 2616 437 2621 --
458 2605 470 2622 ²
494 2598 578 2631 Psal.
598 2609 683 2640 xxiv,
704 2609 731 2630 ι.
753 2613 793 2622 --
815 2596 890 2630 31d.
909 2609 977 2639 xm,
996 2596 1028 2640 4.
1050 2614 1092 2621 -
1110 2596 1126 2626 4
1143 2597 1244 2630 Exod.
1265 2607 1314 2631 m,
1333 2594 1388 2637 ¹4⁴
