1815 3253
421 243 666 275 mnan-ro
696 247 742 274 m
774 242 982 274 PsALMUM
1011 245 1138 274 exx11.
1413 236 1471 276 55

79 333 100 358 »
136 323 241 359 tunc
262 322 306 358 et
323 328 400 358 vos
417 328 519 358 cum
536 312 613 357 illo
628 312 893 373 apparebitis
915 312 961 356 in
976 311 1113 372 gloria
1127 313 1141 338 1
1168 330 1178 357 :
1201 329 1222 354 »
1243 321 1288 359 et
1303 311 1467 370 dicent,

82 405 102 429 (ι
137 386 191 430 Hi
217 395 319 429 sunt
356 400 465 444 quos
488 383 724 445 aliquando
746 384 980 428 habuimus
1010 383 1056 427 in
1084 383 1247 439 risum,
1281 386 1390 429 etin
1411 387 1470 431 si-

79 474 100 499 »
135 454 427 499 militudinem
447 455 715 515 improperii,
736 470 814 499 nos
834 454 1039 498 insensati
1053 453 1186 499 vitam
1205 453 1380 500 illorum
1397 472 1473 501 aes-

79 546 99 570 »
137 527 395 572 timahamus
431 527 663 582 insaniam,
704 536 748 571 et
779 528 912 570 finem
946 525 1122 570 illorum
1154 527 1247 571 sine
1274 527 1468 586 honore3

79 615 99 639 »
134 597 357 658 quomodo
381 598 622 657 computati
643 606 747 641 sunt
768 597 882 641 inter
899 595 1009 641 filios
1027 597 1127 650 Dei,
1148 606 1192 641 et
1209 596 1324 642 inter
1343 614 1470 643 sanc-

78 685 100 709 »
134 677 199 712 tos
227 684 316 713 sors
339 668 515 712 illorum
536 670 666 712 estP»
691 671 748 713 Et
776 676 1015 727 sequentur
1034 668 1079 712 in
1109 682 1161 714 eo
1181 683 1402 725 sermone,
1428 679 1472 714 et

14 776 15 780 ,
75 738 303 798 adjicient,
332 758 352 781 «
370 741 486 797 Ergo
508 740 745 785 erravimus
762 755 785 783 a
802 739 872 785 via
891 738 1106 794 veritatis,
1133 748 1176 783 et
1199 739 1380 800 justitiae
1400 739 1472 785 lu-

79 827 100 851 »
134 825 234 853 men
253 825 343 854 non
364 809 476 854 luxit
503 810 652 865 nobis,
677 819 722 855 et
749 808 814 854 sol
834 825 925 854 non
949 818 1070 854 ortus
1093 818 1156 854 est
1184 810 1327 855 nobis.
1353 811 1472 864 Quid

78 897 99 920 »
133 879 259 931 nobis
280 878 445 939 profuit
465 880 691 939 superbia,
713 888 757 924 et
775 879 1025 925 divitiarum
1041 880 1214 940 jactatio
1236 879 1344 941 quid
1365 896 1472 926 con-

78 968 98 992 »
137 949 235 995 tulit
255 951 436 995 nobis2?
453 969 472 992 »
501 952 568 995 Ibi
590 960 640 995 tu
660 967 750 996 non
773 952 832 997 eis
843 950 1039 1007 insultas,
1065 951 1169 1012 quia
1181 952 1272 1012 jam
1293 953 1372 1012 ipsi
1392 952 1475 1007 sibi

75 1020 298 1065 insultant.
326 1021 456 1074 Quod
492 1020 632 1066 donec
667 1022 767 1077 fiat,
805 1020 986 1077 fratres,
1010 1021 1204 1067 levemus
1241 1021 1391 1067 oculos
1418 1023 1473 1067 ad

76 1106 176 1135 eum
198 1092 275 1152 qui
297 1092 466 1136 habitat
486 1092 531 1136 in
554 1092 694 1150 coelo3
721 1101 765 1136 et
796 1108 886 1136 non
918 1092 974 1136 ab
995 1090 1071 1136 illo
1095 1091 1299 1136 tollamus
1322 1091 1472 1138 oculos

75 1162 359 1223 quoadusque
370 1164 622 1208 misereatur
636 1163 788 1219 nostri,
803 1172 847 1207 et
857 1162 1015 1207 liberet
1025 1163 1080 1207 ab
1091 1163 1212 1208 omni
1231 1164 1473 1209 tentatione

75 1243 119 1278 et
141 1235 376 1294 opprobrio
400 1245 443 1280 et
464 1235 687 1295 despectu.

134 1309 190 1351 X.
227 1309 324 1352 Huc
347 1307 528 1362 accedit,
555 1307 677 1368 quod
695 1306 933 1368 aliquando
956 1316 999 1351 et
1016 1307 1097 1367 ipsi
1114 1306 1191 1367 qui
1208 1315 1312 1351 sunt
1327 1307 1375 1351 in
1391 1307 1473 1352 ssa-

75 1376 189 1436 gello
208 1376 472 1422 infelicitatis
494 1377 746 1437 temporalis
762 1413 773 1433 ‚
798 1376 1010 1423 insultant
1028 1377 1170 1422 nobis.
1196 1377 1371 1422 Invenis
1392 1377 1473 1421 ali-

73 1464 206 1508 quem
224 1450 474 1508 promerito
492 1450 775 1509 iniquitatum
793 1465 969 1494 suarum
982 1484 993 1504 ‚
1016 1450 1104 1495 sive
1121 1448 1294 1493 occulto
1304 1448 1472 1509 judicio

76 1519 152 1563 Dci
165 1554 176 1573 ,
196 1519 282 1565 sive
303 1519 532 1564 manifesta
549 1519 853 1574 damnatione,
880 1519 995 1564 mitti
1015 1520 1061 1563 in
1095 1533 1313 1564 carcerem
1330 1555 1340 1574 ‚
1365 1535 1470 1579 por-

79 1598 166 1633 tare
187 1598 384 1634 catenam
407 1609 416 1634 ι
437 1599 480 1633 et
501 1590 591 1648 ipse
613 1589 807 1635 insultat.
834 1593 892 1634 Et
919 1605 1020 1634 cum
1047 1590 1087 1633 ei
1108 1589 1276 1634 dictum
1308 1588 1468 1646 fuerit‚

76 1662 219 1712 Quare
240 1675 330 1704 non
353 1659 462 1703 bene
485 1660 652 1704 vixisti?
670 1663 783 1704 Ecce
812 1676 901 1721 quo
929 1660 1084 1706 venisti
1115 1659 1225 1704 male
1248 1659 1468 1706 vivendo?

77 1730 156 1775 Ille
177 1730 431 1790 respondet,
453 1734 598 1784 Quare
620 1731 684 1775 illi
704 1732 780 1792 qui
794 1732 906 1776 bene
920 1732 1098 1787 vivunt,
1119 1732 1200 1776 ista
1217 1732 1472 1791 patiuntur?

78 1802 163 1847 Sed
186 1802 247 1845 illi
268 1811 495 1861 propterea
521 1804 748 1862 patiuntur
761 1839 772 1858 ‚
799 1813 848 1847 ut
868 1803 1112 1863 probentur
1129 1839 1140 1858 ‚
1160 1812 1211 1847 ut
1226 1803 1474 1848 tentationi-

9 1903 12 1907 .
77 1871 159 1916 bus
192 1882 493 1927 exerceantur,
525 1882 576 1917 ut
601 1873 781 1932 flagellis
810 1874 1070 1933 proficiant:
1095 1893 1113 1914 «
1141 1874 1253 1927 Quia
1281 1874 1474 1933 flagellat

80 1961 100 1984 η
138 1945 249 1986 Deus
269 1958 445 1986 omnem
468 1942 606 1988 tilium
625 1959 759 2003 quem
779 1943 933 2003 recipit
958 1945 990 1987 3.
1012 1962 1032 1985 »
1052 1946 1112 1988 Et
1134 1944 1168 1988 si
1186 1944 1372 1988 Unicum
1384 1944 1476 1988 sine

78 2023 256 2072 peccato
278 2013 535 2072 flagellavit,
561 2023 604 2057 et
627 2029 705 2073 pro
736 2015 940 2058 omnibus
962 2013 1144 2058 tradidit
1161 2029 1264 2057 eum
1287 2014 1326 2070 4,
1356 2030 1472 2074 quo-

78 2084 211 2129 modo
233 2083 444 2128 debemus
462 2101 540 2129 nos
557 2084 789 2143 flagellari,
810 2085 887 2146 qui
909 2084 1093 2129 fecimus
1111 2100 1246 2145 quare
1278 2085 1474 2144 flagella-

79 2157 201 2198 mur?
223 2170 323 2199 cum
344 2155 423 2200 ista
441 2154 698 2211 dixerimus,
723 2154 788 2199 illi
804 2165 849 2200 et
865 2156 920 2199 de
939 2154 1195 2200 infelicitate
1212 2156 1475 2215 superbiunt

78 2225 243 2279 adhuc,
265 2234 308 2269 et
329 2226 500 2281 afflicti,
528 2226 729 2270 nondum
753 2226 995 2282 humiliati,
1021 2226 1312 2286 respondent,
1338 2236 1381 2272 et
1403 2226 1474 2272 di-

79 2303 211 2350 cunt,
238 2298 323 2339 Ista
339 2305 442 2339 sunt
469 2296 599 2340 verba
628 2297 974 2341 Christianorum
1002 2313 1239 2353 vanorum,
1270 2298 1347 2358 qui
1377 2313 1474 2342 cre-

79 2365 192 2411 dunt
209 2365 328 2426 quod
346 2383 435 2411 non
456 2367 623 2412 vident.
654 2368 696 2413 Si
714 2378 757 2412 et
775 2369 855 2428 ipsi
871 2369 1107 2424 insultant,
1129 2368 1236 2430 quid
1254 2378 1475 2428 putamus,

82 2436 232 2480 fratres
248 2471 258 2491 ‚
285 2438 407 2496 quasi
431 2453 519 2481 non
536 2454 607 2481 cos
623 2448 989 2482 commemoratos
1004 2440 1049 2483 in
1066 2440 1150 2484 hoc
1170 2439 1356 2494 Psalmo,
1378 2455 1476 2484 cum

83 2506 267 2561 diceret,
295 2526 314 2549 «
335 2508 631 2566 Opprobrium
653 2508 712 2551 eis
728 2509 807 2568 qui
823 2509 1076 2565 abundant,
1098 2519 1142 2554 et
1164 2509 1383 2569 despectio
1404 2525 1477 2553 su-

132 2597 139 2612 ¹
160 2590 277 2623 Coloss.
306 2603 354 2632 111,
372 2591 403 2632 lg.
422 2608 463 2614 —
483 2599 494 2614 ²
521 2594 595 2632 Sap.
613 2603 647 2633 v,
665 2592 741 2624 3-8.
764 2609 805 2615 ——-
831 2591 844 2616 3
871 2593 968 2626 Hebr.
994 2604 1054 2635 xn,
1077 2594 1109 2626 6.
1131 2611 1172 2617 —
1190 2593 1206 2624 4
1220 2597 1313 2627 Rom.
1333 2604 1405 2636 vm,
1421 2594 1474 2626 32.
