1856 3268
451 163 692 196 ENARRATIO
725 168 770 195 IN
804 166 1003 196 PSALMUM
1037 168 1145 195 CXXI.
1419 158 1475 196 29

95 251 115 276 >›
151 241 229 277 tas.
250 249 271 274 »
298 234 442 286 Quare
459 247 547 277 non
571 232 719 277 civitas
735 267 746 287 ,
772 232 876 288 sed,
906 252 926 276 (ι
952 236 1008 278 Ut
1030 233 1203 277 civitas?
1231 249 1251 273 »
1271 232 1360 277 Nisi
1375 233 1478 292 quia

91 304 169 347 ista
189 312 406 348 structura
430 303 665 362 parietum,
686 319 785 363 quae
815 313 907 348 erat
937 304 981 348 in
1004 302 1272 361 Jerusalem,
1299 303 1478 348 visibilis

91 374 264 430 civitas,
296 382 413 428 erat,
450 373 560 418 sieut
582 373 754 433 proprie
777 372 937 418 dieitur
968 373 1023 417 ab
1046 373 1251 418 omnibus
1269 408 1279 428 ,
1301 373 1476 431 civitas,

90 443 163 488 illa
186 453 333 488 autem
355 442 596 488 aedificatur
622 456 834 503 tanquam
857 444 1031 499 civitas,
1057 444 1159 503 quia
1182 453 1226 487 et
1254 443 1316 486 illi
1339 443 1415 503 qui
1437 444 1482 487 in

91 529 185 559 eam
208 515 397 570 intrant,
434 533 454 556 ι(
481 516 706 574 Tanquam
742 514 826 558 vivi
852 513 1017 573 lapides
1045 523 1173 569 sunt,
1207 531 1227 555 »
1254 529 1344 558 non
1361 512 1479 557 enim

92 601 190 631 vere
208 585 372 645 lapides
394 594 510 630 sunt.
540 585 659 630 Sicut
687 584 750 629 illi
781 595 830 630 ut
851 584 1015 645 lapides
1035 620 1046 640 ‚
1072 601 1161 630 non
1194 584 1360 644 lapides
1387 603 1395 628 ;
1421 584 1480 627 sic

90 655 164 700 illa
183 674 202 697 «
224 659 282 700 Ut
303 656 452 700 civitas
468 690 479 710 ,
503 674 522 697 »
542 671 632 700 non
652 655 827 713 civitas:,
850 656 953 715 quia
975 654 1083 700 dixit
1104 674 1124 698 «
1149 654 1423 699 AEdificatur.
1453 671 1474 694 »

91 727 275 773 Nomine
312 727 475 787 quippe
497 725 692 782 aedifieii,
716 736 980 771 structuram
1003 742 1349 787 compagemque
1381 741 1480 770 cor-

89 813 245 857 porum
265 807 396 857 atque
417 797 634 856 parietum
645 797 784 842 voluit
797 797 995 855 intelligi.
1014 800 1123 844 Nam
1138 797 1286 842 civitas
1308 797 1482 856 proprie

89 868 135 911 in
163 866 413 911 hominibus
436 866 735 910 habitantibus
757 867 1032 926 intelligitur.
1067 866 1152 912 Sed
1185 866 1477 911 manifestavit

90 937 215 982 nobis
237 937 453 982 civitatem
475 952 519 980 se
541 936 698 980 urbem
721 935 876 980 dixisse
897 973 907 992 ,
933 937 1036 996 quia
1058 937 1164 980 dixit
1190 956 1198 980 2
1229 956 1248 979 «
1274 936 1483 980 AEdifica-

93 1026 113 1049 »
148 1017 234 1052 tur.
257 1026 276 1049 »
297 1010 354 1052 Et
375 1007 476 1068 quia
499 1006 734 1051 aedificium
758 1007 949 1066 spiritale
972 1007 1303 1052 similitudinem
1327 1022 1484 1066 quam-

91 1079 191 1122 dam
217 1077 352 1122 habet
380 1077 552 1122 aedificii
583 1078 840 1137 corporalis,
878 1078 976 1122 ideo
1009 1097 1030 1121 ι(
1061 1078 1320 1122 AEdifieatur
1352 1086 1402 1122 ut
1422 1077 1484 1122 ci-

93 1166 114 1191 »
149 1149 272 1194 Vitas.
302 1167 323 1190 n

150 1223 203 1263 V.
232 1220 316 1264 Sed
337 1218 454 1264 dicat
470 1219 590 1280 quod
612 1219 835 1280 sequitur,
857 1229 900 1264 et
919 1218 1088 1264 auferat
1109 1234 1284 1264 omnem
1307 1218 1485 1262 dubita-

92 1291 276 1345 tionem,
302 1290 507 1350 quianon
525 1289 754 1334 carnaliter
777 1290 990 1335 debemus
1013 1291 1229 1350 accipere,
1264 1309 1284 1332 «
1307 1292 1484 1333 Jerusa-

94 1380 114 1403 »
149 1361 234 1405 lem
258 1377 356 1421 quae
389 1360 631 1406 aedificatur
654 1370 704 1404 ut
726 1361 891 1405 civitas.
935 1363 1070 1421 Cujus
1093 1360 1366 1420 participatio
1394 1361 1485 1419 ejus

95 1450 115 1473 »
150 1432 195 1475 in
219 1431 422 1491 idipsum.
453 1451 472 1474 »
499 1435 597 1476 Jam
620 1447 721 1489 ergo
741 1467 751 1487 ,
774 1431 929 1476 fratres
946 1467 956 1487 ,
982 1431 1178 1492 quisquis
1196 1431 1320 1489 erigit
1347 1430 1484 1474 aciem

91 1503 248 1546 mentis
264 1537 274 1556 ,
301 1502 495 1562 quisquis
517 1501 698 1562 deponit
717 1502 944 1561 caliginem
959 1503 1099 1546 carnis
1112 1538 1122 1556 ,
1140 1502 1335 1562 quisquis
1354 1516 1485 1544 mun-

92 1571 167 1616 dat
183 1571 360 1617 oculum
395 1572 537 1617 cordis
555 1607 566 1627 ,
599 1572 763 1627 elevet,
790 1581 833 1616 et
862 1572 1007 1617 videat
1030 1592 1050 1614 «
1077 1571 1288 1631 Idipsum.
1317 1591 1337 1613 »
1365 1569 1484 1625 Quid

93 1651 156 1687 est
181 1661 200 1684 «
219 1641 441 1702 ldipsum?
466 1661 485 1683 »
512 1642 735 1703 quomodo
757 1641 922 1697 dicam,
943 1642 1022 1686 nisi
1050 1661 1070 1684 e<
1103 1641 1328 1702 ldipsum?
1348 1661 1368 1684 ))
1397 1642 1485 1687 fra-

94 1722 199 1767 tres,
226 1713 260 1757 si
273 1714 471 1772 potestis,
501 1712 730 1771 intelligite
752 1732 771 1755 «
797 1713 1007 1772 Idipsum.
1033 1731 1053 1754 »
1073 1715 1183 1758 Nam
1201 1723 1243 1757 et
1256 1729 1337 1772 ego
1359 1714 1486 1774 quid-

94 1783 200 1843 quid
218 1783 337 1827 aliud
359 1782 528 1838 dixero,
555 1798 645 1827 non
663 1782 761 1827 dieo
779 1802 798 1825 α
820 1782 1032 1842 ldipsum.
1056 1803 1075 1825 «
1093 1786 1315 1828 Conemur
1336 1793 1483 1828 tamen

94 1851 356 1914 quibusdam
369 1853 665 1897 vicinitatibus
683 1853 915 1897 verborum
934 1863 977 1897 et
999 1853 1366 1912 significationum
1390 1870 1485 1914 per-

95 1923 252 1968 ducere
274 1923 572 1967 infirmitatem
591 1923 746 1967 mentis
770 1922 825 1967 ad
847 1923 1129 1981 cogitandum
1159 1943 1179 1966 «
1212 1923 1432 1983 Idipsum,
1459 1943 1479 1966 »

95 1995 211 2049 Quid
234 2004 296 2039 est
317 2014 336 2037 «
365 1994 593 2054 Idipsum?
627 2013 646 2035 »
673 1993 803 2047 Quod
840 2010 1009 2054 semper
1036 1993 1189 2038 eodem
1217 1995 1349 2039 modo
1381 2005 1446 2041 est
1472 2015 1481 2040 :

95 2065 216 2126 quod
238 2081 328 2109 non
350 2064 480 2110 modo
505 2064 622 2109 aliud
643 2099 654 2120 ,
681 2073 723 2109 et
745 2064 876 2108 modo
900 2063 1020 2109 aliud
1041 2074 1119 2109 est.
1145 2065 1264 2118 Quid
1295 2075 1359 2110 est
1381 2081 1484 2125 ergo

101 2155 121 2178 «
156 2135 348 2195 Idipsum
368 2170 378 2190 ,
408 2154 428 2177 »
455 2135 536 2179 nisi
573 2135 693 2195 quod
724 2137 818 2179 est?
838 2134 955 2189 Quid
990 2134 1196 2196 estquod
1226 2138 1318 2180 est?
1355 2135 1486 2190 Quod

98 2215 310 2251 {eternum
329 2215 406 2251 est.
422 2209 532 2252 Nam
547 2206 669 2267 quod
681 2221 850 2266 semper
867 2206 992 2250 aliter
1009 2215 1140 2266 atque
1158 2206 1282 2251 aliter
1300 2219 1374 2263 est,
1396 2223 1486 2252 non

98 2287 161 2321 est
176 2313 186 2332 ,
213 2278 314 2337 quia
328 2293 417 2322 non
434 2286 581 2322 manet
599 2297 606 2322 :
625 2293 713 2322 non
731 2278 909 2322 omnino
923 2293 1012 2321 non
1027 2286 1105 2332 est,
1124 2277 1200 2321 sed
1213 2293 1300 2323 non
1317 2293 1486 2322 summe

99 2356 175 2391 est.
201 2350 259 2391 Et
281 2347 388 2407 quid
411 2357 495 2403 est,
521 2348 641 2409 quod
659 2357 744 2403 est,
767 2348 848 2391 nisi
864 2347 938 2391 ille
959 2347 1063 2407 qui,
1083 2348 1262 2408 quando
1282 2349 1488 2393 mittebat

98 2420 307 2476 Moysen,
333 2417 441 2462 dixit
459 2417 522 2462 illi
537 2453 548 2474 ,
573 2437 592 2461 «
618 2422 711 2478 Ego
727 2435 823 2464 sum
845 2419 921 2479 qui
938 2433 1035 2463 sum
1053 2420 1092 2462 Ῥ
1113 2438 1132 2461 »
1160 2419 1277 2472 Quid
1299 2429 1362 2464 est
1384 2421 1484 2476 hoe,

149 2508 157 2525 ¹
181 2502 278 2534 Exod.
296 2513 347 2542 111,
370 2501 421 2544 14.
