1815 3253
390 232 632 264 minu-rm
664 237 710 264 m
743 232 946 265 rsALMUM
978 236 1158 264 cxxxlx.
1371 220 1456 263 347

15 0 19 129 l

63 301 134 348 isti
154 336 165 355 ,
188 300 290 361 quia
312 299 410 346 talis
431 310 495 345 est
512 310 555 345 et
578 302 667 361 ipse
684 301 900 347 diabolus.
927 301 1114 356 Quando
1136 300 1354 346 seduxerit
1370 301 1453 345 ho-

66 372 251 426 minem,
281 371 460 429 gaudet,
487 372 727 432 triumphat
756 373 811 418 de
832 373 907 417 illo
929 392 938 418 :
964 371 1177 417 exaltatur
1210 372 1300 431 ipse
1319 407 1329 426 ,
1355 372 1453 432 quia

64 441 138 488 ille
154 442 411 487 humiliatus
433 452 510 487 est.
538 446 683 497 Quare
702 453 847 489 autem
867 444 939 488 illc
962 443 1216 488 humiliatus
1239 445 1332 487 est?
1349 443 1456 495 Quia

64 513 179 559 male
201 514 412 559 exaltatus
435 513 519 559 fuit
545 534 554 560 ε
583 525 626 560 et
648 515 720 561 ille
742 517 817 576 qui
842 514 896 560 de
917 514 994 559 illo
1016 514 1259 573 triumphat
1275 549 1286 568 ,
1307 513 1455 558 humi-

64 583 256 629 liabitur.
293 584 416 629 Tales
438 595 540 629 sunt
566 587 682 630 enim
705 601 855 630 omnes
875 620 885 640 ,
911 585 987 645 qui
1010 583 1203 644 gaudent
1223 583 1278 628 de
1300 583 1417 628 malo
1443 602 1452 629 ε

63 654 267 700 videntur
288 655 369 699 sibi
392 656 447 699 ad
468 665 637 716 tempus
662 657 851 716 gloriari,
872 656 1121 716 superbire,
1146 654 1355 699 cervicem
1379 654 1455 697 eri-

0 743 4 748 *
65 741 180 785 gere.
200 728 297 771 Non
314 742 389 770 vos
411 726 599 772 delectat
621 727 825 772 exaltatio
854 743 1005 772 eorum
1022 761 1032 781 ,
1058 742 1197 770 escam
1222 725 1386 770 habent
1410 724 1454 768 in

62 795 260 841 faucibus
284 807 327 842 et
353 798 548 842 hamum.
586 799 649 843 lbi
673 807 736 843 est
758 814 847 859 quo
875 797 1149 842 delectantur
1165 832 1176 851 ,
1200 795 1263 840 ibi
1286 805 1349 840 est
1364 811 1454 855 quo

63 867 311 919 trahuntur.
338 886 358 909 «
388 870 451 912 Ne
482 867 758 929 derelinquas
778 884 872 923 me,
910 883 966 912 ne
990 866 1101 912 forte
1123 865 1367 911 exaltentur
1390 885 1399 911 :
1429 883 1449 906 n

0 943 18 984 ι’
61 936 106 994 id
121 947 185 981 est
203 972 214 992 ‚
240 954 329 982 non
347 937 401 982 de
424 954 494 982 me
518 940 815 998 triumphent,
836 955 926 983 non
943 938 998 982 de
1020 953 1089 982 me
1105 936 1340 996 gaudeant.

120 1011 247 1053 XIII.
278 1028 297 1051 «
325 1011 468 1068 Caput
502 1010 710 1054 circuitus
741 1025 915 1064 eorum,
950 1009 1074 1053 labor
1095 1008 1312 1052 labiorum
1334 1007 1453 1066 ipso-

2 1090 23 1141 ἒς
66 1097 86 1122 »
121 1095 217 1124 rum
242 1089 360 1138 teget
383 1096 455 1124 eos
474 1081 504 1124 ¹.
530 1099 549 1121 »
576 1084 672 1136 Me,
706 1081 872 1141 inquit,
899 1081 1056 1124 umbra
1088 1079 1253 1123 alarum
1277 1087 1451 1121 tuarum

0 323 7 679 .--------ψ-ἡ

62 1159 192 1209 teget.
221 1150 501 1194 Obumbrasti
532 1151 647 1194 enim
669 1151 776 1195 mihi
799 1151 844 1194 in
867 1149 937 1195 die
960 1149 1078 1194 belli.
1112 1152 1231 1208 Ipsos
1253 1147 1361 1208 quid
1384 1157 1451 1192 te-

63 1222 162 1278 get?
187 1239 207 1262 «
233 1222 376 1279 Caput
407 1220 613 1270 circuitus
645 1236 812 1265 eorum.
842 1239 862 1262 »
891 1223 988 1280 Ipsa
1008 1229 1073 1264 est
1089 1219 1306 1278 superbia.
1335 1218 1451 1271 Quid

61 1300 125 1338 est
151 1310 171 1342 ς(
196 1291 412 1335 Circuitus
435 1291 660 1350 ipsorum?
686 1310 705 1332 »
734 1294 791 1336 Ut
817 1291 1108 1344 circumeant,
1134 1299 1178 1334 et
1199 1305 1288 1333 non
1306 1297 1448 1345 stent,

61 1361 105 1406 in
124 1376 280 1420 gyrum
304 1371 405 1406 eant
427 1361 602 1416 erroris,
627 1362 705 1405 ubi
728 1362 809 1405 itcr
830 1370 893 1405 est
913 1362 1004 1405 sine
1023 1362 1125 1405 fine.
1160 1360 1243 1413 Qui
1265 1359 1380 1403 enim
1403 1359 1449 1408 in

59 1431 240 1490 longum
268 1433 326 1487 it,
359 1432 559 1476 alicunde
581 1432 754 1491 incipit,
783 1431 943 1476 alicubi
973 1431 1068 1475 finit
1095 1450 1103 1476 :
1127 1431 1202 1491 qui
1224 1431 1269 1474 in
1291 1445 1448 1489 gyrum

60 1502 94 1547 it
113 1537 124 1557 ,
151 1517 365 1562 nusquam
390 1502 500 1545 finit.
528 1506 623 1561 Ipse
646 1511 709 1546 est
727 1502 853 1546 labor
869 1502 1119 1561 impiorum,
1144 1501 1220 1561 qui
1240 1500 1446 1545 demons-

6 1590 8 1596 ’
60 1581 197 1629 ‘tratur
218 1573 263 1616 in
286 1572 370 1617 alio
402 1571 573 1617 Psalmo
591 1571 834 1616 evidentius
857 1591 866 1616 2
891 1591 910 1613 «
931 1574 983 1616 In
1005 1571 1192 1616 circuitu
1213 1571 1335 1630 impii
1357 1586 1451 1614 am-

0 1666 1 1671 =
61 1659 82 1685 a)
117 1642 318 1690 bulant2.
343 1661 362 1684 »
387 1642 472 1687 Sed
502 1642 709 1687 circuitus
737 1658 887 1686 eorum
917 1651 1076 1702 caput,
1114 1642 1318 1702 superbia
1351 1651 1446 1686 est:

0 1731 9 1754 ,ι
59 1713 161 1774 quia
182 1714 355 1759 initium
373 1713 511 1758 omnis
534 1713 700 1773 peccati
723 1713 944 1772 superbia.
976 1712 1102 1758 Unde
1124 1721 1270 1757 autem
1298 1728 1451 1772 super-

0 1796 10 1826 :2
58 1783 128 1835 bia
163 1803 182 1834 (ς
213 1784 358 1828 Labor
385 1782 601 1828 labiorum
631 1784 861 1843 ipsorum?
897 1783 1047 1827 Omnis
1082 1782 1198 1828 enim
1236 1782 1450 1841 superbus

0 1870 2 1895 :
61 1871 81 1896 n
117 1854 244 1898 fictus
273 1863 365 1909 est,
397 1854 538 1901 omnis
559 1854 685 1897 fictus
708 1852 935 1897 mendax3.
966 1871 986 1893 »
1012 1853 1234 1897 Laborant
1250 1853 1449 1898 homines

0 1937 26 1984 ιι,
58 1923 178 1985 loqui
205 1924 484 1969 mendacium
511 1944 520 1969 z
558 1940 657 1968 nam
679 1924 906 1968 veritatem
940 1932 1031 1968 tota
1065 1923 1270 1968 facilitate
1291 1922 1449 1983 loque-

0 2007 4 2036 ε
24 1985 27 2045 l
59 2005 225 2045 rentur.
252 1994 330 2039 Ille
353 1996 467 2040 enim
490 1995 684 2050 laborat,
710 1994 786 2055 qui
804 1994 928 2052 fingit
951 1993 1072 2054 quod
1095 1994 1215 2039 dicit.
1240 1996 1350 2039 Nam
1373 1994 1449 2053 qui

0 2057 27 2106 3¹
59 2080 209 2123 verum
240 2065 336 2109 vult
358 2064 526 2120 dicere,
561 2081 651 2109 non
684 2064 855 2110 laborat
882 2084 890 2109 :
927 2064 1017 2124 ipsa
1041 2065 1157 2108 enim
1180 2064 1335 2108 veritas
1358 2063 1450 2107 sine

0 2148 5 2176 1
59 2134 206 2199 labore
226 2136 439 2196 loquitur.
466 2138 527 2180 De
549 2136 727 2180 homine
749 2150 852 2194 ergo
875 2135 959 2179 hoc
980 2133 1089 2178 dixit
1111 2137 1201 2179 Deo
1230 2154 1239 2179 ε
1258 2136 1330 2185 Me
1347 2149 1450 2193 pro-

0 2220 6 2248 >
59 2215 173 2268 teget
207 2205 517 2252 umbraculum
549 2216 699 2262 tuum,
739 2206 853 2266 ipsos
886 2215 1002 2264 teget
1034 2205 1312 2250 mendacium
1334 2205 1449 2265 ipso-

0 2292 6 2305 ’-
59 2292 154 2338 rum
181 2297 189 2323 2
214 2278 290 2322 sed
312 2277 456 2337 ipsum
479 2277 756 2321 mendacium
773 2277 984 2337 ipsorum,
999 2275 1125 2321 labor
1146 2285 1210 2319 est
1228 2275 1446 2321 labiorum

1 2361 7 2390 s
60 2347 263 2408 ipsorum.
289 2368 310 2391 «
335 2351 448 2392 Ecce
471 2347 986 2407 parturivitinjustitiam,
1007 2346 1208 2406 concepit
1230 2345 1445 2407 dolorem,

0 2432 7 2459 e
63 2435 85 2470 ῃ
116 2427 158 2463 et
180 2419 349 2479 peperit
365 2418 681 2479 iniquitatem4.
706 2436 726 2459 »
754 2421 806 2462 In
825 2417 944 2469 omni
963 2417 1081 2461 enim
1098 2432 1228 2477 opere
1249 2416 1365 2475 malo
1387 2415 1448 2460 la-

0 2496 30 2629 i}
107 2520 115 2537 ¹
137 2513 217 2546 Psal.
251 2524 393 2555 cxxxix,
430 2525 482 2546 10.
507 2530 549 2536 —
569 2520 582 2536 ²
618 2511 700 2545 Psal.
735 2524 795 2554 x1,
827 2523 860 2555 9.
881 2510 952 2535 -3
971 2512 1070 2546 Eccli.
1102 2524 1136 2553 x,
1172 2511 1223 2544 15.
1253 2529 1295 2534 —
1312 2509 1329 2540 4
1356 2510 1442 2543 Psal.

62 2579 118 2611 vn,
138 2569 189 2602 15.

28 2657 30 2694 Ι

28 2703 30 2724 l
