1815 3253
424 248 666 278 ENARRATIO
698 252 743 278 nv
778 249 982 279 rsALMUM
1013 252 1120 279 cxu.
1372 242 1456 282 403

70 321 305 370 angustum
327 322 404 358 est.
431 316 546 371 Ergo
579 323 672 359 orat
708 330 751 358 sc
773 314 901 360 educi
931 317 986 359 ab
1018 318 1229 373 angustia.
1255 319 1458 370 Quamvis

70 383 185 428 enim
223 385 269 428 in
305 399 382 444 spe
416 384 694 429 latitudinem
726 386 913 441 habeat,
938 386 981 429 in
1005 402 1050 430 re
1084 396 1229 430 tamen
1258 391 1460 447 praesenti

70 463 341 512 angustatur.
363 456 554 499 Attende
571 457 788 514 angustias
811 457 1008 516 Apostoli
1028 476 1036 501 :
1068 476 1087 498 «
1111 460 1208 502 Non
1232 459 1365 502 habui
1393 477 1460 503 re-

72 541 94 565 »
128 525 275 584 quiem
295 525 463 585 spiritui
486 541 606 581 meo,
635 544 655 567 »
681 525 810 584 dixit3
838 545 858 568 «
883 527 990 579 Quia
1021 543 1111 572 non
1137 528 1284 573 inveni
1315 531 1460 574 Titum

0 596 2 603 '
50 613 94 655 st»
128 594 306 641 fratrem
329 612 475 641 meum
494 599 524 641 1.
554 616 574 638 »
596 597 694 642 Alio
714 598 812 643 loco
834 616 842 641 :
867 616 886 640 «
907 598 1012 652 Quis
1029 598 1300 655 infirmatur,
1323 610 1364 644 ct
1383 617 1464 660 ego

73 684 94 708 »
129 682 220 711 non
242 668 464 713 infirmor?
481 669 578 729 quis
595 667 912 713 scandalizatur
930 703 941 722 ,
968 678 1012 713 et
1031 684 1112 728 ego
1141 685 1229 714 non
1259 674 1419 713 uror‘2'?
1440 690 1459 712 »

71 737 158 790 Qui
178 752 282 796 ergo
300 747 343 781 ct
368 737 670 782 infirmabatur
684 728 732 783 'et
753 738 963 782 urebatur
979 773 989 793 ‚
1015 754 1164 783 nonne
1180 739 1226 783 in
1249 740 1392 799 poenis
1422 750 1464 785 ct

72 821 243 851 carcerc
261 810 383 852 erat?
403 809 487 852 Sed
509 808 600 852 istfe
619 824 763 868 poenae
786 824 836 852 ex
858 809 1069 853 charitate
1086 825 1292 854 coronam
1315 820 1466 870 partu-

74 877 208 921 riunt.
234 878 360 921 Unde
375 878 534 922 iterum
555 878 682 933 dicit,
705 897 724 920 «
751 881 956 938 Superest
973 879 1079 923 mihi
1096 895 1255 924 corona
1267 881 1463 941 justitiae⁷

76 965 96 988 n
132 963 265 1008 quam
289 947 442 993 reddet
469 945 575 992 mihi
607 948 817 1002 Dominus
833 950 878 993 in
900 948 973 994 illa
995 950 1066 994 die
1083 951 1227 1010 justus
1241 951 1419 1011 judex³.
1443 971 1463 993 n

74 1017 143 1063 Ad
165 1019 249 1063 hoc
270 1017 384 1063 valet
405 1054 415 1074 ‚
441 1038 460 1061 «
487 1019 612 1064 Educ
633 1018 688 1064 de
710 1035 881 1064 carcere
904 1020 1095 1065 animam
1111 1037 1274 1077 meam,
1302 1032 1350 1067 ut
1367 1039 1469 1068 con-

76 1107 97 1131 »
133 1090 309 1134 fiteatur
327 1089 493 1134 nomini
511 1099 603 1134 tuo.
634 1109 653 1131 »
670 1089 933 1134 Jameducta
954 1091 1009 1134 de
1028 1093 1309 1151 corruptione
1326 1128 1336 1147 ,
1360 1093 1470 1153 quid

75 1160 211 1205 habet
237 1161 466 1205 confiteri?
492 1164 671 1205 Peccata
694 1160 754 1204 ibi
779 1176 868 1205 non
903 1170 1030 1214 sunt,
1066 1161 1141 1205 sed
1172 1161 1322 1207 laudes
1346 1174 1464 1209 sunt.

76 1231 258 1276 Duobus
282 1240 427 1276 autem
449 1231 589 1275 modis
611 1230 825 1276 confessio
859 1231 1139 1290 intelligitur,
1173 1243 1216 1277 et
1245 1233 1291 1277 in
1312 1250 1468 1294 peeca-

75 1302 128 1346 tis
163 1302 344 1357 nostris,
370 1310 414 1346 et
440 1302 485 1345 in
514 1301 643 1345 laude
674 1301 766 1345 Dei.
797 1304 847 1344 In
884 1302 1067 1360 pcccatis
1090 1304 1246 1348 nostris
1276 1314 1379 1349 nota
1407 1315 1471 1349 est

76 1372 289 1418 confessio
309 1408 319 1428 ‚
341 1382 384 1417 et
402 1373 459 1416 ita
482 1381 585 1416 nota
607 1372 727 1416 omni
755 1371 922 1432 populo
940 1407 950 1427 ,
976 1382 1026 1416 ut
1063 1374 1242 1433 quando
1270 1375 1471 1420 auditum

77 1441 210 1487 fuerit
226 1458 388 1488 nomen
405 1440 687 1487 confessionis
702 1442 747 1485 in
769 1441 956 1487 lectione
977 1478 988 1497 ‚
1014 1443 1102 1488 sive
1130 1444 1177 1487 in
1197 1444 1327 1490 laude
1349 1446 1471 1491 dica-

81 1521 151 1557 tur
170 1548 182 1568 7
207 1513 294 1558 sive
313 1512 368 1556 de
397 1512 582 1572 peccatis
612 1511 784 1556 dicatur
800 1547 811 1567 ⁷
851 1522 1030 1558 currant
1050 1515 1187 1573 pugni
1217 1515 1271 1560 ad
1302 1527 1468 1576 pectus.

77 1585 241 1629 Notum
270 1592 333 1627 est
353 1598 456 1642 ergo
485 1598 646 1626 nomen
668 1581 1034 1627 confessionis-de
1056 1594 1235 1643 peceato
1262 1602 1270 1626 :
1302 1587 1474 1631 confes-

79 1654 245 1698 sionem
279 1653 326 1697 in
362 1652 493 1697 laude
528 1667 791 1712 quaeramus.
820 1653 902 1697 Ubi
937 1653 1214 1699 invenimus?
1246 1658 1391 1702 Habes
1426 1659 1472 1702 in

83 1724 314 1784 Scripturis
350 1744 358 1768 :
402 1743 422 1766 «
450 1727 506 1768 Et
540 1724 635 1768 haec
662 1724 814 1767 dicetis
847 1723 892 1767 in
919 1723 1191 1771 confessione
1217 1762 1228 1783 ‚
1271 1747 1290 1770 «
1327 1730 1468 1788 Opera

82 1813 104 1836 »
138 1795 314 1840 Domini
348 1794 569 1849 universa,
607 1794 816 1854 quoniam
848 1794 964 1839 bona
995 1795 1123 1840 valde
1144 1798 1176 1840 4.
1206 1816 1226 1839 »
1256 1801 1374 1858 Ergo
1399 1801 1469 1846 hic

81 1865 292 1910 confessio
314 1864 454 1908 laudis
478 1874 555 1908 est.
578 1863 675 1909 Alio
697 1864 794 1909 loco
816 1866 907 1925 ipse
928 1867 1138 1911 Dominus
1160 1868 1287 1924 dicit,
1317 1873 1469 1916 «Con-

83 1955 104 1978 »
139 1937 266 1980 fiteor
287 1935 368 1979 tibi
384 1971 394 1990 ‚
420 1938 568 1989 Pater,
596 1936 800 1991 Domine,
826 1935 928 1979 coeli
950 1946 993 1981 et
1014 1941 1164 1981 terrae⁵
1179 1974 1190 1993 ‚
1223 1941 1340 1993 Quid
1362 1958 1471 1987 eon-

81 2007 316 2050 fitebatur?
339 2004 556 2065 numquid
576 2007 788 2064 peccata?
817 2006 977 2051 Christi
1005 2023 1106 2066 crgo
1127 2010 1348 2066 confiteri,
1382 2023 1478 2058 erat

80 2077 273 2123 laudare.
291 2079 348 2121 Et
368 2075 469 2120 audi
493 2075 669 2120 laudem
694 2078 831 2120 Patris
854 2097 862 2121 :
891 2097 910 2119 «
936 2078 1047 2131 Quia
1069 2079 1335 2126 abscondisti
1358 2083 1467 2140 haec,
1511 2088 1514 2090 ’

84 2167 105 2191 »
139 2149 311 2209 inquit,
333 2163 355 2192 a
372 2147 640 2207 sapientibus
661 2157 703 2191 et
718 2148 1009 2207 prudentibus
1031 2159 1073 2194 et
1095 2150 1292 2196 revelasti
1313 2169 1362 2197 ea
1378 2170 1473 2214 par-

84 2238 105 2262 »
141 2219 267 2264 vulis.
297 2237 317 2259 »
339 2218 449 2271 Quia
472 2234 574 2277 ergo
592 2227 690 2277 post
722 2218 822 2263 istas
840 2220 1129 2279 corruptionis
1151 2223 1369 2281 angustias
1393 2226 1474 2270 ha-

81 2291 318 2335 bitabimus
350 2289 395 2333 in
418 2289 549 2333 domo
574 2289 672 2344 Dei,
692 2298 784 2334 tota
805 2290 892 2335 vita
908 2301 1052 2335 nostra
1071 2308 1160 2336 non
1183 2293 1264 2337 erit
1284 2295 1364 2339 nisi
1382 2295 1477 2341 laus

83 2361 176 2405 Dei.
202 2363 297 2404 Jam
320 2375 434 2419 srepc
462 2358 583 2403 vobis
614 2360 856 2419 expositum
875 2362 984 2416 est⁶‚
1017 2362 1119 2421 quia
1147 2363 1377 2409 recedente
1400 2383 1477 2411 nc-

85 2431 281 2476 cessitate
303 2430 447 2474 omnia
469 2428 643 2487 negotia
659 2430 923 2475 necessitatis
940 2430 1210 2476 intercidunt
1235 2452 1243 2477 :
1269 2437 1477 2494 quoniam

134 2537 143 2552 ¹
165 2537 185 2562 2
210 2531 281 2562 Cor.
303 2539 345 2567 ii,
380 2527 430 2559 13.
454 2543 496 2549 -—
516 2533 529 2549 2
549 2527 596 2559 Id.
616 2537 670 2568 xi,
690 2535 744 2569 29.
769 2543 811 2548 —-
833 2524 847 2549 3
873 2535 892 2559 2
913 2527 994 2560 Tim.
1014 2539 1060 2570 iv,
1079 2528 1112 2561 8.
1133 2546 1176 2552 —
1199 2527 1216 2559 4
1239 2531 1338 2564 Eccli.
1366 2545 1476 2578 xxxix,

88 2594 143 2628 20,
162 2593 216 2618 21.
233 2600 276 2607 —-
295 2581 309 2607 5
330 2583 442 2617 matth.
462 2594 510 2625 xi,
531 2583 584 2615 25.
606 2598 649 2606 -
667 2579 684 2607 6
702 2584 804 2626 Supra
817 2582 848 2615 in
869 2583 952 2616 Psal.
968 2595 1103 2618 »xxxin-

1201 2643 1267 2682 26.
