1815 3253
384 237 626 269 Enniano
658 238 704 266 m
735 233 938 265 PsALMUM
969 237 1117 263 cxxxr.
1361 224 1445 264 199

0 325 9 336 .
61 314 103 350 et
124 306 376 365 compuncti
402 306 533 350 corde
561 306 649 365 jam
677 302 901 347 credentes
928 301 1206 346 Divinitatem
1230 300 1447 344 occultam

59 375 190 421 fuisse
211 376 255 419 in
272 374 350 419 illo
364 378 402 430 1,
435 390 567 435 quem
590 373 756 418 caeteris
778 370 959 416 similem
988 369 1239 414 hominibus
1261 379 1447 428 putave-

60 454 178 500 runt,
193 454 236 489 et
248 446 474 489 consilium
492 454 686 505 petentes
700 444 754 487 ab
768 440 1000 501 Apostolis‚
1016 440 1265 494 audierunt,
1286 458 1305 481 «
1322 441 1447 497 Agite

61 533 83 557 »
118 516 446 574 poenitentiam,
491 524 534 558 et
569 514 815 573 baptizetur
846 510 1147 570 unusquisque
1181 517 1375 553 vestrum
1402 511 1448 554 in

55 598 83 628 ¹»
116 586 292 629 nomine
324 585 497 629 Domini
530 584 666 629 nostri
701 586 803 627 Jesu
828 580 1029 627 Christi2.
1061 597 1082 621 »
1108 582 1224 637 Ergo
1257 580 1359 639 quia
1391 581 1447 624 ad

0 679 6 702 ,·
52 655 314 717 judicandos
331 671 426 710 eos,
450 671 473 699 a
495 655 655 715 quibus
673 653 901 699 crucifixus
919 660 1001 705 est,
1027 650 1442 705 surrexitChristus‚

0 739 4 770 l

56 736 101 771 et
123 728 278 772 avertit
299 727 454 770 faciem
477 742 598 771 suam
623 742 645 770 a
669 725 856 779 Judaeis,
881 732 924 767 et
950 722 1167 767 convertit
1187 721 1242 765 ad
1264 723 1446 779 Gentes3

0 815 9 837 τ.
56 806 267 857 tanquam
289 806 467 856 rogatur
484 800 599 841 Deus
621 804 800 856 propter
821 793 1024 854 reliquias
1043 792 1198 847 Israel,
1223 800 1267 836 et
1287 791 1448 836 dieitur

0 870 3 903 ἱ
57 867 119 923 ei,
149 885 169 908 «
207 870 388 926 Propter
411 866 551 910 David
591 880 762 910 servum
810 873 962 918 tuum,
1002 878 1059 907 ne
1092 871 1258 907 avertas
1291 861 1447 906 faciem

59 954 81 979 n
114 937 273 982 Christi
291 936 370 979 tui.
389 953 409 977 »
427 936 468 980 Si
481 935 601 994 palea
617 936 822 979 damnata
838 943 918 992 est,
933 933 1152 977 frumenta
1167 933 1445 993 colligantur.

60 1025 82 1050 ι(
114 1007 328 1067 Reliquiae
345 1005 475 1050 salvae
488 1007 633 1061 fiant³‚
653 1025 674 1046 »
693 1007 805 1050 sicut
821 1006 928 1049 dicit
944 1008 1091 1049 Isaias.
1106 1007 1164 1049 Et
1177 1004 1307 1064 plane
1320 1004 1448 1049 factae

56 1087 158 1123 sunt
178 1077 374 1138 reliquiae
397 1076 527 1121 salvae
549 1096 556 1120 :
574 1076 677 1120 inde
700 1084 824 1120 erant
846 1074 1081 1120 duodecim
1098 1075 1320 1134 Apostoli,
1345 1075 1448 1120 inde

0 1153 3 1192 ἱ
55 1148 152 1209 plus
173 1163 303 1208 quam
326 1148 554 1208 quingenti
579 1146 754 1202 fratres,
781 1147 941 1206 quibus
960 1161 1003 1189 se
1017 1145 1229 1189 Dominus
1242 1144 1448 1190 demons-

55 1219 183 1263 travit
217 1228 316 1278 post
350 1217 711 1262 resurrectionem
735 1217 752 1242 ⁴
784 1236 794 1261 ε
819 1216 922 1260 inde
951 1224 1017 1259 tot
1039 1214 1177 1259 millia
1204 1215 1442 1275 baptizata,

0 1308 1 1311 ¹
55 1305 154 1349 quae
175 1289 311 1349 pretia
334 1304 478 1332 rerum
500 1303 676 1332 suarum
700 1297 800 1332 ante
824 1286 958 1346 pedes
980 1285 1289 1345 Apostolorum
1306 1301 1445 1346 pone-

54 1359 211 1404 bantb.
238 1363 354 1418 Ergo
386 1358 617 1418 impletum
649 1367 714 1402 est
742 1357 864 1418 quod
895 1357 966 1401 hic
995 1365 1172 1415 rogatus
1208 1367 1273 1400 est
1299 1359 1414 1401 Deus
1431 1392 1444 1413 ,

58 1447 80 1473 «
113 1434 296 1490 Propter
317 1429 454 1475 David
475 1445 647 1474 servum
671 1438 818 1483 tuum,
844 1443 900 1472 ne
922 1436 1088 1472 avertas
1109 1426 1265 1472 faciem
1284 1428 1445 1473 Christi

56 1517 79 1542 3»
114 1510 192 1545 tul.
222 1519 244 1542 »

112 1573 279 1615 XVIII.
325 1589 346 1612 «
387 1571 557 1615 Juravit
584 1571 795 1615 Dominus
817 1569 954 1614 David
981 1569 1210 1613 veritatem
1230 1603 1241 1623 ‚
1276 1576 1319 1612 et
1353 1585 1444 1614 non

56 1660 78 1684 n
112 1642 346 1702 poenitebit
360 1643 504 1685 eumG.
528 1660 548 1682 ³>
571 1644 652 1695 Qui
676 1651 763 1696 est,
795 1659 814 1682 «
841 1641 1065 1685 Juravit‘?»
1084 1641 1349 1684 Promissum
1366 1656 1445 1701 per

55 1726 99 1758 se
120 1714 259 1772 ipsum
277 1712 465 1756 firmavit
487 1713 602 1765 Quid
625 1721 688 1756 est
703 1748 713 1767 ,
744 1714 870 1756 «Non
893 1711 1129 1771 poenitebit
1149 1713 1277 1755 eum?
1300 1730 1319 1752 »
1345 1714 1444 1756 Non

55 1783 253 1827 mutabit.
278 1785 375 1828 Non
393 1783 509 1825 enim
529 1782 724 1827 dolorem
739 1782 1013 1842 poenitentiae
1030 1783 1194 1841 patitur
1215 1785 1346 1838 Deus,
1369 1792 1444 1827 aut

56 1854 100 1897 in
117 1853 262 1913 aliquo
293 1852 478 1907 fallitur,
504 1862 554 1896 ut
585 1853 691 1897 velit
713 1854 928 1912 corrigere
948 1853 994 1895 in
1033 1869 1123 1912 quo
1151 1853 1323 1897 erravit.
1360 1853 1445 1898 Sed

56 1923 276 1984 quomodo
298 1925 522 1968 hominem
539 1939 641 1967 cum
661 1924 862 1983 poenitet,
882 1931 1052 1966 mutare
1069 1922 1165 1966 vult
1180 1922 1301 1983 quod
1314 1922 1442 1968 fecit:

56 1995 113 2038 sic
124 1994 198 2037 ubi
212 1993 332 2038 audis
350 1994 453 2054 quia
469 1994 654 2053 poenitet
667 1997 823 2047 Deum,
839 1993 1129 2037 mutationem
1146 1993 1283 2052 ipsam
1300 2008 1439 2053 spera.

56 2062 190 2108 Aliter
211 2063 327 2107 illam
351 2063 454 2108 facit
488 2068 622 2119 Deus,
649 2064 848 2124 quamvis
873 2063 1050 2108 nomine
1070 2063 1345 2122 poenitentiae
1363 2080 1443 2124 ap-

55 2133 208 2194 pellet,
245 2134 367 2178 aliter
387 2143 452 2178 tu.
481 2138 546 2178 Tu
568 2134 684 2178 enim
706 2134 830 2189 facis,
863 2135 965 2194 quia
989 2148 1208 2178 erraveras
1232 2153 1241 2178 :
1266 2134 1340 2178 ille
1362 2150 1443 2178 au-

55 2212 141 2248 tem
160 2202 263 2248 facit
279 2239 289 2259 ,
311 2206 412 2265 quia
426 2204 633 2260 vindicat,
656 2214 732 2249 aut
749 2205 849 2265 quia
861 2203 1032 2248 liberat.
1053 2206 1240 2248 Mutavit
1257 2219 1443 2264 regnum

58 2273 159 2320 Saiil
178 2310 188 2329 ‚
214 2287 315 2318 cum
336 2276 567 2334 poeniteret
586 2291 687 2320 eum
703 2311 713 2330 ‚
734 2276 846 2320 sicut
857 2275 1025 2320 dictum
1044 2283 1121 2318 est.
1144 2278 1201 2320 Et
1221 2275 1266 2319 in
1282 2290 1333 2319 eo
1351 2276 1445 2335 ipso

57 2342 152 2389 loco
173 2344 251 2389 ubi
267 2347 485 2405 Scriptura
502 2347 628 2401 dicit,
656 2365 676 2388 «
696 2347 910 2390 Poenituit
931 2361 1032 2390 eum
1050 2364 1058 2390 :
1081 2363 1102 2386 »
1120 2345 1181 2389 ibi
1198 2345 1330 2406 paulo
1346 2355 1444 2406 post

105 2445 114 2462 ¹
138 2441 211 2472 Act.
231 2451 266 2480 11,
286 2440 339 2481 37.
364 2457 405 2462 —
421 2447 434 2462 ²
458 2440 538 2471 Ibid.
557 2440 609 2472 38.
629 2457 671 2463 —
687 2439 700 2463 3
721 2442 793 2473 lsai.
816 2452 847 2481 x,
867 2450 921 2473 21.
939 2439 1010 2469 -4
1029 2443 1122 2475 Rom.
1144 2452 1190 2483 ix,
1207 2450 1263 2483 27,
1283 2445 1316 2474 et
1338 2453 1350 2473 1
1370 2443 1442 2474 Cor.

59 2504 114 2535 xv,
131 2494 163 2528 6.
185 2512 226 2518 --
241 2493 256 2517 5
272 2497 344 2529 Act.
366 2506 403 2536 11,
419 2494 474 2537 41,
495 2500 588 2534 etw,
604 2494 662 2536 34.
678 2513 720 2518 -
743 2494 759 2518 6
782 2496 862 2528 Psal.
883 2507 994 2537 cxxx1,
1014 2507 1065 2528 11.
