1815 3253
376 214 618 244 ENAnnAno
649 217 696 244 nv
727 215 930 245 PsALMUM
961 216 1101 244 cxx1x.
1328 208 1410 247 153

16 287 17 332 i
31 283 109 327 »in
121 264 294 327 nomine
306 283 411 325 Dom
420 280 495 323 ini.
504 282 587 323 »Et
600 280 668 324 isti
682 289 954 326 transeuntes
965 281 1052 325 sive
1063 282 1310 340 Prophetae,
1325 283 1414 327 sive

15 340 302 405 lPatriarchae,
320 351 409 395 sive
431 349 645 409 Apostoli,
663 351 930 410 quicumque
948 351 1225 406 transierunt,
1243 353 1277 395 si
1302 353 1413 397 bene

15 421 224 477 {vivimus,
245 420 415 475 fratres,
434 420 752 467 benedixerunt
774 439 850 466 nos
877 442 895 464 «
919 426 969 466 In
988 422 1162 467 nomine
1176 424 1364 468 Domini.
1389 444 1409 465 η

16 476 212 548 'Quando
222 508 304 548 me,
316 493 476 553 inquis,
490 493 708 537 benedixit
723 493 907 538 Paulus?
919 492 1096 553 quando
1109 509 1177 537 me
1188 493 1414 540 benedixit

28 565 206 608 Petrus?
220 563 406 608 Attende
419 563 465 606 in
482 564 729 622 Scripturis‚
747 563 846 608 vide
866 563 899 607 si
918 564 1029 607 bene
1041 563 1166 618 vivis,
1182 573 1225 607 et
1238 564 1338 608 vide
1351 565 1411 610 ibi

26 635 301 679 benedictum
318 643 360 678 te
382 632 528 678 fuisse.
546 636 708 679 Omnes
726 635 839 679 bene
860 635 1054 679 viventes
1072 634 1408 680 benedixerunt.

26 707 82 749 Et
101 704 324 765 quomodo
342 703 688 749 benedixerunt?
713 724 733 747 «
760 708 811 749 In
843 706 1018 749 nomine
1042 705 1216 749 Domini
1242 725 1250 751 :
1279 724 1298 747 »
1322 722 1413 751 non

23 775 68 818 in
90 776 267 819 nomine
283 791 361 819 suo
378 810 388 830 ,
406 776 517 819 sicut
532 775 739 820 haeretici.
759 776 844 829 Qui
857 776 972 819 enim
988 775 1167 830 dicunt,
1186 775 1316 829 Quod
1334 792 1413 821 nos

24 843 177 889 damus
192 880 203 900 ,
223 846 307 890 hoc
327 854 391 889 est
411 854 610 890 sanctum
635 865 643 890 :
669 845 715 890 in
749 846 923 891 nomine
945 862 1022 890 suo
1053 846 1210 890 volunt
1230 846 1414 891 benedi-

25 931 121 960 cere
139 951 150 970 ,
181 931 269 960 non
292 917 338 960 in
374 917 552 960 nomine
578 918 767 962 Domini.
801 918 886 971 Qui
923 926 1068 961 autem
1100 917 1253 961 dicunt
1269 953 1280 973 ,
1315 921 1412 963 Non

25 987 263 1034 sanctificat
283 988 364 1032 nisi
402 991 537 1043 Deus,
568 1004 650 1033 nec
683 989 914 1049 quisquam
937 998 1001 1032 est
1026 988 1168 1032 bonus
1199 989 1278 1032 nisi
1296 989 1414 1034 dono

25 1058 102 1102 Dei
124 1077 133 1103 :
158 1058 239 1118 ipsi
259 1059 304 1102 in
332 1058 509 1103 nomine
530 1059 705 1102 Domini
722 1058 1011 1113 benedicunt,
1047 1074 1138 1102 non
1170 1059 1215 1102 in
1235 1060 1414 1103 nomine

16 1130 102 1197 v'suo
119 1149 130 1187 3
148 1130 250 1189 quia
262 1129 387 1174 amici
399 1138 501 1174 sunt
511 1129 673 1189 sponsi,
691 1129 850 1174 nolunt
865 1144 953 1174 esse
970 1128 1157 1174 adulteri
1173 1132 1357 1189 sponsae¹
1369 1164 1378 1174 .

23 1329 691 1350 unmwwvvwwwwmwwvkurmmwu
700 1332 1410 1349 mmmxwwmwwmwwwwmv

523 1462 906 1512 ENARRATIO

18 1475 21 1513 l

18 1566 21 1647 l
376 1622 437 1661 ΙΝ
485 1622 798 1662 PSALMUM
841 1623 1058 1663 CXXIX.

19 1649 22 1839 l
491 1766 640 1809 Sermo
662 1764 717 1809 ad
738 1764 930 1825 plebem,

20 1898 22 1921 Ι

80 1900 116 1942 l.
139 1899 349 1951 QuomAM
383 1913 458 1944 vos
480 1914 570 1943 non
591 1898 732 1944 solum
753 1899 888 1944 oculis
927 1899 1147 1959 corporis,
1176 1898 1252 1943 sed
1280 1899 1411 1943 etiam

19 1961 149 2036 {corde
163 1968 338 2027 vigilare
352 1971 670 2029 praesumimus,
692 1970 987 2029 intelligenter
1003 1985 1082 2014 nos
1097 1978 1274 2014 cantare
1288 1985 1413 2029 opor-

26 2048 83 2083 tet
108 2058 116 2083 :
155 2058 175 2081 «
209 2042 270 2083 De
292 2039 521 2099 profundis
542 2040 725 2086 clamavi
753 2041 808 2085 ad
843 2051 914 2097 te,
951 2041 1165 2098 Domine,
1202 2041 1410 2096 Domine,

27 2127 44 2150 »
79 2109 235 2155 exaudi
251 2126 403 2155 vocem
431 2127 573 2155 meam
585 2115 618 2156 2.
649 2130 668 2153 »
696 2112 870 2156 Etenim
900 2127 984 2156 vox
1016 2112 1110 2155 haec
1139 2111 1414 2156 ascendentis

27 2189 84 2223 est
106 2180 325 2237 pertinens
349 2181 404 2225 ad
425 2182 656 2226 Canticum
675 2182 905 2241 graduum.
933 2182 1074 2227 Debet
1101 2183 1249 2242 itaque
1274 2197 1412 2226 unus-

27 2249 205 2310 quisque
223 2259 421 2294 nostrum
439 2251 587 2296 videre
608 2253 654 2297 in
675 2269 764 2314 quo
782 2251 1004 2313 profundo
1026 2253 1081 2297 sit
1101 2288 1111 2308 ,
1133 2251 1188 2296 de
1212 2268 1301 2313 quo
1323 2252 1412 2296 cla-

28 2329 109 2364 met
126 2319 181 2364 ad
198 2320 445 2366 Dominum.
468 2321 682 2368 Clamavit
701 2323 756 2368 de
769 2322 990 2384 profundo
1013 2326 1160 2378 Jonas,
1182 2322 1236 2367 de
1260 2332 1414 2367 ventre

28 2389 144 2434 cetiss.
166 2393 270 2434 Erat
292 2406 381 2435 non
402 2391 543 2436 solum
560 2393 640 2437 sub
658 2394 865 2438 fluctibus
879 2429 889 2449 ,
910 2394 1196 2437 verumetiam
1222 2394 1269 2437 in
1282 2393 1414 2437 visce-

28 2460 138 2505 ribus
161 2461 320 2506 helluae
346 2482 356 2508 :
383 2478 463 2507 nec
486 2472 632 2507 tamen
648 2464 760 2509 illud
779 2481 937 2524 corpus
955 2474 998 2508 et
1015 2464 1078 2508 illi
1092 2465 1252 2509 fluctus
1274 2464 1411 2508 inter-

22 2548 25 2595 l
72 2563 81 2580 ¹
102 2559 193 2591 Joan.
215 2569 264 2600 in,
286 2571 336 2602 ¹9·
357 2577 398 2583 —
419 2567 431 2582 ²
446 2559 527 2594 Psal.
554 2571 662 2601 cmx,
685 2572 716 2601 1,
732 2570 764 2593 2.
785 2578 827 2584 -—
847 2559 859 2585 3
879 2563 950 2594 Jon.
969 2572 1008 2601 11,
1033 2569 1066 2593 2.

23 2610 25 2621 .
