1815 3253
332 182 348 217 1
363 181 414 216 12
760 187 794 217 s.
831 186 1059 219 Auausrrrm
1092 192 1274 220 Emscom

327 263 531 298 centem:
567 273 588 297 «
622 254 707 308 Qui
735 269 834 299 cum
868 256 914 299 in
947 255 1084 300 forma
1114 257 1191 301 Dei
1222 266 1357 311 esset,
1394 271 1483 302 non
1517 257 1711 316 rapinam

329 342 349 366 »
387 324 616 368 arbitratus
639 334 700 369 est
734 341 824 369 esse
853 326 1030 386 aequalis
1068 330 1171 371 Deo.
1201 345 1220 368 n
1245 330 1387 380 Quare
1408 327 1472 371 illi
1504 343 1593 372 non
1619 336 1710 371 erat

326 395 508 454 rapina?
547 396 657 448 Quia
687 405 840 439 nitituri
870 405 982 451 er,at
1017 397 1119 457 quia
1156 398 1238 441 hoc
1261 407 1388 441 natus
1419 407 1510 442 erat
1531 407 1581 441 ut
1601 406 1710 442 esset

325 466 504 526 aequalis
524 466 586 510 illi
605 483 627 510 a
655 483 789 527 quo,³
767 467 936 512 venitus
970 477 1047 512 est.
1086 469 1170 513 Sed
1199 469 1306 529 quid
1331 468 1458 512 fecit?
1484 488 1503 511 «
1531 472 1712 528 Propter

325 554 345 577 »
382 552 459 581 nos
481 537 759 597 semetipsum
782 538 1037 593 exinanivit,
1060 538 1242 582 formam
1271 539 1381 583 servi
1403 539 1644 599 accipiens,
1664 539 1711 582 in

325 625 344 648 »
381 606 664 651 similitudine
700 608 926 652 hominum
961 608 1122 663 factus,
1158 619 1201 653 et
1235 609 1389 654 habitu
1419 610 1624 655 inventus
1659 617 1710 653 ut

326 696 342 718 »
380 678 527 721 homo.
559 696 577 718 »
607 677 861 722 Humiliavit
883 679 1160 737 semetipsum
1185 678 1325 723 faetus
1344 679 1553 724 obediens
1570 694 1709 739 usque

321 746 377 791 ad
400 757 583 792 mortem
599 783 614 804 ‚
639 758 824 792 mortem
847 758 994 793 autem
1016 749 1169 793 crucis.
1196 752 1301 794 Haec
1324 759 1387 795 est
1408 749 1535 794 sessio
1558 751 1705 809 ipsius.

323 818 407 863 Sed
429 819 532 863 audi
551 819 908 863 resurrectionem
931 839 939 864 :
971 839 991 862 «
1013 823 1193 880 Propter
1214 820 1334 880 quod
1368 830 1411 866 et
1439 825 1552 866 Deus
1583 813 1723 865 illum'

324 906 343 929 »
379 888 608 944 exaltavit,
638 899 680 933 et
700 889 878 934 donavit
899 889 961 933 illi
991 905 1152 935 nomen
1183 890 1303 951 quod
1336 900 1399 935 est
1420 906 1550 950 super
1577 906 1707 935 omne

321 978 341 1001 »
379 975 539 1004 nomen
558 962 588 1003 ¹.
617 978 636 1001 »
663 963 759 1004 Jam
780 976 856 1005 vos
878 959 932 1004 ad
962 960 1073 1005 illud
1096 977 1256 1005 nomen
1277 961 1518 1019 festinatis3
1547 980 1568 1003 «
1599 964 1702 1006 Sur-

323 1050 342 1072 »
379 1032 492 1090 gite,
523 1050 543 1073 »
569 1031 644 1075 sed
671 1051 691 1074 «
717 1036 868 1076 Postea
904 1048 1035 1092 quam
1066 1033 1246 1077 sedistis.
1276 1052 1296 1074 »
1330 1036 1512 1092 Surgere
1544 1032 1700 1087 vultis,

317 1102 392 1146 sed
415 1103 553 1162 primo
571 1103 717 1147 sedete
744 1123 753 1147 z
779 1112 822 1147 et
844 1119 1021 1163 surgens
1050 1104 1104 1147 ab
1131 1104 1400 1159 humilitate,
1430 1103 1626 1163 pervenis
1649 1103 1705 1147 ad

317 1187 515 1228 regnum.
541 1175 650 1219 Nam
682 1174 715 1217 si
738 1173 932 1232 praeripis
968 1189 1177 1232 regnum,
1219 1173 1333 1218 cadis
1365 1191 1387 1218 a
1411 1189 1544 1232 regno
1580 1182 1704 1217 ante·
1753 1190 1761 1198 ·

316 1259 448 1302 quam
473 1259 637 1301 surgas.
660 1262 679 1284 «
702 1244 882 1287 Potestis
897 1244 1067 1299 bibere,
1087 1244 1231 1303 inquit
1246 1279 1257 1299 ,
1279 1243 1457 1287 calicem
1474 1259 1603 1303 quem
1624 1258 1704 1301 ego
1764 1285 1767 1295 ,

319 1333 338 1355 »
362 1315 580 1358 bibiturus
598 1316 719 1358 sum?
737 1332 756 1355 »
773 1313 947 1369 Etilli,«
966 1318 1213 1359 Possumus.
1235 1333 1256 1356 ι)
1272 1318 1329 1359 Et
1349 1314 1437 1368 ille,
1457 1334 1477 1356 «
1494 1314 1700 1369 Calicem,
1763 1336 1765 1372 i

314 1386 488 1445 inquit,
514 1401 662 1429 meum
687 1385 865 1440 bibetis,
891 1385 1039 1430 sedere
1056 1395 1203 1430 autem
1222 1385 1275 1430 ad
1299 1385 1539 1439 dexteram,
1564 1385 1634 1430 vel
1648 1385 1704 1429 ad
1762 1384 1765 1448 ξ

319 1475 338 1497 »
374 1456 588 1500 sinistram
614 1471 775 1510 meam,
801 1456 885 1511 ait,
917 1472 1006 1500 non
1031 1465 1094 1500 est
1127 1471 1273 1500 meum
1310 1456 1412 1499 dare
1435 1455 1558 1500 vobis
1579 1474 1588 1499 :
1610 1454 1703 1499 aliis
1762 1449 1764 1483 l

317 1545 337 1567 »
373 1536 570 1586 paratum
587 1536 650 1570 est
672 1543 693 1570 a
713 1530 840 1570 Patre
862 1542 975 1571 meo.
1004 1545 1023 1568 »
1051 1527 1167 1579 Quid
1189 1535 1252 1570 est
1271 1561 1281 1581 ,
1307 1545 1326 1567 ‹<
1351 1529 1448 1570 Non
1470 1535 1534 1569 est
1555 1540 1701 1569 meum
1760 1527 1763 1548 ³

316 1616 336 1638 >›
373 1599 475 1641 dare
497 1598 618 1641 vobis
632 1600 669 1640 ²?
690 1616 708 1637 »
734 1600 831 1642 Non
854 1607 917 1641 est
940 1612 1085 1641 meum
1101 1597 1203 1640 dare
1224 1597 1420 1656 superbis
1442 1615 1451 1640 :
1480 1597 1560 1640 hoe
1585 1597 1702 1639 enim

314 1668 457 1713 adhue
480 1677 617 1712 erant.
647 1668 731 1713 Sed
746 1669 779 1712 si
794 1668 923 1713 vultis
941 1668 1051 1712 illud
1073 1668 1290 1728 accipere,
1316 1667 1451 1712 nolite
1473 1683 1563 1712 esse
1581 1666 1702 1727 quod
1758 1662 1760 1715 J

312 1740 426 1783 estis.
454 1739 559 1783 Aliis
582 1748 782 1798 paratum
804 1748 867 1782 est
893 1759 902 1783 ;
928 1748 971 1783 et
992 1754 1066 1783 vos
1090 1739 1162 1782 alii
1181 1748 1315 1783 estote
1331 1773 1341 1793 ,
1367 1747 1411 1781 et
1431 1738 1554 1782 vobis
1578 1753 1699 1797 para·
1756 1774 1758 1789 ;

315 1820 406 1853 tum
431 1819 508 1853 est.
550 1810 666 1862 Quid
686 1818 771 1864 est,
806 1809 889 1853 Alii
922 1811 1086 1854 estote?
1120 1809 1244 1853 Prius
1281 1808 1599 1863 humiliamini,
1625 1808 1700 1868 qui

306 1882 396 1940 jam
425 1879 555 1924 vultis
578 1880 772 1924 exaltari.
812 1879 1127 1923 Intellexerunt
1148 1894 1248 1937 ergo
1281 1878 1570 1923 humilitatem
1595 1893 1698 1938 pro-
1754 1933 1756 1944 .

310 1950 502 1994 futuram
519 1951 620 2003 sibi,
648 1960 691 1994 et
709 1951 890 1994 correcti
914 1960 1030 1995 sunt.
1056 1953 1172 2008 Ergo
1195 1960 1238 1994 et
1254 1965 1332 1994 nos
1346 1950 1430 1994 hoc
1452 1949 1694 2002 audiamus,

310 2022 516 2082 quiahoc
538 2021 643 2065 dicit
676 2020 870 2065 Psalmus
892 2021 1003 2065 iste:
1039 2039 1060 2063 «
1094 2020 1262 2079 Surgite
1294 2029 1442 2080 postea
1473 2034 1607 2080 quam
1627 2034 1696 2063 se·
1751 2068 1753 2083 1

314 2110 333 2133 »
369 2091 503 2136 distis.
535 2110 554 2133 ι)
1516 2094 1522 2097 ’

369 2164 445 2205 VI.
475 2161 560 2206 Sed
578 2176 633 2205 ne
656 2161 753 2221 quis
774 2169 901 2221 putet
928 2175 971 2204 se
995 2159 1050 2204 ad
1071 2160 1154 2205 hoc
1177 2160 1324 2204 sedere
1355 2169 1405 2205 ut
1426 2161 1692 2214 honoretur,
1749 2193 1751 2208 ,

308 2241 358 2276 ut
381 2230 630 2276 ostenderet
651 2231 753 2291 quia
784 2231 970 2276 sessione
991 2231 1069 2274 ista
1104 2230 1394 2274 humilitatem
1416 2230 1554 2274 voluit
1572 2245 1694 2274 com·
1748 2279 1749 2286 ἵ

309 2302 537 2359 mendam,
561 2319 615 2347 ne
638 2303 734 2363 quis
761 2318 804 2346 se
830 2310 1001 2361 putaret
1017 2303 1186 2362 jussum
1222 2317 1311 2345 esse
1342 2301 1490 2346 sedere
1505 2336 1516 2356 ,
1543 2310 1618 2345 aut
1639 2299 1695 2345 ad

303 2373 593 2434 judicandum
609 2408 619 2428 ,
641 2382 716 2417 aut
738 2372 792 2416 ad
813 2371 1080 2432 epulandum
1104 2381 1146 2416 et
1169 2371 1447 2429 gaudendum
1464 2407 1474 2426 ‚
1497 2380 1540 2415 et
1558 2372 1694 2431 majo-
1746 2415 1747 2418 ,
1809 2366 1815 2381 Γ

308 2460 396 2488 rem
417 2444 664 2504 superbiam
678 2443 738 2487 ibi
752 2451 987 2504 quaereret,
1004 2442 1050 2485 in
1062 2441 1421 2501 significationem
1434 2441 1691 2487 humilitatis
1744 2446 1747 2485 ζ

355 2536 362 2552 ¹
384 2529 495 2572 Philip.
514 2540 549 2572 ιι,
567 2527 642 2572 6-9.
660 2545 699 2552 —
719 2534 733 2551 ²
749 2527 862 2560 Matth.
884 2538 936 2567 xx,
955 2535 1011 2569 22,
1034 2527 1090 2560 23.
