1815 3253
338 192 421 233 158
786 203 820 230 S·
855 198 1085 231 AUGUSTINI
1115 202 1297 231 EPISCOPI

334 267 468 313 veluti
490 267 629 312 securi
650 267 732 311 sibi
753 266 1027 323 viderentur,
1052 269 1260 313 continuo
1284 266 1491 327 subjecit,
1518 285 1538 308 «
1563 268 1717 312 Inten-

335 355 357 379 »
393 337 500 382 dens
521 347 564 382 te
580 337 738 397 ipsum,
751 352 807 381 ne
827 346 870 381 et
883 347 933 382 tu
949 339 1141 383 tenteris.
1160 337 1363 383 »Deinde
1384 337 1504 398 quod
1525 352 1718 382 comme-

333 408 520 464 moravi,
555 409 799 468 subjunxit,
826 427 847 451 «
872 407 994 453 Alter
1015 407 1189 453 alterius
1214 423 1346 453 onera
1372 417 1566 468 portate,
1593 416 1637 452 et
1658 408 1718 452 sic

336 495 358 520 »
381 477 673 538 adimplebitis
701 477 843 537 legem
866 478 1042 523 Christi.
1065 479 1228 523 »Unde
1245 477 1373 533 dicit,
1405 497 1426 521 «
1451 482 1632 538 Propter
1653 477 1717 522 le-

335 565 356 589 »
373 563 471 606 gem
493 557 613 592 tuam
630 548 815 592 sustinui
833 557 891 603 te,
911 548 1137 593 Domine.»
1149 548 1364 593 Dicuntur
1381 548 1512 603 cervi,
1538 546 1717 608 quando

332 627 558 663 transeunt
584 617 693 663 freta
720 619 766 662 in
788 619 1004 677 proximas
1025 617 1185 663 insulas
1201 634 1372 678 pascuae
1395 618 1550 677 gratia,
1577 617 1718 677 capita

331 704 460 748 super
482 705 525 732 se
546 689 729 733 invicem
745 704 929 748 ponere,
949 698 991 733 et
1009 704 1121 733 unus
1142 690 1219 748 qui
1241 698 1340 732 ante
1360 698 1424 732 est
1444 688 1559 733 solus
1571 695 1717 748 portat

331 771 481 818 caput,
507 768 549 802 et
571 774 661 803 non
682 759 805 817 ponit
822 774 951 817 super
971 758 1157 802 alterum
1177 777 1186 802 z
1207 757 1284 801 sed
1300 773 1399 802 cum
1419 767 1461 802 et
1482 758 1573 817 ipse
1597 756 1718 801 defe-

331 829 437 873 cerit
452 864 462 884 ,
487 828 602 873 tollit
623 844 667 872 se
686 829 740 872 ab
764 829 978 872 anteriore
996 838 1139 887 parte,
1164 837 1207 872 et
1223 827 1334 872 redit
1350 828 1583 887 posterius,
1609 836 1719 872 utet

331 899 421 957 ipse
443 899 489 942 in
505 897 642 942 altero
662 898 904 958 requiescat
929 917 938 943 :
965 907 1008 942 et
1029 898 1087 942 sic
1107 907 1282 957 portant
1299 912 1447 942 omnes
1469 913 1600 941 onera
1621 913 1713 953 sua,

332 977 375 1012 et
396 968 657 1028 perveniunt
678 969 733 1012 ad
751 968 871 1028 quod
885 968 1132 1012 desiderant
1149 989 1160 1026 3
1185 977 1227 1011 et
1244 984 1333 1012 non
1355 968 1582 1027 patiuntur
1602 983 1716 1012 nau-

331 1038 518 1098 fragium
534 1073 545 1094 ,
561 1039 664 1099 quia
675 1039 798 1098 quasi
821 1039 939 1083 navis
953 1049 1017 1083 est
1036 1038 1119 1083 illis
1136 1039 1336 1083 charitas.
1360 1041 1512 1098 Itaque
1534 1039 1718 1082 charitas

331 1118 476 1168 portat
502 1124 634 1153 onera
650 1143 662 1163 ,
697 1108 773 1152 sed
800 1123 890 1152 non
918 1108 1068 1153 timeat
1089 1124 1144 1152 ne
1167 1117 1389 1168 prematur
1422 1107 1581 1152 talibus
1614 1123 1720 1152 one-

331 1180 451 1225 ribus
472 1198 481 1225 :
503 1195 558 1223 ne
578 1179 763 1238 peccatis
787 1179 871 1222 suis
894 1179 1194 1238 unusquisque
1222 1187 1466 1237 prematur,
1503 1177 1714 1223 attendat.

332 1252 441 1295 Nam
464 1250 645 1309 quando
667 1258 811 1308 portas
832 1249 1126 1293 infirmitatem
1144 1248 1286 1293 fratris
1312 1249 1402 1303 tui,
1439 1264 1528 1293 non
1549 1258 1592 1292 te
1614 1263 1720 1292 one-

330 1329 428 1364 rant
453 1329 630 1379 peccata
661 1319 810 1378 ipsiuS.
837 1318 969 1362 Plane
989 1319 1023 1362 si
1042 1318 1307 1373 consentias,
1331 1319 1422 1377 jam
1454 1327 1529 1362 tua
1553 1327 1596 1362 te
1617 1333 1719 1376 pre-

332 1399 461 1433 munt
476 1424 487 1444 ,
510 1405 599 1433 non
624 1388 815 1432 alterius.
841 1388 1047 1446 Quisquis
1066 1387 1181 1431 enim
1200 1387 1462 1432 consenserit
1478 1387 1714 1446 peccatori,

330 1475 420 1503 non
442 1459 593 1504 alienis
607 1493 619 1514 ,
648 1458 724 1502 sed
751 1458 837 1501 suis
856 1467 1071 1515 gravatur.
1096 1457 1331 1503 Consensio
1348 1457 1463 1501 enim
1487 1457 1542 1501 ad
1565 1472 1718 1517 pecca-

330 1538 426 1573 tum
454 1529 651 1583 alterius,
680 1537 807 1571 tuum
827 1528 878 1571 fit
898 1537 1148 1587 peccatum,
1173 1536 1216 1571 et
1238 1543 1327 1571 non
1349 1537 1412 1571 est
1439 1543 1574 1587 quare
1609 1543 1718 1586 que-

328 1599 432 1642 raris
453 1597 575 1658 quod
605 1607 780 1657 peccata
803 1596 942 1641 aliena
965 1607 1007 1641 te
1036 1606 1249 1657 premant.
1282 1597 1443 1641 Dicitur
1467 1597 1581 1641 enim
1605 1598 1683 1641 tibi
1703 1632 1714 1653 ,

332 1672 543 1713 Premunt
575 1677 618 1711 te
647 1667 723 1711 sed
752 1677 840 1711 tua.
874 1667 1029 1711 Vidisti
1057 1668 1228 1722 furem,
1253 1667 1481 1713 cucurristi
1501 1683 1602 1711 cum
1624 1669 1715 1712 eo1.

330 1738 448 1792 Quid
469 1747 531 1781 est
552 1738 665 1781 hoc?
696 1736 885 1781 Pedibus
908 1737 1141 1780 ambulasti
1158 1737 1213 1780 ad
1237 1736 1406 1781 furtum
1431 1756 1440 1782 ε
1464 1737 1552 1781 imo
1573 1747 1722 1781 mente

331 1809 592 1869 conjunxisti
638 1817 679 1852 te
716 1806 818 1851 furi.
867 1806 995 1861 Quod
1033 1807 1168 1866 ipsius
1207 1807 1345 1851 solum
1399 1816 1515 1861 erat,
1555 1806 1719 1852 factum

331 1889 395 1924 est
416 1888 459 1922 et
485 1888 638 1935 tuum,
663 1878 765 1937 quia
788 1877 952 1937 placuit
975 1877 1068 1920 tibi.
1103 1878 1145 1922 Si
1167 1887 1312 1921 autem
1329 1877 1596 1936 displicuerit
1614 1877 1714 1932 tibi,

331 1959 374 1993 et
395 1949 581 1994 oraveris
596 1964 673 2007 pro
695 1964 768 2002 eo,
794 1957 838 1992 et
851 1946 1106 2006 deprecatus
1119 1947 1288 1991 veniam
1303 1947 1493 2001 dederis,
1514 1956 1564 1991 ut
1586 1947 1719 2006 possis

331 2019 466 2064 libera
492 2018 633 2063 fronte
647 2018 789 2062 dicere
806 2018 851 2061 in
869 2018 1070 2076 precibus
1092 2017 1197 2072 tuis,
1223 2033 1329 2076 quas
1344 2017 1421 2060 tibi
1438 2020 1462 2060 J
1468 2017 1721 2076 urisperitus
1763 2045 1766 2059 2

332 2089 518 2135 coelestis
539 2088 739 2143 dictavit,
770 2107 789 2129 «
814 2088 989 2132 Dimitte
1017 2088 1142 2132 nobis
1169 2087 1317 2132 debita
1346 2098 1512 2142 nostra,
1534 2089 1645 2133 sicut
1675 2096 1718 2132 et

335 2177 356 2201 »
391 2175 469 2207 nos
491 2158 748 2202 dimittimus
766 2157 1036 2202 debitoribus
1060 2158 1238 2201 nostris2
1260 2176 1268 2201 ε
1297 2175 1317 2198 »
1343 2157 1530 2202 didicisti
1548 2167 1725 2216 portare.

333 2246 464 2274 onera
501 2229 646 2274 fratris
672 2229 758 2286 tui,
783 2237 833 2272 ut
862 2237 903 2271 et
936 2228 1042 2272 alius
1064 2237 1208 2286 portet
1229 2229 1261 2270 si
1285 2244 1370 2287 qua
1408 2238 1510 2272 sunt
1537 2238 1610 2272 tua
1629 2263 1640 2283 ,
1675 2237 1719 2272 et

331 2300 408 2344 fiat
430 2300 474 2343 in
501 2299 624 2343 vobis
652 2298 771 2358 quod
794 2298 853 2341 ait
871 2297 1129 2356 Apostolus,
1169 2316 1188 2339 «
1213 2297 1402 2341 Invicem
1427 2313 1554 2341 onera
1578 2306 1718 2342 vestra

336 2388 357 2413 »
392 2379 561 2430 portate
577 2405 589 2426 ,
620 2378 663 2414 et
692 2370 751 2414 sic
773 2368 1007 2427 implebitis
1029 2368 1171 2427 legem
1188 2368 1393 2413 Christiss.
1419 2387 1436 2410 »
1462 2371 1526 2413 Ita
1542 2383 1717 2413 securus

379 2474 388 2492 ¹
410 2467 492 2501 Psal.
511 2477 598 2509 nix,
619 2466 672 2500 18.
691 2483 733 2490 —
751 2473 764 2490 ²
783 2465 897 2499 matth.
915 2476 967 2508 vx,
985 2474 1036 2498 12.
1056 2482 1099 2489 -·
1117 2463 1131 2490 3
1148 2464 1217 2499 Gal.
1240 2476 1287 2508 in,
1306 2474 1337 2498 2.
