1815 3253
339 153 422 190 216
762 165 795 194 s.
832 165 1061 196 AUGUSTINI
1093 169 1273 197 mnscom
1755 140 1759 212 1

341 238 456 272 recte
477 228 637 273 dieitur
654 238 766 286 μόνος,
791 231 836 275 id
871 241 934 275 est
965 248 1078 276 unus
1106 233 1235 277 solus.
1269 232 1393 277 Unde
1427 242 1470 277 et
1502 233 1574 277 ille
1603 214 1759 278 unus*i

338 299 572 343 sanabatur
603 303 647 344 in
674 301 850 360 piscina.
888 303 1196 362 Respondeant
1224 304 1370 357 nobis,
1401 313 1444 347 et
1477 295 1732 362 exponant,

339 369 414 428 qui
436 369 647 414 insultant
664 372 829 416 nomini
842 373 1172 429 monachorum,
1189 389 1322 433 quare
1337 372 1410 416 ille
1427 373 1502 433 qui
1518 373 1719 418 inventus

337 448 400 483 est
418 440 602 498 trigenta
624 451 723 486 octo
746 458 880 486 annos
901 443 1066 487 habens
1082 443 1127 487 in
1148 444 1414 498 infirmitate,
1438 444 1521 487 hoc
1541 458 1718 503 respon-

337 509 467 555 disset
488 512 676 556 Domino
701 531 710 557 z
739 532 760 555 «
793 515 906 557 Cum
929 522 1045 557 mota
1066 511 1197 558 suerit
1213 529 1323 574 aqua
1340 549 1351 568 ,
1369 529 1460 558 non
1479 513 1620 557 habeo
1644 514 1721 573 qui

338 598 359 622 >1
395 579 587 640 deponat
608 597 700 637 me,
725 582 833 626 alius
856 592 956 626 ante
978 598 1046 626 me
1067 582 1289 627 descendit
1313 586 1342 627 ¹.
1382 602 1401 624 »
1434 581 1722 627 Descenderat

336 665 472 702 unus,
493 653 583 711 jam
606 651 713 696 alius
736 668 823 696 non
847 652 1151 698 descendebat.
1179 655 1298 697 Unus
1326 654 1442 697 solus
1465 653 1718 707 sanabatur,

337 721 551 765 unitatem
594 722 799 766 Ecclesiae
838 722 1069 781 figurabat.
1112 723 1269 768 Merito
1307 723 1519 767 insultant
1555 722 1722 767 nomini

336 793 535 848 unitatis,
561 794 638 852 qui
665 808 708 837 se
737 794 791 836 ab
818 794 986 837 unitate
1007 793 1314 854 praeciderunt.
1341 795 1497 839 Merito
1527 794 1610 837 illis
1633 794 1722 838 dis-

338 862 471 922 plicet
492 878 653 907 nomen
684 864 1022 920 monachorum,
1057 865 1157 924 quia
1189 864 1251 908 illi
1284 864 1441 908 nolunt
1463 864 1657 908 habitare
1677 864 1724 907 in

338 949 478 977 unum
502 949 604 981 cum
626 932 852 990 fratribus,
879 933 952 978 sed
978 945 1207 995 sequentes
1229 938 1470 989 Donatum,
1501 935 1724 979 Christum

339 1004 612 1048 dimiserunt.
635 1007 738 1048 Haec
760 1003 814 1048 de
829 1019 933 1060 uno,
951 1014 994 1049 et
1015 1021 1103 1049 uno
1117 1005 1208 1049 solo
1222 1005 1388 1049 audivit
1406 1005 1600 1049 Charitas
1618 1007 1724 1048 Ves-

340 1084 431 1118 tra:
446 1075 534 1134 jam
548 1074 846 1134 jucundemur
862 1090 960 1118 eum
977 1074 1163 1130 Psalmo,
1182 1084 1232 1119 ut
1249 1075 1472 1135 sequentia
1483 1073 1720 1118 videamus.
1762 1083 1764 1087 '

339 1145 485 1190 Brevis
501 1155 578 1200 est,
600 1154 742 1223 potest
762 1161 786 1189 a
808 1146 932 1190 nobis
949 1147 1080 1201 curri,
1100 1155 1314 1206 quantum
1337 1146 1547 1189 Dominus
1568 1160 1724 1204 sugge-

339 1216 413 1259 rit.
441 1219 554 1259 Puto
587 1216 703 1259 enim
730 1231 782 1259 ex
810 1216 875 1259 his
904 1232 1003 1276 quae
1028 1215 1143 1260 dicta
1165 1226 1281 1262 sunt.
1306 1225 1454 1275 patere
1483 1231 1605 1276 posse
1627 1230 1726 1276 quae
1756 1221 1760 1293 1

338 1295 610 1346 sequuntur,
637 1286 833 1345 quamvis
855 1284 928 1329 illa
951 1286 1180 1330 videantur
1201 1268 1400 1331 obscura.
1756 1290 1762 1361 1

397 1358 496 1400 vll.
526 1375 547 1399 «
570 1356 683 1400 Ecce
704 1372 835 1416 quam
858 1356 1024 1400 bonum
1047 1366 1091 1400 et
1112 1372 1245 1417 quam
1266 1357 1513 1416 jucundum
1530 1355 1727 1400 habitare
1756 1366 1763 1430 1

341 1427 492 1472 fratres
514 1428 559 1471 in
594 1442 750 1471 unum.
783 1445 804 1468 »
838 1427 1129 1484 Ostendebat,
1156 1429 1232 1488 qui
1253 1427 1452 1483 dicebat,
1491 1447 1511 1470 «
1539 1431 1666 1472 Ecce.
1703 1446 1723 1468 »
1762 1466 1763 1469 ,

341 1499 551 1543 Videmus
577 1508 620 1543 et
646 1514 746 1553 neS,
770 1499 951 1555 fratres,
976 1508 1019 1543 et
1040 1499 1340 1544 benedicimus
1367 1503 1534 1556 Deum,
1569 1507 1611 1542 et
1632 1514 1729 1543 ora·
1756 1513 1761 1566 1

341 1585 452 1624 mus,
472 1578 522 1612 ut
543 1568 736 1613 dieamus
759 1578 802 1613 et
823 1585 918 1624 nos,
943 1588 964 1611 «
988 1572 1116 1625 Ecce,
1140 1588 1161 1611 »
1187 1572 1242 1613 Et
1259 1571 1329 1613 cui
1348 1570 1408 1613 rei
1425 1568 1583 1613 similes
1606 1578 1726 1624 sunt,
1756 1567 1760 1599 ¹

341 1640 458 1684 dicat
498 1638 694 1683 Psalmus
732 1658 741 1684 :
790 1658 811 1682 «
854 1640 974 1685 Sicut
1005 1649 1281 1698 unguentum
1318 1641 1366 1683 in
1403 1640 1541 1699 capite
1559 1673 1571 1694 ,
1608 1638 1730 1699 quod

344 1729 365 1753 »
402 1709 626 1754 descendit
643 1710 689 1752 in
707 1709 905 1764 barbam,
922 1710 1104 1753 barbam
1118 1712 1263 1754 Aaron
1280 1730 1290 1766 3
1311 1708 1430 1770 quod
1447 1708 1669 1753 descendit
1685 1709 1730 1753 in

346 1799 367 1823 »
403 1795 524 1824 oram
549 1779 794 1823 vestimenti
827 1780 917 1839 ejus
938 1783 970 1822 2.
996 1782 1142 1824 Aaron
1171 1797 1191 1820 »
1223 1778 1332 1839 quid
1359 1781 1478 1824 erat?
1505 1778 1725 1823 Sacerdos.
1756 1801 1777 1840 1·

344 1923 622 1966 sanctorum?
644 1921 749 1974 Quis
766 1930 829 1964 est
845 1921 924 1964 iste
947 1921 1166 1974 sacerdos,
1193 1920 1273 1963 nisi
1294 1920 1370 1979 qui
1387 1919 1471 1963 fuit
1493 1928 1536 1963 et
1555 1919 1730 1964 victima
1756 1914 1759 1922 ’

346 2001 390 2036 et
422 1990 644 2036 sacerdos?
676 1990 758 2034 nisi
792 1989 864 2033 ille
894 1990 969 2050 qui
1001 2005 1101 2034 eum
1134 1991 1179 2033 in
1209 1988 1374 2033 mundo
1399 2004 1489 2032 non
1515 1989 1739 2044 inveniret-

347 2063 564 2107 mundum
579 2061 699 2121 quod
720 2061 919 2115 offerret,
946 2075 990 2104 se
1005 2061 1145 2119 ipsum
1163 2059 1348 2104 obtulit?
1363 2061 1414 2102 In
1435 2058 1575 2117 eapite
1597 2058 1729 2117 ipsius
1766 2080 1782 2082 ’ἡ

347 2142 649 2191 unguentum3
684 2132 783 2191 quia
815 2140 933 2175 totus
964 2130 1160 2175 Christus
1194 2145 1295 2173 cum
1330 2127 1520 2172 Ecclesia
1553 2147 1561 2172 :
1595 2127 1669 2172 sed
1705 2143 1729 2172 a

349 2203 489 2262 capite
520 2202 638 2246 venit
672 2210 963 2260 unguentum.
1004 2203 1147 2260 Caput
1180 2209 1378 2244 nostrum
1412 2199 1607 2244 Christus
1642 2207 1725 2253 est,

346 2273 602 2318 crucifixum
640 2281 683 2316 et
714 2270 955 2331 sepultum,
991 2271 1293 2315 resuscitatum
1327 2269 1521 2314 ascendit
1558 2270 1604 2312 in
1633 2283 1728 2312 coe-

345 2343 469 2401 lum3
499 2352 542 2386 et
567 2342 686 2386 venit
717 2341 899 2400 Spiritus
931 2350 1104 2385 sanctus
1128 2356 1151 2384 a
1173 2340 1314 2400 capite
1342 2359 1351 2383 :
1385 2341 1506 2399 quo?
1531 2337 1600 2382 Ad
1626 2338 1730 2381 bar-

347 2414 464 2457 bam.
490 2413 628 2456 Barba
648 2413 859 2471 significat
881 2410 1028 2466 fortes,
1049 2411 1184 2456 barba
1201 2411 1412 2470 significat
1428 2411 1609 2470 juvenes
1626 2418 1730 2454 stre·
1755 2411 1758 2456 1
1805 2438 1815 2466 ;

400 2504 407 2520 ¹
425 2500 515 2531 Joan.
535 2508 568 2539 v,
587 2508 618 2539 7.
639 2514 681 2520 --
701 2504 714 2521 ²
733 2496 812 2530 Psal.
833 2507 950 2539 cxxxn,
966 2505 998 2530 2.
