1815 3253
356 186 597 216 ΕΝΑιυιΑΤιο
629 191 673 216 liv
708 188 909 218 PsALMUM
941 191 1106 218 cxxxiv.
1348 183 1431 219 ⁶237

0 269 2 274 ’
49 255 187 299 Causa
207 254 403 298 omnium
423 271 521 315 quae
549 254 673 310 fecit,
695 254 896 301 voluntas
913 258 1005 317 ejus
1031 265 1107 300 est.
1136 258 1256 301 Facis
1283 267 1332 302 tu
1354 258 1436 304 do-

50 339 167 367 mum
186 359 196 379 ,
218 324 318 383 quia
341 324 376 368 si
400 325 536 368 nolles
558 323 697 369 facere
713 361 723 380 ,
749 326 840 370 sine
862 326 1130 371 habitatione
1161 342 1402 374 remaneres
1424 349 1433 374 ε

5 355 278 446 ιἠεεοεείῑεε
309 396 423 453 cogit
449 404 491 438 te
518 394 660 439 facere
689 397 868 440 domum
886 432 896 451 ,
930 412 1018 441 non
1050 396 1186 441 libera
1219 398 1435 444 voluntas.

51 465 171 509 Facis
188 474 368 521 vestem,
395 466 496 525 quia
527 466 560 510 si
583 482 671 510 non
699 466 882 522 faceres,
914 467 1059 511 nudus
1082 467 1327 513 ambulares
1351 489 1361 514 ι
1386 470 1441 514 ad

52 535 294 580 faciendam
314 552 416 595 ergo
435 546 597 581 vestem
617 539 869 583 necessitate
887 538 1056 582 duceris
1069 573 1079 593 ,
1101 555 1189 583 non
1207 538 1342 584 libera
1359 556 1442 585 vo-

51 607 230 651 luntale.
264 608 463 651 Conseris
496 617 691 652 montem
719 608 908 664 vitibus,
939 624 1084 652 semen
1107 610 1269 668 spargis
1296 629 1305 654 ε
1337 611 1438 670 quia

52 678 130 720 nisi
156 676 322 732 seceris,
351 677 554 721 alimenta
570 694 659 722 non
675 678 853 722 babebis
875 697 882 722 ;
909 679 1054 722 omnia
1076 679 1169 724 haee
1188 681 1438 724 necessitate

51 748 168 793 facis.
199 752 311 792 Deus
343 749 536 792 bonitate
562 748 684 803 fecit,
710 749 833 793 nullo
861 750 981 810 quod
1010 748 1111 795 feeit
1129 750 1249 810 eguit
1275 770 1283 796 :
1310 750 1434 808 idco,

54 838 75 862 «
110 820 265 863 Omnia
289 835 580 880 qufecumque
603 819 743 864 voluit
767 819 882 864 fecit.
916 841 932 862 »

109 893 188 934 XI.
219 894 372 944 Putas,
398 892 609 934 habemus
633 900 675 934 et
703 907 780 935 nos
810 891 927 951 quod
955 890 1093 935 libera
1117 891 1341 937 voluntate
1372 892 1439 938 sa-

53 960 240 1005 ciamus?
264 963 323 1004 Ea
354 961 468 1004 enim
498 976 596 1020 quae
619 960 804 1004 diximus
821 996 831 1015 ,
860 977 910 1004 cx
935 961 1187 1005 necessitate
1210 963 1394 1007 facimus
1427 982 1437 1008 z

53 1031 152 1091 quia
184 1030 217 1074 si
246 1046 334 1074 non
364 1030 628 1085 laceremus,
655 1040 827 1087 egentes
856 1040 899 1074 et
925 1031 1074 1090 inopes
1102 1048 1438 1077 remaneremus.

56 1101 302 1145 Invenimus
328 1099 490 1160 aliquid
514 1099 635 1160 quod
656 1099 790 1144 libera
810 1099 1035 1144 voluntate
1059 1100 1291 1146 faciamus?
1312 1106 1442 1147 Inve-

55 1172 196 1215 nimus
219 1171 368 1230 plane,
394 1186 494 1215 cum
528 1171 671 1230 ipsum
704 1173 841 1214 Deum
870 1172 1057 1215 amando
1079 1170 1324 1217 laudamus.
1350 1177 1443 1218 Hoc

56 1241 169 1286 enim
192 1241 327 1286 libera
359 1241 583 1285 voluntate
606 1239 709 1285 facis
724 1275 734 1295 ,
765 1240 942 1300 quando
967 1257 1083 1285 amas
1115 1242 1232 1302 quod
1256 1243 1408 1288 laudas
1430 1264 1439 1289 :

56 1327 144 1357 non
168 1312 282 1355 (enim
315 1328 364 1355 ex
389 1312 661 1366 necessitate,
693 1309 769 1354 sed
796 1311 897 1370 quia
921 1311 1074 1370 placet.
1103 1313 1228 1356 Unde
1245 1314 1371 1372 justis
1401 1323 1445 1358 et

56 1382 212 1427 sanctis
239 1382 315 1425 Dei
350 1381 512 1440 placuit
542 1384 676 1435 Deus,
715 1380 844 1424 etiam
875 1381 1098 1439 flagellans
1130 1397 1217 1427 eos.
1257 1384 1444 1436 Quando

56 1452 216 1512 iniquis
250 1451 453 1496 omnibus
492 1450 705 1509 displicet,
748 1450 911 1509 placuit
942 1451 1049 1509 illis,
1080 1462 1123 1496 et
1155 1454 1237 1497 sub
1271 1454 1444 1513 flagello

58 1522 163 1581 ejus,
182 1521 227 1564 in
248 1536 464 1575 aerumna,
490 1521 535 1563 in
556 1520 781 1564 laboribus
796 1555 806 1575 ,
832 1521 877 1564 in
897 1521 1170 1576 vulneribus,
1196 1524 1239 1566 in
1259 1534 1445 1581 egestate

59 1591 281 1636 constituti
302 1591 592 1635 laudaverunt
615 1594 753 1633 Deum
780 1609 789 1635 :
813 1606 902 1634 non
929 1591 988 1634 eis
1011 1591 1231 1651 displicuit
1250 1609 1330 1637 nec
1356 1603 1447 1637 tor-

10 1665 13 1670 ’
60 1670 210 1722 quens.
242 1664 334 1706 Hoc
357 1671 420 1706 est
442 1656 761 1720 gratis'amare,
789 1676 879 1704 non
903 1662 1026 1720 quasi
1049 1663 1268 1721 proposita
1291 1680 1446 1724 aecep-

62 1733 177 1777 tione
209 1732 440 1790 mereedis3
472 1732 575 1792 quia
596 1732 688 1790 ipsa
715 1748 879 1776 merces
910 1741 984 1776 tua
1013 1749 1181 1778 summa
1213 1738 1325 1779 Deus
1357 1736 1447 1795 ipse

63 1804 160 1857 erit,
186 1817 363 1863 quemt>
340 1802 469 1846 oratis
491 1801 663 1860 diligis:
701 1811 744 1846 et
772 1802 831 1846 sic
863 1818 1008 1847 amare
1045 1802 1198 1859 debes,
1231 1815 1281 1850 ut
1306 1807 1449 1865 ipsum

64 1888 140 1933 pro
160 1872 360 1916 mercede
388 1871 631 1916 desideiare
661 1888 750 1917 non
778 1873 969 1928 desinas,
998 1874 1073 1933 qui
1095 1874 1210 1918 solus
1234 1884 1277 1919 te
1299 1878 1448 1935 satiet,

19 1923 23 1993 1Ι
65 1944 173 1988 sieut
194 1943 420 2003 Philippus
442 1942 737 1997 desiderabat,
763 1959 864 1988 cum
888 1908 1075 1999 diceret,
1105 1964 1124 1987 «
1151 1947 1342 1991 Ostende
1371 1964 1451 1991 no-

20 1997 24 2059 i
68 2032 89 2056 »
123 2015 186 2059 bis
206 2019 403 2070 Patr,em
428 2024 471 2058 et
488 2015 649 2058 suflicit
670 2015 797 2059 nobis
831 2017 860 2058 1.
897 2034 916 2056 »
942 2016 1120 2071 Meiito,
1153 2018 1254 2077 quia
1285 2019 1366 2063 hoc
1397 2019 1452 2063 de

66 2084 198 2129 libera
216 2085 441 2129 voluntate
458 2085 657 2139 facimus,
679 2094 722 2129 et
744 2084 799 2128 de
820 2084 956 2129 libera
972 2086 1199 2130 voluntate
1218 2087 1361 2132 facere
1382 2090 1456 2133 de-

68 2155 219 2201 bemus
235 2192 245 2212 ,
262 2157 364 2217 quia
380 2155 581 2200 delectati
597 2155 776 2200 facimus
791 2192 801 2211 ,
821 2156 1008 2201 amando
1026 2156 1207 2202 facimus
1230 2179 1237 2203 ;
1264 2161 1364 2220 quia
1378 2162 1455 2206 etsi

69 2228 324 2287 corripimur
347 2227 402 2271 ab
434 2226 509 2271 illo
525 2263 536 2282 ,
556 2228 679 2271 nobis
698 2243 926 2287 nunquam
950 2227 1176 2287 displicere
1204 2230 1355 2285 debet,
1381 2233 1457 2291 qui

71 2313 236 2357 semper
258 2306 320 2341 est
349 2299 505 2357 justus.
534 2300 628 2341 Hoc
653 2297 761 2341 dixit
786 2297 859 2341 ille
881 2297 1080 2341 laudator
1103 2300 1194 2358 ejus
1227 2319 1234 2343 :
1265 2320 1284 2342 «
1313 2305 1363 2344 In
1388 2317 1457 2345 me

75 2384 96 2407 »
129 2377 230 2411 sunt
251 2371 364 2411 Deus
387 2376 485 2411 vota
503 2375 600 2421 tua,
632 2382 731 2426 quae
752 2366 829 2410 red
848 2367 960 2410 ‘dam
981 2366 1243 2413 laudationis
1272 2370 1352 2413 tibi
1375 2375 1405 2414 ’ἢ
1435 2389 1455 2412 »

74 2439 128 2481 Et
149 2437 229 2481 alio
250 2436 374 2492 loco,
408 2456 428 2478 «
454 2436 710 2499 Voluntarie
737 2437 988 2481 sacrificabo
1016 2438 1096 2482 tibi
1126 2441 1157 2482 ³.
1187 2458 1205 2481 η
1233 2440 1350 2493 Quid
1372 2450 1456 2496 est,

25 2505 29 2603 ἰ
120 2524 324 2564 ¹J0an.x1v,
344 2522 376 2554 8.
393 2538 434 2545 --
452 2528 464 2544 2
484 2520 564 2553 Psal.
586 2531 640 2563 ιν,
666 2529 716 2553 12.
734 2537 776 2544 -
796 2519 874 2553 ³1d.
894 2533 958 2563 mn,
977 2522 1009 2554 8.

27 2617 30 2667 l

28 2678 31 2697 Ι
