1815 3253
385 266 629 297 ENARRATIO
661 269 708 297 m
739 267 943 297 PsALMUM
974 271 1105 297 CXXX.
1348 259 1430 298 185

5 336 7 396 i
42 344 156 381 retro
185 343 286 379 sunt
301 370 312 390 ,
338 343 381 379 et
401 335 448 378 in
470 349 518 379 ea
541 349 640 394 quae
665 343 766 378 ante
787 344 890 379 sunt
911 349 985 379 vos
1002 332 1235 378 extendite.
1265 335 1333 380 Sic
1355 351 1431 380 su-

5 402 9 469 Ῑ
43 406 128 465 gite
163 405 258 460 lac,
293 413 344 449 ut
378 405 577 449 crescatis
613 404 668 449 ad
700 406 864 450 cibum.
889 408 1002 451 Cum
1037 420 1140 463 ergo
1161 407 1365 450 veneritis
1386 407 1432 450 in

0 494 9 546 ,i
42 477 223 538 patriam
239 512 249 531 ‚
271 476 530 535 gaudebitis.
548 478 604 519 Et
626 476 770 520 adhuc
791 476 1004 520 attendite
1025 475 1285 535 Apostolum
1308 478 1431 537 sequi

7 549 10 616 j
43 546 99 593 ad
119 546 306 606 palmam
329 561 527 604 supernae
560 547 809 591 vocationis.
836 545 950 590 Dicit
975 546 1119 590 enim:
1158 565 1177 588 «
1203 549 1432 607 Quotquot

7 617 11 665 Ι
47 638 68 661 »
101 633 202 677 ergo
229 618 431 677 perfecti,
462 618 546 662 hoc
569 618 784 677 sapiamus
804 619 835 661 ².
864 635 884 658 »
917 619 1015 662 Non
1038 617 1198 678 loquor
1217 653 1227 673 ‚
1261 618 1429 678 inquit,

0 710 1 731 1
45 687 305 748 imperfectis
324 724 334 742 ,
371 688 533 748 quibus
568 687 711 732 adhuc
748 703 837 732 non
869 703 1045 747 possum
1094 687 1218 748 loqui
1257 688 1430 748 sapien-

43 760 144 804 tiam
162 794 173 815 ,
200 761 274 820 qui
298 758 441 803 adhuc
474 758 584 803 lacte
607 768 815 819 potantur
830 794 840 814 ‚
862 774 951 803 non
972 758 1112 803 solido
1134 758 1232 803 cibo
1250 774 1433 818 pascun-

44 838 114 874 tur
134 829 234 874 :sed
256 828 339 873 illis
373 828 499 884 dico,
529 829 606 889 qui
626 831 714 890 jam
747 829 1017 874 manducant
1043 827 1230 873 solidum
1260 829 1428 873 cibum.

0 919 5 946 ;
43 903 140 945 Jam
162 899 368 943 videntur
389 914 480 943 esse
501 899 705 959 perfecti,
731 900 833 960 quia
861 899 1116 959 intelligunt
1135 899 1432 961 aequalitatem

0 1007 1 1011 ,
43 971 176 1016 Verbi
207 986 309 1014 cum
340 974 466 1014 Patre
492 990 501 1015 :
527 970 672 1015 adhuc
704 987 794 1016 non
829 971 888 1015 sic
910 971 1088 1027 vident,
1122 971 1344 1032 quomodo
1367 973 1432 1015 vi-

0 1071 2 1089 ;
43 1040 238 1086 dendum
268 1050 360 1096 est,
398 1040 508 1085 facie
541 1041 598 1085 ad
619 1040 805 1099 faciem3
836 1041 981 1086 adhuc
1014 1058 1064 1085 ex
1087 1051 1210 1101 parte
1231 1043 1276 1086 in
1299 1043 1435 1100 aenig-

0 1117 8 1159 .'
43 1122 158 1158 mate
172 1114 203 1157 ².
229 1115 419 1158 Currant
455 1128 583 1171 ergo,
625 1113 727 1172 quia
759 1128 860 1156 cum
882 1114 949 1156 via
987 1113 1109 1156 finita
1140 1112 1300 1168 fuerit,
1327 1121 1434 1157 tunc

5 1211 7 1214 ·
43 1183 234 1229 redimus
256 1183 311 1228 ad
333 1184 531 1243 patriam.
560 1186 752 1229 Currant
770 1219 781 1239 ‚
817 1183 1055 1228 extendant
1074 1199 1132 1228 se.
1164 1203 1183 1225 «
1209 1188 1436 1245 Quotquot

47 1275 67 1297 »
102 1269 203 1313 ergo
224 1252 431 1314 perfecti,
463 1255 547 1299 hoc
570 1254 785 1314 sapiamus
812 1274 820 1299 :
848 1264 891 1298 et
914 1255 948 1298 si
970 1255 1078 1315 quid
1109 1255 1234 1299 aliter
1254 1255 1400 1315 sapitis
1422 1290 1432 1310 ‚

47 1343 68 1367 »
102 1326 185 1370 hoc
202 1340 378 1385 quoque
398 1325 521 1369 vobis
543 1328 657 1369 Deus
679 1324 904 1370 revelabit.
921 1326 997 1370 »Si
1015 1325 1127 1370 forte
1149 1341 1264 1370 erras
1286 1327 1331 1369 in
1354 1326 1436 1370 ali-

44 1413 132 1458 quo
146 1432 156 1452 ‚
182 1412 315 1457 quare
344 1412 433 1441 non
455 1396 568 1441 redis
591 1397 647 1441 ad
671 1396 738 1441 lac
759 1397 908 1441 matris
926 1398 943 1439 ‘3
962 1397 1070 1450 Quia
1095 1398 1130 1441 si
1152 1413 1243 1442 non
1262 1397 1436 1442 extolli·-

3 1469 6 1476 '
44 1468 167 1522 mini,
184 1467 285 1528 quia
302 1468 442 1512 sinon
465 1466 658 1512 exaltatis
673 1483 747 1512 cor
770 1477 977 1522 vestrum,
995 1469 1098 1528 quia
1120 1469 1153 1512 si
1177 1484 1267 1512 non
1288 1469 1437 1528 ingre-

44 1537 199 1582 dimini
222 1538 268 1583 in
292 1538 566 1582 mirabilibus
589 1554 720 1598 super
734 1554 828 1593 vos,
841 1537 916 1582 sed
931 1539 1106 1583 servatis
1123 1538 1435 1594 humilitatem,

45 1608 254 1654 revelabit
282 1608 406 1653 vobis
436 1612 549 1653 Deus
582 1610 704 1669 quod
741 1610 867 1653 aliter
903 1610 1064 1669 sapitis.
1110 1610 1153 1655 Si
1186 1619 1332 1654 autem
1354 1610 1439 1654 hoc

6 1698 11 1713 ι
45 1680 187 1740 ipsum
204 1678 324 1739 quod
341 1678 464 1723 aliter
481 1679 642 1738 sapitis,
669 1678 904 1723 defendere
926 1679 1073 1734 vultis,
1095 1689 1140 1724 et
1160 1680 1440 1739 pertinaciter

8 1762 10 1787 ὲ
48 1758 254 1805 astruere,
275 1759 317 1794 et
337 1758 488 1794 contra
509 1764 662 1809 pacem
682 1749 886 1794 Ecclesiae
909 1751 986 1808 3fit
1008 1750 1130 1795 vobis
1152 1749 1438 1795 maledictum

48 1821 130 1865 hoc
151 1820 272 1881 quod
294 1819 401 1864 dixit
427 1840 436 1865 :
460 1835 589 1879 super
610 1829 792 1863 matrem
822 1836 923 1864 cum
955 1820 1055 1864 estis
1092 1829 1135 1865 et
1157 1819 1259 1865 foris
1283 1837 1306 1865 a
1326 1820 1439 1865 lacte

0 1913 2 1920 ¹
49 1891 325 1951 separamini,
351 1889 454 1934 foris
486 1907 509 1934 a
536 1890 772 1935 visceribus
799 1891 948 1935 matris
965 1890 1080 1935 fame
1101 1891 1363 1936 moriemini.
1397 1891 1439 1936 Si

0 1984 3 1992 =
23 1947 28 2014 l
50 1971 193 2006 autem
219 1962 499 2021 perseveratis
520 1961 566 2005 in
589 1976 694 2020 pace
718 1960 930 2005 catholica
945 1996 955 2015 ‚
989 1961 1022 2005 si
1044 1961 1152 2021 quid
1181 1960 1294 2005 forte
1316 1961 1440 2006 aliter

0 2047 4 2074 ι
49 2033 193 2092 sapitis
211 2047 342 2093 quam
367 2041 540 2092 oportet
561 2047 709 2091 sapere
725 2067 736 2087 ‚
756 2035 871 2076 Deus
887 2032 1007 2076 vobis
1031 2032 1243 2076 revelabit
1262 2032 1440 2076 humili-

0 2116 6 2145 Γ
50 2103 146 2148 bus.
158 2105 327 2156 Quare?
347 2103 494 2156 «Quia
508 2105 623 2147 Deus
634 2102 832 2162 superbis
850 2103 1022 2158 resistit,
1041 2101 1278 2146 humilibus
1294 2111 1439 2147 autem

0 2192 5 2213 ι
53 2191 74 2215 »
111 2172 186 2217 dat
207 2173 390 2232 gratiam
407 2175 438 2217 ³.
468 2191 490 2215 »

0 2259 9 2288 1
109 2247 207 2289 XV.
227 2245 332 2289 Ideo
353 2245 408 2289 ad
423 2246 510 2290 hoc
527 2245 740 2290 conclusit
756 2245 828 2289 hic
852 2244 1070 2289 Psalmus:
1095 2263 1115 2287 «
1138 2246 1289 2304 Spei-et
1311 2243 1440 2289 Israe'l

0 2315 10 2358 i
53 2334 74 2357 »
108 2315 155 2359 in
175 2315 425 2370 Dominum,
446 2331 496 2359 ex
512 2317 596 2360 hoc
617 2332 736 2360 nunc
758 2325 802 2360 et
817 2315 1019 2376 usquein
1035 2315 1291 2360 saeculum.»
1310 2315 1441 2369 Quod

0 2386 11 2429 il
52 2386 167 2429 enlm
185 2386 391 2445 SCI'lPtUm
416 2395 479 2430 eSt
502 2402 639 2445 graece
656 2406 665 2431 :
690 2395 753 2427 ἀπὸ
772 2395 823 2428 τοὺ
839 2398 889 2427 νῦν
903 2394 954 2427 καὶ
971 2395 1027 2432 ἕως
1045 2398 1095 2426 τοῦ
1115 2394 1246 2445 aith-1033
1270 2387 1354 2431 hoc
1373 2401 1439 2430 ex·

1 2481 12 2489 -
30 2469 35 2516 1
52 2458 241 2517 positum
274 2466 337 2501 est
356 2493 367 2511 ‚
398 2476 418 2500 «
441 2459 507 2501 Ex
524 2458 608 2502 hoc
630 2474 748 2502 nunc
765 2468 808 2503 et
829 2456 967 2519 usque
988 2459 1032 2502 in
1050 2458 1278 2502 saeculum.
1307 2476 1327 2499 »
1356 2457 1441 2502 Sed

0 2542 13 2571 Β
32 2517 36 2605 i
53 2542 142 2573 non
157 2543 326 2588 semper
342 2527 490 2572 saeculi
508 2543 670 2573 nomen
681 2529 764 2573 hoc
786 2529 995 2573 saeculum
1017 2529 1246 2587 significat,
1262 2527 1338 2572 sed
1360 2527 1441 2571 ali-

34 2616 36 2667 J
105 2619 114 2635 ¹
135 2612 247 2655 Philip.
267 2624 314 2655 111,
336 2614 385 2646 15.
409 2630 450 2636 ——
466 2620 479 2638 ²
502 2624 515 2646 1
539 2614 612 2647 Cor.
632 2624 702 2656 xm,
726 2622 822 2646 12.—-
840 2612 853 2638 ³
871 2613 983 2647 Jacob.
1005 2625 1052 2655 iv,
1074 2613 1109 2655 G,
1125 2617 1158 2645 et
1182 2624 1195 2645 1
1212 2615 1346 2655 Petr,v‚
1364 2611 1394 2643 5.
