1815 3253
399 210 642 242 nunna-1³10
675 214 720 241 m
752 212 956 243 PSALMUM
986 214 1129 241 cxnv.
1365 199 1449 240 457

63 280 118 326 de
136 289 250 324 terra
267 315 278 334 ,
304 288 348 323 et
365 278 567 324 formavit
587 279 870 323 hominem¹i²
892 281 1138 338 Antequam
1159 278 1294 322 homo
1315 292 1447 332 esses,
1487 290 1492 294 ·

62 351 192 395 limus
213 365 304 394 cras
325 371 336 407 3
356 358 589 409 antequam
611 349 740 393 limus
763 364 896 402 esses,
921 348 1030 392 nihil
1049 362 1156 392 eras.
1185 346 1270 391 Sed
1287 363 1376 392 non
1396 348 1451 392 dc

62 422 145 466 isto
160 419 252 465 solo
273 421 482 479 figmento
504 420 660 478 gratias
683 435 782 479 agas
796 419 949 463 artifici
974 427 1050 463 tuo
1074 437 1084 463 :
1112 417 1214 461 audi
1235 418 1353 462 aliud
1373 419 1452 477 fig-

61 501 260 536 mentum
296 490 373 535 ubi
400 499 443 533 te
472 488 590 534 fecit.
621 509 641 532 «
676 493 773 535 Non
796 504 848 533 ex
880 489 1085 549 operibus
1105 523 1116 543 ,
1152 488 1236 543 ait,
1261 503 1316 532 ne
1339 487 1452 533 forte

64 580 84 603 »
120 563 216 622 quis
245 559 490 605 extollatur.
516 578 537 602 »
567 560 651 605 Sed
677 559 785 620 quid
807 558 915 603 dixit
942 578 952 605 z
982 577 1003 601 «
1027 561 1126 603 Non
1148 573 1199 602 ex
1216 559 1420 617 operibus
1438 593 1450 614 ,

64 650 84 673 »
119 647 175 676 ne
196 631 309 676 forte
338 630 435 691 quis
457 630 690 675 extollatur
715 649 724 675 :
747 648 768 671 »
789 630 986 689 superius
1009 628 1116 690 quid
1132 643 1452 673 commemora-

59 703 122 746 vit
137 704 156 743 ⁴?
181 721 201 744 «
221 702 366 745 Gratia
384 700 489 746 salvi
510 700 615 746 sacti
633 701 732 746 estis
752 716 830 761 per
847 702 980 744 fidem
1002 720 1011 746 ε
1038 709 1081 744 et
1096 701 1180 744 hoc
1202 715 1292 744 non
1309 714 1360 743 ex
1380 715 1453 743 vo-

63 790 83 813 »
120 771 201 816 bis.
225 790 245 813 «
260 770 459 831 Apostoli
480 772 613 816 verba
632 781 749 827 sunt,
766 787 856 817 non
872 786 984 825 mea,
1004 789 1025 812 »
1053 771 1199 815 Gratia
1221 768 1328 814 salvi
1350 768 1453 814 facti

62 861 83 884 »
119 842 217 886 estis
238 857 317 901 per
337 841 470 886 fidem
495 861 504 886 ε
526 851 569 887 et
589 842 673 887 hoc
689 844 706 900 (
723 851 772 886 ut
795 841 901 886 salvi
921 842 1065 886 essetis
1087 856 1165 901 per
1181 840 1312 884 fidem
1328 842 1345 898 )
1363 855 1453 884 non

62 931 83 954 »
118 927 170 956 ex
189 912 325 956 vobis.
347 930 368 953 »
394 912 600 965 Quamvis
622 913 706 957 hoc
727 912 869 972 ipsum
891 911 1012 972 quod
1029 912 1215 965 dixerat,
1238 929 1258 952 «
1278 910 1450 967 Gratia,

61 1002 82 1026 »
117 984 270 1044 utique
286 1019 298 1040 ‚
324 999 414 1028 non
437 999 487 1027 ex
507 984 632 1028 vobis
653 1003 662 1028 ε
686 1003 706 1025 »
733 984 810 1028 sed
831 999 886 1028 ne
909 984 1006 1044 quis
1028 983 1152 1027 aliter
1169 981 1450 1040 intelligeret,

58 1055 231 1115 planius
253 1055 338 1099 hoc
366 1055 532 1114 aperire
555 1055 762 1113 dignatus
780 1063 858 1099 est.
882 1058 943 1098 Da
961 1054 1295 1107 intellectorem,
1321 1061 1364 1096 et
1386 1061 1457 1096 to-

59 1135 154 1170 tum
177 1125 300 1170 dixit.
341 1144 360 1167 «
386 1126 531 1169 Gratia
554 1125 660 1169 salvi
678 1124 783 1168 facti
805 1125 920 1168 estis.
949 1143 970 1165 »
998 1124 1084 1169 Ubi
1107 1123 1230 1167 audis
1246 1158 1257 1177 ,
1284 1123 1419 1181 gratia
1441 1157 1453 1177 ,

60 1196 189 1255 gratis
211 1193 416 1253 intellige.
446 1194 489 1239 Si
506 1209 609 1253 ergo
635 1195 785 1252 gratiS,
804 1194 915 1238 nihil
932 1203 982 1238 tu
1005 1192 1203 1248 attulisti,
1230 1191 1340 1236 nihil
1361 1207 1455 1236 me-

59 1267 196 1311 ruisti.
234 1269 345 1312 Nam
378 1266 412 1309 si
433 1266 596 1310 meritis
619 1264 786 1326 aliquid
807 1265 1030 1309 redditum
1053 1273 1140 1318 est,
1176 1278 1340 1307 merces
1360 1272 1453 1320 est,

59 1353 149 1382 non
174 1337 325 1396 gratia.
362 1355 382 1378 «
407 1337 554 1381 Gratia
568 1371 580 1391 ,
601 1336 745 1396 inquit
759 1372 770 1392 ,
790 1335 896 1381 salvi
919 1334 1023 1380 facti
1040 1335 1138 1379 estis
1157 1349 1236 1394 per
1251 1334 1401 1378 fidem.
1431 1352 1452 1375 »

0 1435 2 1441 r
59 1411 242 1467 Expone
277 1407 390 1452 illud
423 1407 614 1467 apertius
644 1416 824 1467 propter
858 1415 1134 1464 arrogantes,
1165 1413 1345 1465 propter
1373 1404 1457 1448 sibi

59 1477 280 1538 placentes
296 1514 306 1533 ,
331 1486 511 1537 propter
541 1478 791 1537 ignorantes
822 1477 901 1522 Dei
919 1475 1134 1536 justitiam
1157 1484 1200 1519 et
1225 1489 1347 1520 suam
1373 1489 1454 1519 vo-

59 1548 198 1593 lentes
230 1549 494 1593 constituere
508 1552 541 1592 ².
580 1547 695 1592 Audi
728 1549 812 1592 hoc
845 1546 963 1591 idem
988 1546 1193 1606 apertius.
1224 1565 1245 1588 «
1269 1547 1326 1589 Et
1343 1545 1454 1600 hoc,

0 1660 2 1664 ,
64 1638 84 1661 n
118 1620 265 1680 inquit
284 1655 296 1675 ,
332 1619 454 1679 quod
475 1619 612 1679 gratia
639 1618 745 1664 salvi
768 1617 870 1663 sacti
887 1618 1010 1672 estis,
1038 1632 1127 1661 non
1145 1632 1197 1660 ex
1219 1616 1358 1670 vobis,
1380 1616 1456 1660 sed

64 1708 84 1731 n
119 1690 199 1734 Dei
234 1689 402 1733 donum
439 1691 548 1733 est³.
577 1706 598 1730 »
627 1684 712 1733 Sed
745 1698 789 1732 et
809 1703 888 1732 nos
909 1687 1022 1732 forte
1053 1685 1221 1748 aliquid
1243 1684 1454 1741 fecimus,

0 1780 2 1807 ;
61 1770 112 1805 ut
147 1761 262 1804 dona
292 1761 370 1805 Dei
400 1774 681 1804 mereremur.
712 1778 733 1802 «
756 1762 855 1805 Non
876 1774 926 1803 ex
954 1758 1182 1819 operibus,
1203 1757 1376 1816 inquit,
1401 1772 1458 1800 ne

0 1860 2 1867 ·
65 1849 85 1873 »
120 1830 233 1875 forte
252 1831 349 1891 quis
371 1829 619 1875 extollatur.
648 1848 668 1871 »
700 1829 813 1882 Quid
832 1844 931 1887 ergo
951 1865 961 1884 ,
997 1845 1076 1873 nos
1098 1828 1212 1872 bene
1234 1843 1325 1872 non
1347 1842 1455 1886 ope-

61 1902 239 1945 ramur?
256 1904 350 1945 Imo
367 1916 613 1960 operamur.
644 1898 728 1945 Sed
745 1899 999 1960 quomodo?
1023 1903 1123 1959 Ipso
1143 1899 1189 1942 in
1210 1898 1336 1942 nobis
1358 1913 1460 1957 ope-

62 1980 185 2017 rante
215 1990 224 2016 :
263 1971 365 2030 quia
387 1986 465 2030 per
485 1969 618 2014 fidem
646 1969 795 2014 locum
823 1968 979 2013 damus
1008 1969 1054 2012 in
1086 1967 1217 2013 corde
1246 1976 1395 2012 nostro
1419 1969 1457 2011 ei

0 2064 3 2090 ;
62 2042 139 2101 qui
159 2041 205 2085 in
235 2041 361 2085 nobis
391 2050 435 2085 et
455 2055 533 2099 per
554 2056 633 2084 nos
655 2040 770 2084 bona
803 2049 1022 2099 operatur.
1055 2038 1171 2084 Audi
1194 2038 1311 2081 enim
1338 2037 1457 2082 unde

0 2133 3 2161 ;
62 2112 252 2172 opereris
268 2111 384 2155 bona
407 2130 416 2156 ;
441 2131 461 2153 «
487 2111 626 2170 Ipsius
644 2111 760 2154 enim
783 2126 932 2155 sumus
953 2111 1212 2166 figmentum
1231 2144 1241 2164 ,
1263 2108 1396 2153 creati
1414 2108 1460 2152 in

66 2202 87 2226 »
123 2183 296 2228 Christo
310 2185 413 2226 Jesu
430 2182 476 2226 in
494 2182 701 2242 operibus
717 2182 860 2238 bonis,
878 2191 929 2226 ut
941 2182 987 2224 in
1003 2181 1088 2224 illis
1106 2180 1382 2224 ambulemus
1394 2181 1456 2223 ⁴.»

0 2276 4 2303 ;
63 2257 148 2298 Ista
170 2262 234 2298 est
249 2253 436 2297 suavitas
455 2250 684 2296 abu‘ndans
704 2253 927 2297 memoriae
944 2252 1076 2312 ipsius
1098 2251 1212 2295 circa
1227 2266 1321 2295 nos.
1334 2253 1459 2294 Hanc

64 2324 333 2379 eructando,
370 2321 675 2383 praedicatores
710 2324 802 2382 ejus
836 2323 1004 2384 justitia
1038 2323 1131 2381 ejus
1164 2320 1454 2375 exultabunt,

0 2419 2 2445 ;
63 2411 154 2440 non
183 2411 274 2439 sua.
306 2394 424 2449 Quid
459 2409 561 2452 ergo
582 2403 633 2439 ut
661 2394 821 2450 simus,
860 2404 911 2438 ut
934 2392 1192 2447 laudemus,
1222 2400 1273 2435 ut
1290 2390 1459 2451 justitia

0 2510 1 2514 ,
64 2477 138 2511 tua
162 2466 430 2521 exultemus,
461 2475 512 2510 ut
543 2466 797 2510 memoriam
820 2464 1104 2510 abundantiae
1125 2462 1346 2507 suavitatis
1369 2471 1458 2506 tuae

117 2560 125 2576 ¹
145 2553 224 2584 Gen.
246 2562 280 2592 11,
300 2561 330 2592 ς.
347 2567 388 2574 —-
404 2557 416 2574 ²
430 2553 520 2584 Rom.
536 2561 570 2592 x,
591 2551 621 2581 3.
642 2567 683 2573 -
705 2547 718 2574 3
737 2550 799 2582 Tit.
820 2561 869 2590 ιιι,
891 2550 923 2581 5.
947 2566 987 2573 -—-
1006 2548 1022 2579 4
1037 2548 1155 2590 Ephes.
1175 2557 1210 2586 ιι,
1230 2546 1329 2579 8-10.
