1815 3253
343 192 428 232 466
775 202 809 229 s.
843 198 1074 230 Aueus'nm
1104 202 1285 231 Emscori

335 281 460 321 nem,
497 274 619 310 tanta
649 264 875 310 reddidit:
908 260 1128 326 numquid
1162 274 1341 326 propter
1376 276 1515 326 pauca
1551 267 1725 314 residua

333 336 520 381 infidelis
541 345 605 381 est
626 334 791 381 factus?
828 336 968 381 Absit.
995 338 1164 390 Quare?
1185 338 1297 391 Quia
1311 371 1323 392 ,
1357 354 1378 379 «
1399 337 1559 382 Fidelis
1582 339 1725 383 Domi-

335 425 357 450 »
392 402 474 452 rius
504 407 551 452 in
583 407 727 454 verbis
761 407 875 464 suis,
910 416 954 452 et
987 416 1163 454 sanctus
1201 409 1246 453 in
1279 407 1485 454 omnibus
1516 410 1725 469 operibus

340 494 362 520 >)
396 492 500 522 SUlS.
531 496 552 520 ))

394 550 561 593 XVIII.
601 567 623 591 «
658 548 902 594 Confirmat
934 548 1149 592 Dominus
1188 563 1338 593 omnes
1374 548 1666 594 decidentes1.
1699 567 1721 592 »

333 618 419 664 Sed
440 635 549 680 quos
568 638 588 662 «
612 620 774 664 Omnes
797 618 1075 664 decidentes?
1100 636 1120 660 »
1142 620 1301 663 Omnes
1323 620 1502 664 omnino
1524 619 1728 665 deciden-

330 696 396 733 tes
412 724 423 744 ,
451 689 528 733 sed
559 689 692 733 modo
728 687 922 749 quodam
949 688 1215 734 decidentes.
1255 691 1431 734 Etenim
1454 690 1582 735 multi
1605 691 1727 735 deci-

334 758 447 803 dunt
459 759 515 804 ab
533 775 585 804 eo
599 778 609 804 :
630 778 651 802 «
666 758 795 804 Multi
809 769 956 804 autem
968 759 1179 805 decidunt
1190 775 1213 804 a
1225 760 1559 819 cogitationibus
1570 761 1693 806 suis².
1703 779 1724 802 »

333 830 376 874 Si
392 829 616 874 habebant
631 828 766 873 malas
783 829 1068 888 cogitationes
1079 865 1089 883 ‚
1109 828 1321 874 decidunt
1338 830 1392 873 ab
1410 831 1470 874 eis
1481 865 1492 885 ,
1508 839 1552 874 et
1572 850 1592 873 «
1609 833 1728 876 Con-

332 916 354 941 »
390 900 535 944 firmat
554 900 766 944 Dominus
783 914 934 944 omnes
956 899 1223 944 decidentes.
1254 917 1275 941 »
1298 900 1383 953 Qui
1402 899 1569 960 aliquid
1596 901 1727 945 amit-

337 978 437 1014 tunt
455 970 501 1014 in
522 969 604 1014 isto
623 970 784 1014 saeculo
803 979 848 1014 et
867 970 1005 1014 sancti
1027 979 1132 1014 sunt
1148 1005 1159 1025 ,
1185 969 1320 1014 veluti
1342 970 1669 1014 exhonorantur
1681 971 1728 1015 in

331 1041 414 1085 isto
442 1041 602 1086 saeculo
616 1076 627 1096 ,
649 1056 700 1085 ex
711 1040 919 1086 divitibus
932 1042 1046 1085 fiunt
1059 1056 1293 1101 pauperes,
1314 1056 1365 1085 ex
1381 1041 1603 1086 honoratis
1615 1042 1729 1086 fiunt

329 1113 510 1172 abjecti,
547 1121 591 1156 et
611 1122 758 1156 tamen
795 1112 930 1156 sancti
961 1112 1038 1156 Dei
1072 1121 1202 1168 sunt,
1238 1121 1450 1171 tanquam
1477 1112 1728 1158 decidentes

328 1191 446 1227 sunt.
476 1183 562 1227 Sed
587 1201 608 1224 «
641 1182 883 1228 Confirmat
911 1182 1123 1226 Dominus
1148 1197 1299 1226 omnes
1325 1181 1592 1226 decidentes.
1623 1185 1729 1242 Sep-

330 1252 410 1296 ties
431 1252 548 1295 enim
575 1251 692 1295 cadit
707 1253 851 1310 justus
886 1260 929 1310 et
951 1252 1166 1310 resurgit,
1197 1251 1319 1310 impii
1348 1260 1496 1295 autem
1527 1252 1726 1297 infirma-

329 1323 499 1366 buntur
516 1321 562 1365 in
579 1321 701 1365 malis
717 1322 749 1365 ³.
767 1320 956 1374 Quando
968 1321 1081 1365 mala
1094 1320 1300 1366 accidunt
1313 1321 1470 1380 impiis,
1498 1322 1727 1367 infirman-

330 1393 478 1438 turibi
494 1411 502 1438 :
522 1391 700 1452 quando
715 1392 832 1437 mala
847 1392 1052 1437 accidunt
1058 1392 1202 1452 justis,
1225 1383 1503 1438 «Confirmat
1516 1394 1733 1438 Dominus

331 1482 352 1506 >1
388 1473 538 1508 omnes
573 1462 841 1507 decidentes.
871 1480 892 1504 »
928 1463 1161 1508 Deciderat
1199 1463 1285 1506 Job
1323 1478 1347 1507 a
1376 1462 1511 1521 gloria
1534 1464 1727 1522 pristinae

329 1533 437 1578 lucis
459 1532 766 1593 temporalium
790 1548 959 1588 rerum,
984 1532 1143 1593 quibus
1167 1532 1336 1577 nitebat
1355 1531 1412 1576 ad
1431 1542 1628 1593 tempus,
1655 1533 1726 1579 de-

332 1604 497 1650 ciderat
518 1619 543 1648 a
566 1603 701 1663 gloria
721 1605 879 1648 domus
898 1619 1004 1648 suae.
1040 1603 1184 1648 Vultis
1207 1618 1332 1648 nosse
1367 1612 1581 1664 quantum
1605 1604 1725 1649 deci-

333 1676 482 1721 derat?
505 1678 558 1720 In
577 1684 765 1720 stercore
786 1674 966 1720 sedebat
992 1693 1002 1720 2
1028 1684 1072 1719 et
1093 1675 1368 1719 confirmavit
1410 1665 1620 1721 Dominus
1648 1676 1727 1722 de-

330 1746 563 1792 cidentem.
590 1744 815 1799 Quantum
833 1745 1143 1790 confirmavit?
1168 1747 1224 1789 Ut
1248 1754 1292 1789 et
1312 1745 1358 1789 in
1379 1746 1474 1805 ipso
1496 1747 1615 1804 gravi
1627 1744 1726 1792 *vul-

331 1831 435 1862 nere
453 1852 465 1872 ,
489 1832 579 1876 quo
597 1831 676 1876 per
696 1824 842 1860 totum
863 1830 1018 1874 corpus
1034 1830 1262 1875 percussus
1285 1825 1377 1860 erat
1390 1851 1402 1872 ,
1443 1817 1726 1877 responderet

333 1888 457 1933 uxori
478 1887 689 1941 tentanti,
710 1901 844 1946 quam
865 1885 1002 1930 solam
1024 1886 1107 1931 sibi
1124 1885 1326 1931 diabolus
1347 1886 1583 1948 reliquerat
1599 1889 1725 1950 adju·-

331 1958 482 2003 tricem
509 1976 519 2002 :
547 1975 568 1999 «
591 1960 759 2001 Locuta
776 1971 819 2000 es
843 1965 1053 2016 tanquam
1066 1971 1155 2000 una
1172 1971 1222 2001 ex
1236 1956 1540 2016 insipientibus
1561 1959 1723 2003 mulie-

335 2046 357 2071 »
391 2029 512 2072 ribus
544 2046 554 2072 z
579 2027 613 2071 si
635 2027 752 2070 bona
773 2026 1042 2086 percepimus
1060 2025 1115 2070 de
1133 2041 1266 2070 manu
1284 2027 1474 2081 Domini,
1501 2028 1613 2072 mala
1631 2044 1724 2073 non

334 2110 358 2141 >5
392 2097 701 2148 sustinebimus
715 2097 731 2122 4
749 2098 767 2141 P
790 2096 1059 2150 »Quomodo
1080 2097 1413 2140 confirmaverat
1424 2095 1724 2143 decidentem?

336 2186 359 2211 ῃ
393 2168 634 2214 Confirmat
656 2166 867 2210 Dominus
887 2180 1036 2209 omnes
1067 2164 1332 2209 decidentes.
1357 2167 1468 2210 Cum
1492 2167 1718 2225 ceciderit,

337 2256 358 2281 »
392 2238 536 2298 inquit
553 2272 564 2292 ,
590 2237 733 2296 justus
751 2271 762 2291 ,
783 2251 874 2280 non
892 2235 1253 2291 conturbabitur,
1279 2237 1486 2296 quoniam
1509 2239 1722 2285 Dominus

337 2326 358 2350 »
393 2308 620 2352 confirmat
641 2321 820 2350 manum
841 2307 931 2366 ejus
947 2307 978 2349 ⁵.
1005 2308 1061 2349 Et
1082 2306 1208 2365 erigit
1229 2322 1379 2351 omnes
1402 2306 1525 2352 elisos
1551 2327 1560 2353 ε
1580 2327 1601 2352 »
1626 2325 1722 2356 om-

336 2392 411 2423 nes
440 2378 495 2422 ad
515 2392 560 2421 se
582 2376 864 2435 pertinentes.
888 2378 998 2422 Nam
1016 2378 1130 2420 Deus
1144 2377 1340 2436 superbis
1368 2378 1538 2423 resistit.

385 2481 394 2497 ¹
416 2473 494 2506 Psal.
514 2477 620 2513 cmv,
643 2471 694 2514 ¹4·
709 2488 750 2495 —
765 2471 843 2505 ²1d.
864 2483 898 2513 v,
919 2483 969 2505 11.
990 2488 1033 2496 —
1053 2469 1067 2496 3
1085 2471 1177 2506 Prov.
1201 2483 1289 2515 xxiv,
1311 2473 1360 2506 16.
1374 2490 1416 2497 -
1432 2472 1449 2504 4
1465 2474 1538 2507 soh.
1559 2485 1596 2516 11,
1616 2485 1714 2517 7—10.

341 2546 382 2553 —
404 2527 419 2553 ⁵
438 2528 517 2561 Psul.
538 2538 649 2570 xxxvi,
673 2526 725 2569 24.
