1815 3253
337 210 421 251 424
757 219 791 248 s.
827 218 1057 250 Aucusnm
1087 223 1270 253 Emscom

336 288 451 331 enim
473 286 675 332 adversus
696 286 910 346 populum
927 287 1005 331 Dei
1026 286 1278 348 alienigenae
1305 287 1560 332 dimicarent
1579 322 1590 343 ‚
1610 276 1732 347 pm?
1754 280 1755 306 ³
1794 287 1815 297 ''

334 357 504 403 vocavit
526 373 639 401 unus
661 372 826 413 unum,
852 357 997 402 Golias
1019 358 1155 402 David
1182 378 1191 404 2
1217 359 1262 402 in
1284 374 1373 419 quo
1396 359 1631 402 certamine
1645 374 1718 404 vo-

336 428 481 473 luntas
512 429 588 472 Dei
621 444 700 488 pro
734 429 945 488 cujusque
967 429 1099 487 partis
1133 429 1313 474 victoria
1334 429 1606 489 probaretur.
1634 428 1720 473 Sed

337 498 444 560 quid
460 498 515 543 de
536 499 714 543 victoria
740 499 973 557 satagimus
993 533 1005 553 ‚
1029 498 1206 558 quando
1232 507 1543 559 provocantem
1565 513 1720 558 provo·
1756 495 1757 499 ¹

335 579 571 629 catumque
593 570 847 613 cernamus?
870 569 1125 614 Provocavit
1140 569 1335 629 impietas
1351 569 1557 629 pietatem
1577 603 1588 623 ‚
1616 583 1721 627 pro-

334 641 506 686 vocavit
527 640 728 699 superbia
759 638 1050 684 humilitatem
1066 675 1077 694 ,
1113 649 1333 699 postremo
1354 640 1608 699 provocavit
1628 638 1723 683 dia-

335 712 463 755 bolus
497 708 736 755 Christum.
762 708 876 762 Quid
910 709 1127 754 miramini
1159 709 1384 754 diabolum
1411 710 1608 754 victum?
1644 708 1723 753 Ille

338 790 431 825 erat
454 781 626 838 grandis
650 789 814 824 statura
836 780 1027 839 corporis
1046 797 1057 823 .·
1081 780 1162 824 iste
1184 789 1330 824 autem
1352 788 1516 824 statura
1537 794 1694 839 parvus
1708 814 1720 834 ‚
1760 772 1761 777 ¹

337 850 424 894 fide
448 866 646 909 magnus.
672 850 852 909 Accepit
874 865 991 894 arma
1014 849 1170 894 bellica
1186 860 1360 896 sanctus
1382 850 1519 895 David
1539 885 1550 906 ,
1583 859 1633 894 ut
1654 849 1725 893 ad·
1761 903 1763 906 Ι

337 936 484 965 versus
507 921 675 965 Goliam
698 919 967 980 procederet.
994 923 1097 965 Haec
1118 937 1235 965 arma
1250 937 1326 981 per
1347 930 1518 965 aetatem
1537 955 1548 975 ,
1569 929 1612 964 et
1632 935 1728 979 par·
1762 959 1763 962 ,
1808 924 1810 930 ’

338 1007 436 1036 vam
453 1027 463 1046 ,
493 1001 543 1036 ut
566 991 752 1035 diximus
769 1025 780 1046 ‚
805 1000 1014 1035 staturam
1027 992 1218 1050 corporis
1238 1027 1249 1047 ,
1265 1000 1436 1051 portare
1457 1006 1546 1035 non
1567 989 1721 1035 valuit.
1762 999 1763 1015 ¹

337 1063 510 1122 Abjecit
532 1061 780 1116 onerantia,
822 1077 911 1105 non
934 1062 1184 1121 adjuvantia
1211 1081 1219 1106 ;
1245 1063 1411 1121 accepit
1444 1061 1640 1121 quinque
1661 1059 1726 1103 la·

338 1131 460 1192 pides
481 1132 534 1175 de
551 1132 756 1186 flumine,
782 1141 825 1175 et
841 1131 985 1190 posuit
1004 1132 1049 1174 in
1071 1148 1169 1176 vase
1191 1131 1408 1192 pastorali.
1436 1131 1512 1175 His
1537 1139 1726 1174 armatus
1763 1128 1765 1191 ξ
1814 1152 1815 1155 “

339 1201 621 1261 corporaliter
640 1236 651 1255 ,
677 1202 852 1245 nomine
886 1211 1030 1246 autem
1059 1203 1137 1246 Dei
1179 1203 1451 1262 spiritaliter,
1486 1200 1692 1260 processit
1710 1234 1722 1256 ‚
1764 1242 1766 1247 ,
1810 1223 1815 1251 5

341 1283 384 1316 et
400 1272 547 1315 vicit1.
577 1290 597 1312 »
623 1274 716 1315 Hoc
734 1271 914 1331 quidem
938 1272 1010 1315 ille
1033 1273 1171 1316 David
1192 1292 1201 1317 ε
1222 1273 1298 1316 sed
1316 1272 1516 1330 mysteria
1534 1286 1728 1330 perscru-

345 1352 501 1386 temur.
538 1345 904 1401 Proposueramus
934 1343 1050 1386 enim
1082 1342 1261 1386 titulum
1285 1343 1416 1387 istum
1444 1342 1622 1387 brevem
1645 1357 1730 1385 nu-
1766 1376 1768 1389 ‚
1813 1366 1815 1374 v

342 1428 463 1457 mero
481 1412 731 1467 verborum,
749 1412 825 1457 sed
841 1428 1015 1471 gravem
1030 1412 1224 1473 pondere
1236 1413 1558 1471 mysteriorum.
1575 1412 1732 1456 Veniat
1813 1437 1815 1441 ι

343 1484 389 1527 in
411 1492 603 1527 mentem
627 1483 859 1542 apostolica
891 1482 965 1526 illa
1002 1485 1214 1528 sententia
1231 1519 1243 1539 ,
1272 1501 1293 1525 «
1317 1484 1474 1527 Omnia
1496 1483 1590 1526 haec
1611 1482 1657 1525 in
1675 1482 1729 1524 fi-
1768 1501 1770 1508 >

347 1572 367 1594 »
403 1569 510 1611 gura
532 1553 844 1610 contingebant
865 1553 910 1595 in
931 1550 1038 1596 illis2
1065 1572 1074 1597 :
1098 1571 1118 1594 »
1137 1569 1192 1597 ne
1210 1553 1487 1612 impudenter
1508 1551 1733 1597 videamur
1768 1555 1770 1567 '

344 1638 540 1683 quaerere
560 1622 728 1682 aliquid
750 1622 1054 1666 absconditum
1068 1657 1079 1677 ‚
1112 1623 1189 1666 ubi
1206 1624 1338 1682 possit
1371 1623 1457 1666 dici
1478 1631 1620 1666 totum
1642 1623 1732 1666 sine

344 1694 539 1751 mysterii
561 1692 859 1752 profunditate
886 1692 1138 1752 simpliciter
1166 1693 1347 1737 dictum.
1381 1693 1601 1737 Habemus
1631 1707 1734 1750 ergo

348 1764 651 1807 auctoritatem
674 1762 905 1806 facientem
929 1778 1007 1806 nos
1039 1763 1230 1807 intentos
1252 1763 1308 1807 ad
1336 1762 1648 1823 quaerendum,
1669 1762 1736 1806 vi-
1776 1752 1777 1774 ³

348 1833 452 1892 giles
474 1833 529 1877 ad
558 1831 929 1890 investigandum,
966 1831 1145 1876 devotos
1168 1831 1223 1876 ad
1254 1831 1522 1876 audiendum
1544 1867 1554 1886 ,
1586 1830 1735 1875 fideles
1770 1860 1780 1889 ;'
1806 1845 1809 1851 ·

349 1903 405 1948 ad
427 1902 694 1947 credendum
712 1938 723 1957 ‚
742 1902 944 1962 impigros
967 1901 1022 1946 ad
1044 1900 1307 1946 faciendum.
1334 1906 1384 1947 In
1420 1901 1558 1946 David
1586 1901 1734 1946 Chris·
1777 1920 1779 1923 ·
1799 1930 1804 1937 ‚

350 1984 420 2018 >tus
447 1993 455 2018 ;
480 1972 557 2017 sed
579 1974 689 2017 sicut
725 1971 869 2016 soletis
896 1971 1135 2029 intelligere
1168 1972 1326 2016 eruditi
1361 1972 1406 2015 in
1436 1971 1581 2015 schola
1615 1972 1732 2031 ejus,
1778 2021 1780 2028 Ι

350 2044 548 2088 Christus
561 2052 693 2102 caput
717 2051 760 2086 et
777 2057 932 2101 corpus
962 2061 970 2085 :
995 2044 1093 2086 Non
1108 2056 1208 2099 ergo
1222 2042 1281 2085 sic
1299 2041 1483 2084 audiatis
1499 2039 1664 2100 aliquid
1686 2055 1737 2084 ex
1780 2099 1781 2102 Ἴ

351 2130 535 2174 persona
568 2114 752 2168 Christi,
790 2112 912 2172 quasi
933 2111 988 2154 ad
1022 2127 1096 2155 vos
1129 2127 1219 2155 non
1253 2111 1496 2170 pertineat,
1529 2111 1604 2170 qui
1638 2111 1736 2155 estis
1779 2109 1783 2162 ζ

350 2184 548 2227 membra
569 2182 743 2226 Christi.
770 2184 863 2225 Hoc
885 2190 1094 2241 tanquam
1110 2179 1397 2225 fundamento
1414 2181 1577 2240 posito,
1593 2179 1738 2225 videte
1782 2219 1783 2227 ,

355 2269 454 2314 quae
483 2261 738 2312 sequantur.
1780 2243 1785 2299 ζ

414 2328 472 2368 ΙΙ.
498 2324 637 2369 Nostis
659 2322 805 2367 multis
822 2323 1097 2367 sacramentis
1114 2323 1353 2367 visibilibus
1376 2331 1419 2367 et
1439 2320 1738 2381 corporalibus
1781 2314 1785 2370 'j

354 2405 582 2441 oneratum
599 2410 687 2439 esse
705 2393 920 2454 populum
934 2395 1139 2454 primum,
1159 2394 1498 2448 circumcisione,
1517 2394 1738 2451 negotioso
1780 2439 1787 2455 ,Α
1814 2429 1815 2440 ,

354 2466 430 2511 illo
447 2465 640 2526 quodam
663 2463 901 2509 sacerdotio
922 2499 933 2520 ,
968 2472 1012 2508 et
1045 2463 1209 2524 templo
1231 2464 1377 2522 figuris
1405 2463 1558 2523 pleno,
1583 2461 1736 2506 multi·
1780 2455 1787 2489 3³

404 2558 414 2574 ¹
441 2563 453 2582 1
472 2549 692 2592 Reg.xv11,4.
715 2567 755 2574 --
771 2557 784 2573 ²
806 2561 819 2582 1
848 2552 922 2582 Cor.
943 2559 975 2590 x,
1003 2560 1053 2581 11.
