1815 3253
406 275 648 307 munuum
682 280 724 307 m
761 276 961 307 rsALMUM
994 278 1100 306 cxxx.
1387 269 1442 308 33

54 341 261 387 incideret
281 344 326 387 in
347 343 551 389 latrones.
565 346 674 398 Quia
693 360 795 389 vero
819 344 1124 390 descendendo
1145 344 1298 390 incidit
1314 346 1359 390 in
1380 345 1443 390 la-

54 423 198 458 trones
219 450 229 469 ,
267 415 542 460 ascendendo
576 416 723 460 veniat
753 417 808 460 ad
830 415 1033 475 Angelos.
1059 416 1277 460 Ascendat
1314 432 1438 474 ergo,

52 485 153 545 quia
175 485 464 529 ascenderunt
486 486 639 530 tribus.
670 485 754 531 Sed
772 503 870 547 quae
893 495 994 530 sunt
1015 486 1183 530 tribus?
1206 486 1333 530 Multi
1357 503 1440 531 no-

51 564 234 609 verunt,
267 555 393 599 multi
423 571 513 600 non
544 566 777 601 noverunt.
814 556 899 601 Sed
934 565 977 599 et
998 571 1077 600 nos
1094 557 1175 616 -qui
1206 557 1408 600 novimus
1427 592 1437 607 ‚

51 625 363 670 descendamus
392 626 447 670 ad
473 625 568 671 illos
591 627 666 687 qui
690 643 777 672 non
804 637 1022 671 noverunt
1044 627 1183 671 tribus
1213 637 1264 671 ut
1290 628 1440 672 nobis-

50 711 150 741 cum
173 696 434 751 ascendant,
461 713 549 757 quo
579 697 869 743 ascenderunt
892 699 1046 742 tribus.
1075 698 1230 742 Tribus
1255 698 1339 743 alio
1358 715 1441 744 no-‘

51 767 167 811 mine
190 766 276 811 dici
304 774 488 827 possunt
508 768 639 812 curiae
655 804 666 824 ,
692 768 767 812 sed
790 785 879 813 non
908 769 1096 829 proprie.
1124 772 1278 829 Itaque
1300 770 1441 814 tribus

51 853 139 882 uno
157 837 334 882 nomine
357 836 440 881 alio
458 838 633 898 proprie
654 838 739 884 dici
759 855 847 883 non
871 849 1083 898 possunt3
1107 839 1181 883 sed
1203 840 1347 884 vicino
1371 841 1441 885 di-

49 917 210 952 cuntur
231 908 377 951 curiae.
394 910 502 952 Nam
521 909 695 968 proprie
711 910 743 953 si
767 909 999 954 dixerimus
1022 910 1184 964 curias,
1206 926 1295 955 non
1316 910 1443 954 intel-

48 977 247 1036 liguntur
275 977 357 1021 nisi
392 977 524 1021 curiae
548 995 648 1038 quae
678 989 781 1023 sunt
808 980 852 1023 in
874 980 1121 1024 civitatibus
1153 980 1330 1039 singulis
1348 983 1442 1024 sin-

51 1049 164 1109 gulae
185 1071 196 1107 3
220 1049 338 1095 unde
361 1049 543 1094 curiales
566 1059 609 1093 et
630 1049 907 1105 decuriones,
935 1050 980 1094 id
1009 1060 1096 1104 est,
1129 1051 1248 1110 quod
1282 1052 1369 1094 siut
1396 1051 1442 1094 in

50 1121 167 1166 curia
192 1120 259 1164 vel
281 1120 456 1164 decuria
483 1139 492 1165 ε
516 1129 558 1164 et
586 1121 720 1164 nostis
742 1122 845 1181 quia
867 1121 972 1165 tales
991 1122 1130 1166 curias
1154 1121 1340 1179 singulas
1364 1122 1444 1165 ha-

50 1191 156 1235 bent
177 1191 359 1250 singulae
382 1192 590 1235 civitates.
607 1194 717 1236 Sunt
731 1201 876 1235 autem
901 1191 970 1235 vel
992 1201 1116 1236 erant
1138 1192 1374 1252 aliquando
1397 1193 1441 1236 in

48 1261 136 1306 istis
158 1278 334 1323 quoque
363 1262 610 1307 civitatibus
638 1262 770 1307 eurise
803 1263 933 1305 etiam
967 1262 1230 1321 populorum
1250 1298 1260 1316 ‚
1286 1272 1329 1306 et
1351 1279 1440 1306 una

49 1332 196 1378 civitas
219 1333 377 1377 multas
398 1333 535 1378 curias
553 1333 687 1377 habet
705 1369 716 1388 ,
742 1333 854 1378 sicut
876 1337 1016 1377 Roma
1040 1333 1439 1395 triginta-quinque

48 1405 187 1448 curias
209 1404 342 1448 habet
359 1403 524 1464 populi.
540 1407 643 1448 Haec
661 1403 869 1448 dicuntur
891 1404 1046 1448 tribus.
1064 1407 1150 1448 Has
1165 1404 1355 1464 populus
1376 1409 1440 1450 Is-

48 1474 137 1518 ra'el
159 1474 391 1519 duodecim
409 1475 623 1529 habebat,
648 1475 890 1519 secundum
914 1474 1023 1518 filios
1046 1475 1198 1519 Jacob.

107 1548 226 1589 VIII.
265 1544 504 1589 Duodecim
529 1545 666 1589 tribus
700 1554 823 1589 erant
855 1544 1007 1604 populi
1031 1544 1191 1590 Israel:
1218 1544 1294 1589 sed
1316 1556 1441 1591 erant

47 1615 105 1659 ibi
128 1615 251 1669 mali,
273 1625 316 1659 et
333 1625 454 1659 erant
476 1615 537 1658 ibi
560 1615 680 1659 boni.
709 1618 851 1668 Quam
868 1615 983 1658 enim
1007 1615 1132 1659 malae
1155 1616 1318 1671 tribus,
1339 1633 1440 1676 quae

47 1686 357 1730 crucifixerunt
378 1686 644 1729 Dominum?
666 1688 806 1738 Quam
826 1686 955 1730 bonae
973 1686 1133 1741 tribus,
1155 1703 1254 1747 quae
1275 1703 1438 1745 cogno-

46 1766 202 1800 verunt
218 1756 452 1801 Dominum
468 1758 485 1797 ’ἲ
499 1756 591 1800 111ae
609 1771 710 1814 ergo
727 1756 882 1810 tribus,
900 1772 999 1816 quae
1014 1758 1325 1801 crucifixerunt
1346 1761 1437 1803 Do-

47 1827 232 1881 minum,
253 1827 392 1870 tribus
415 1836 518 1870 sunt
539 1825 720 1870 diaboli.
734 1829 846 1871 Cum
867 1842 970 1885 ergo
991 1827 1062 1871 hic
1080 1826 1264 1872 diceret:
1286 1847 1305 1870 «
1326 1828 1437 1873 Illuc

50 1916 69 1939 »
105 1898 219 1941 enim
243 1896 532 1941 ascenderunt
554 1897 693 1941 tribus
720 1917 728 1941 :
757 1916 777 1939 »
803 1913 858 1941 ne
881 1914 1031 1942 omnes
1055 1898 1191 1942 tribus
1219 1899 1438 1958 intellige-

46 1983 134 2023 res,
161 1967 353 2022 addidit,
384 1987 404 2009 «
432 1968 587 2011 Tribus
610 1967 798 2012 Domini.
831 1988 848 2008 »
876 1967 993 2021 Quid
1007 1977 1071 2012 est
1090 2004 1101 2023 ‚
1127 1987 1148 2010 «
1174 1969 1330 2013 Tribus
1354 1973 1437 2013 Do-

49 2057 68 2080 »
103 2039 240 2083 mini?
271 2042 426 2101 »AQuae
456 2048 758 2098 cognoverunt
795 2040 1050 2083 Dominumss
1085 2042 1150 2083 Ex
1177 2040 1284 2099 vipsis
1318 2040 1434 2084 enim

45 2109 276 2154 duodecim
301 2111 503 2155 tribubus
531 2109 654 2154 malis
670 2146 680 2165 ‚
708 2119 831 2154 erant
860 2110 921 2154 ibi
939 2110 1043 2154 boni
1066 2110 1121 2154 de
1144 2111 1269 2156 bonis
1292 2111 1435 2155 tribu⁴

45 2180 142 2233 bus,
157 2196 255 2239 quae
277 2190 574 2238 cognoverunt
594 2179 894 2224 fabricatorem
914 2180 1117 2224 civitatis:
1136 2190 1179 2224 et
1199 2181 1288 2240 ipsa
1312 2191 1437 2226 erant

47 2267 179 2311 grana
201 2251 314 2295 inter
336 2251 428 2296 illas
448 2253 586 2296 tribus
602 2287 613 2307 ‚
639 2269 739 2313 quae
760 2252 872 2296 inter
893 2251 1038 2311 paleas
1060 2251 1290 2296 commixta
1314 2263 1432 2298 sunt.

46 2322 346 2367 Ascenderunt
367 2331 530 2378 autem,
550 2339 641 2367 non
662 2339 762 2367 cum
786 2321 1036 2383 paleis,·sed
1059 2323 1199 2366 tribus
1221 2333 1432 2382 purgatae,

47 2392 194 2437 electae
212 2427 222 2446 ,
248 2393 370 2452 quasi
392 2393 530 2437 tribus
556 2393 742 2437 Domini.
774 2412 792 2435 «
823 2393 933 2437 Illuc
955 2392 1244 2438 ascenderunt
1269 2395 1404 2439 tribus
1422 2431 1432 2451 ‚

50 2481 70 2504 »
105 2463 239 2506 tribus
264 2460 449 2506 Domini.
474 2482 494 2504 »
521 2463 639 2516 Quid
660 2473 746 2517 est,
771 2483 790 2505 «
815 2464 972 2507 Tribus
997 2464 1203 2508 Domini?
1228 2466 1436 2510 Testimo-

51 2552 72 2576 »
106 2535 227 2579 nium
251 2534 397 2578 Israel.
427 2552 446 2574 »
480 2537 574 2578 Hoc
600 2534 707 2594 quid
729 2535 807 2585 sit,
833 2533 1006 2589 fratres,
1034 2534 1182 2579 audite
1208 2555 1216 2579 :
1249 2555 1267 2577 «
1296 2538 1435 2580 Testi-

52 2625 71 2648 »
108 2608 303 2652 monium
328 2605 502 2658 lsraeL»
515 2605 561 2649 id
583 2615 662 2661 est,
677 2605 722 2649 in
745 2607 904 2667 quibus
927 2616 1231 2665 cognoscatur,
1252 2609 1355 2668 quia
1373 2620 1437 2656 est

283 2688 404 2719 cxix.
1301 2684 1323 2720 3
