1815 3253
396 271 638 303 umanum
669 273 716 301 nv
746 270 951 303 PsALMUM
981 273 1104 302 cxxv.
1372 261 1428 301 95

0 205 4 351 i
47 357 69 382 »
102 337 222 399 quod
253 353 355 384 cum
383 339 619 398 gratiarum
656 339 826 384 actione
855 339 1133 399 percipitur1.
1162 355 1183 379 »
1216 340 1269 382 In
1289 338 1430 397 figura

42 409 204 455 Judaeis
233 410 371 469 posita
404 418 529 454 erant
564 408 767 470 quaedam
786 446 797 464 ,
832 419 876 455 et
895 408 1121 456 immunda
1144 409 1260 453 dieta
1283 412 1426 453 sunt2.

46 481 129 527 Sed
151 489 298 540 postea
333 496 465 541 quarn
487 480 562 524 lux
591 482 682 541 ipsa
708 481 854 537 venit,
880 490 1058 525 remotae
1091 489 1194 525 sunt
1224 479 1396 524 umbrae
1415 514 1426 535 ‚

43 567 133 597 non
160 567 309 596 sumus
330 552 488 596 retenti
509 553 555 595 in
582 552 750 608 littera,
775 552 851 596 sed
881 552 1085 596 vivificati
1107 552 1151 595 in
1175 551 1328 611 spiritu
1355 569 1364 595 ε
1389 559 1434 594 et

44 637 134 667 non
155 632 220 667 est
238 623 491 683 impositum
509 625 668 683 jugum
689 623 999 668 observationis
1016 622 1288 678 Christianis,
1312 619 1434 681 quod

45 693 294 753 impositum
328 702 421 738 erat
452 693 645 752 Judaeis3
680 694 782 754 quia
815 694 1026 738 Dominus
1049 693 1158 738 dixit
1185 712 1194 737 :
1224 712 1244 734 «
1269 694 1435 751 Jugum

47 782 68 807 n
103 765 219 809 enim
243 780 392 809 meum
408 780 539 809 suave
561 774 646 821 est,
668 775 711 810 et
740 766 904 810 sarcina
925 780 1020 809 mea
1038 765 1146 809 levis
1162 765 1268 809 est3.
1298 782 1318 805 »
1344 766 1402 808 Et
1421 798 1433 819 ‚

51 853 69 876 «
103 836 260 880 Omnia
279 870 290 889 ‚
317 835 375 879 ait
397 835 631 894 Apostolus
647 871 658 892 ‚
683 836 848 880 munda
870 835 1044 880 mundis
1067 855 1076 881 :
1102 833 1339 879 immundis
1362 851 1434 879 au-

49 923 71 948 u
109 914 198 949 tem
221 904 474 950 infidelibus
489 941 500 961 ‚
525 906 635 950 nihil
657 916 721 951 est
741 906 959 951 mundum
981 942 992 962 ‚
1027 906 1102 951 sed
1130 905 1299 965 polluta
1336 914 1438 949 sunt

51 993 72 1018 »
105 990 256 1020 eorum
277 985 320 1019 et
336 991 459 1020 mens
476 985 519 1020 et
540 978 803 1021 conscientia
819 980 851 1021 ⁴.
876 995 897 1019 »
923 976 1041 1030 Quid
1064 976 1203 1021 voluit
1224 975 1440 1035 intelligi?

49 1045 217 1091 Mundo
238 1046 421 1100 homini,
447 1055 490 1090 et
507 1047 630 1105 panis
653 1056 696 1091 et
720 1048 894 1106 porcina
917 1047 1080 1090 munda
1104 1056 1183 1101 est,
1207 1045 1440 1090 immundo

49 1132 129 1161 nec
142 1117 278 1175 panis,
291 1132 372 1161 nec
385 1117 580 1176 porcina.
592 1135 610 1159 «
625 1116 868 1161 Immundis
880 1126 1042 1171 autem,
1058 1116 1218 1176 inquit,
1231 1125 1273 1159 et
1291 1115 1441 1159 infide·

54 1204 75 1228 »
108 1186 222 1230 libus
236 1186 345 1231 nihil
360 1196 423 1231 est
435 1186 696 1231 mundum.»
709 1191 849 1240 Quare
863 1186 974 1230 nihil
987 1196 1051 1230 est
1063 1185 1282 1229 mundum
1293 1187 1311 1227 ⁶?
1323 1204 1342 1227 «
1357 1185 1441 1230 Sed

55 1275 76 1298 »
110 1256 276 1316 polluta
298 1266 400 1301 sunt
416 1292 427 1312 ,
451 1257 596 1317 inquit
615 1292 626 1312 ,
650 1272 803 1301 eorum
823 1266 866 1301 et
887 1272 1010 1301 mens
1027 1266 1071 1300 et
1091 1256 1356 1301 conscientia
1380 1275 1389 1300 :
1418 1274 1438 1296 »

53 1327 153 1387 quia
175 1327 209 1371 si
225 1327 404 1372 interius
427 1327 548 1388 quod
571 1337 659 1382 est,
685 1327 965 1371 immundum
983 1337 1072 1386 est3
1093 1327 1198 1373 foris
1216 1325 1337 1386 quod
1359 1335 1439 1381 est,

53 1397 161 1442 nihil
174 1397 391 1442 mundum
408 1413 498 1442 esse
515 1407 673 1457 potest.
689 1399 731 1443 Si
744 1413 846 1456 ergo
866 1398 950 1442 illis
968 1399 1130 1458 quibus
1143 1398 1349 1442 interiora
1364 1398 1443 1441 im-

12 1490 16 1527 Ι
53 1469 216 1514 munda
249 1479 373 1523 sunt,
410 1469 623 1513 exteriora
644 1468 811 1512 munda
833 1485 923 1513 esse
945 1484 1035 1513 non
1065 1477 1247 1528 possunt
1270 1489 1281 1526 3
1306 1469 1339 1511 si
1362 1483 1445 1512 vo-

12 1531 17 1590 l
53 1538 182 1584 lueris
204 1549 255 1584 ut
274 1539 484 1584 exteriora
506 1539 671 1583 munda
695 1540 795 1595 sint,
819 1539 1025 1584 interiora
1049 1538 1278 1583 mundato.
1292 1538 1360 1582 Ibi
1381 1547 1446 1583 est

57 1610 171 1654 enim
207 1626 253 1654 os
280 1610 401 1670 quod
432 1609 688 1669 implebitur
720 1611 801 1654 tibi
831 1610 1015 1670 gaudio,
1049 1619 1093 1654 et
1115 1610 1294 1671 quando
1311 1618 1442 1654 taces.

56 1680 242 1734 Quando
260 1681 375 1725 enim
399 1690 513 1725 taces
531 1690 574 1724 et
596 1679 758 1740 gaudes
777 1716 788 1736 ‚
813 1696 861 1725 os
879 1691 1007 1726 tuum
1029 1681 1188 1726 clamat
1209 1682 1265 1724 ad
1288 1683 1443 1724 Deum.

60 1751 143 1797 Sed
169 1752 270 1806 vide
291 1752 411 1796 unde
435 1752 636 1810 gaudeas.
665 1752 707 1797 Si
737 1751 792 1796 de
813 1752 974 1797 saeculo
997 1753 1158 1812 gaudes
1183 1771 1191 1797 :
1216 1750 1447 1796 immundo

60 1821 218 1881 gaudio
235 1822 484 1867 vociferaris
504 1822 559 1867 ad
582 1826 720 1866 Deum
737 1842 746 1866 ε
770 1823 924 1868 sivero
947 1822 1001 1867 de
1024 1822 1326 1882 redemptione
1339 1837 1447 1880 gau-

16 1887 20 1952 s
58 1891 133 1937 des
149 1927 160 1946 ,
180 1892 402 1952 quomodo
424 1891 532 1937 dixit
554 1892 748 1936 Psalmus
767 1893 847 1937 iste
870 1912 879 1937 z
910 1895 1053 1938 «Cum
1071 1901 1344 1937 converteret
1358 1896 1448 1936 Do-

18 1959 21 2002 i
62 1980 83 2005 »
118 1963 261 2007 minus
283 1963 580 2022 captivitatem
603 1963 722 2017 Sion,
737 1962 841 2006 facti
863 1977 1012 2008 sumus
1029 1962 1263 2024 jucundati
1281 1980 1324 2019 3»
1341 1972 1448 2009 tunc

62 2025 271 2092 impletur‘
283 2049 386 2079 vero
409 2035 568 2093 gaudio
590 2050 637 2079 os
662 2044 801 2089 tuum,
818 2043 862 2078 et
882 2034 1031 2092 lingua
1052 2043 1128 2078 tua
1151 2033 1444 2078 exultatione:

61 2103 339 2149 manifestum
360 2114 424 2149 est
445 2105 547 2166 quia
568 2105 617 2148 in
636 2120 712 2165 spe
734 2104 917 2165 gaudeS‚
943 2114 987 2150 et
1005 2114 1231 2165 acceptum
1254 2114 1318 2150 est
1342 2121 1448 2164 gau-

61 2173 182 2219 dium
217 2185 340 2220 tuum
374 2175 492 2236 apud
529 2180 684 2221 Deum.
713 2179 764 2220 In
786 2177 880 2236 ipso
902 2175 1083 2234 gaudio,
1103 2175 1174 2221 vel
1196 2177 1242 2219 in
1259 2176 1353 2236 ipso
1375 2192 1450 2221 ore

61 2244 181 2304 quod
203 2245 411 2290 habemus
435 2246 553 2290 intus
570 2282 580 2301 ,
606 2256 650 2290 et
671 2247 986 2291 manducamus
1009 2257 1052 2291 et
1076 2247 1266 2290 bibimus
1299 2267 1307 2292 ε
1333 2248 1446 2292 sieut

61 2315 116 2360 de
151 2315 233 2360 isto
263 2332 337 2361 ore
364 2316 419 2361 ad
440 2317 723 2361 refectionem
745 2317 952 2377 corporis,
978 2318 1038 2361 sic
1054 2327 1097 2362 et
1118 2316 1174 2361 de
1194 2317 1271 2362 illo
1297 2333 1371 2362 ore
1395 2317 1450 2362 ad

51 2384 341 2444 ,refectionem
374 2386 528 2431 cordis.
557 2390 666 2432 Nam
701 2387 838 2432 inde:
868 2407 889 2430 «
922 2388 1042 2432 Beati
1076 2389 1151 2448 qui
1183 2389 1380 2433 esuriunt
1407 2397 1451 2433 et

22 2408 27 2545 ἱ
67 2473 87 2498 »
121 2457 273 2501 sitiunt
297 2457 509 2516 justitiam
524 2492 535 2512 ‚
561 2457 769 2516 quoniam
794 2458 876 2517 ipsi
897 2459 1254 2503 saturabuntur5.
1279 2478 1299 2500 »

26 2675 29 2700 ί

28 2728 29 2746 i

28 2750 29 2769 i

113 2558 122 2576 ¹
146 2565 158 2584 1
177 2554 258 2585 Tim.
277 2564 306 2585 lv
321 2579 329 2595 ‚
350 2553 382 2595 4.
413 2570 455 2576 -—
471 2560 484 2576 ²
512 2554 618 2587 Levit.
654 2564 759 2586 x1,—
779 2553 794 2578 3
811 2554 926 2589 Matth.
962 2566 1007 2596 xl,
1027 2555 1082 2588 30.
1102 2571 1144 2578 —
1160 2554 1177 2586 4
1194 2555 1254 2588 Tit.
1279 2566 1309 2597 1,
1333 2555 1383 2588 15.
1405 2571 1447 2579 —

69 2605 83 2630 ⁵
99 2609 212 2641 matth.
231 2620 263 2651 v,
287 2609 320 2642 6.
