1815 3253
351 214 592 246 ENARRATro
625 218 669 244 nv
703 216 905 245 PSALMUM
932 218 1111 245 cxxxix.
1326 207 1409 246 337

28 300 177 333 omnes
201 289 435 329 l'otestates
457 292 500 327 et
521 283 712 326 Virtutes
727 318 738 338 ,
765 293 864 328 ante
887 283 1031 328 omnia
1055 283 1256 339 visibilia,
1284 293 1327 328 et
1343 285 1414 327 in-

28 355 227 402 visibilia.
254 355 425 406 Quare?
447 354 557 406 Quia
582 361 630 397 ut
652 354 746 398 haee
768 364 927 408 essent,
954 373 973 394 «ι
989 353 1144 398 Omnia
1168 369 1244 412 per
1272 354 1416 414 ipsum

31 447 51 471 »
86 426 198 472 sacta
221 436 349 481 sunt,
375 434 418 469 et
439 425 530 468 sine
552 425 645 484 ipso
669 425 832 469 sactum
856 434 919 468 est
944 424 1053 468 nihil
1070 427 1098 467 ¹.
1128 443 1147 466 »
1174 427 1290 483 Ergo
1312 427 1415 486 quia

28 515 79 545 ex
99 499 262 544 semine
279 496 415 542 David
429 532 439 552 ,
464 512 553 541 non
571 496 812 541 secundum
837 495 1106 541 divinitatem
1124 531 1134 550 ,
1166 512 1252 556 qua
1281 499 1414 541 Crea-

28 579 95 616 tor
111 579 174 614 est
202 569 336 629 ipsius
360 567 521 623 David,
561 569 637 612 sed
671 567 912 612 secundum
937 582 1139 624 earnem,
1164 567 1300 611 David
1318 567 1416 626 ‹lig-

27 649 153 686 natus
175 648 238 684 est
270 638 416 683 vocari
442 638 486 681 in
517 639 744 697 prophetia
772 654 779 678 :
807 638 852 681 in
884 639 1026 697 ipsum
1060 638 1190 680 finem
1215 638 1416 693 intende,

28 712 127 773 quia
149 730 169 753 «
192 710 279 770 Ipsi
297 708 435 754 David
459 727 480 750 »
511 708 703 753 Psalmus
726 709 898 753 canitur
923 726 933 753 :
955 719 998 753 et
1016 710 1208 768 corporis
1229 711 1318 769 ejus
1341 725 1418 754 vo·-

29 797 122 828 cem
140 780 270 836 audi,
294 789 337 825 et
356 789 447 824 esto
471 780 514 823 in
542 795 722 839 corpore
750 780 858 840 ejus.
880 781 974 824 Vox
1004 795 1138 841 quam
1160 779 1318 825 audisti
1347 789 1422 825 tua

29 853 103 908 fiat
119 887 130 907 ,
155 861 198 896 et
219 867 293 895 ora
313 886 323 905 ,
352 859 395 894 et
412 849 483 894 dic
506 849 623 909 quod
644 850 857 910 sequitur.

86 924 161 967 IV.
191 940 212 963 «
236 921 386 965 Exime
402 935 472 964 me
486 955 496 973 ,
523 920 708 964 Domine
723 955 733 975 ,
753 920 808 963 ab
825 920 1002 964 homine
1023 921 1257 980 malign02.
1288 941 1308 964 »
1325 926 1423 969 Non

31 993 84 1038 ab
105 1008 194 1037 uno
212 1027 224 1047 ,
242 991 314 1036 sed
337 991 393 1035 ab
412 991 503 1050 ipso
527 1006 684 1049 genere
710 1010 719 1035 :
753 1007 833 1035 nec
855 1007 878 1035 a
899 992 1006 1036 vasis
1038 1001 1231 1048 tantum,
1264 993 1339 1038 sed
1370 995 1425 1039 ab

0 1095 1 1098 ,
30 1064 121 1124 ipso
138 1063 352 1123 principe,
378 1060 422 1104 id
445 1070 531 1114 est,
558 1061 718 1120 abipso
744 1061 936 1106 diabolo.
959 1065 1103 1115 Quare
1126 1064 1242 1107 enim
1261 1065 1316 1108 ab
1340 1066 1423 1109 ho-

30 1134 144 1178 mine
161 1169 172 1189 ,
191 1134 224 1178 si
248 1150 271 1177 a
283 1131 459 1177 diabolo
472 1133 490 1175 P
505 1131 615 1184 Quia
634 1141 677 1175 et
696 1132 784 1191 ipse
796 1132 842 1175 in
858 1133 998 1190 figura
1015 1133 1147 1178 homo
1164 1133 1306 1179 dictus
1325 1137 1420 1181 est':

35 1223 55 1248 «
88 1205 219 1249 Venit
240 1203 442 1248 inimicus
471 1202 630 1256 homo,
657 1211 700 1246 et
735 1203 1095 1262 superseminavit
1123 1205 1309 1263 zizania,
1337 1225 1357 1248 »
1382 1215 1425 1251 et

0 1295 5 1322 ρ
31 1290 128 1320 cum
160 1274 368 1319 dixissent
390 1272 501 1317 servi
532 1271 587 1316 ad
615 1271 993 1332 patremfamilias,
1030 1293 1050 1316 «
1075 1277 1230 1320 Nonne
1258 1276 1422 1321 bonum

0 1371 2 1393 ι
34 1365 54 1390 »
88 1361 234 1390 semen
257 1344 476 1389 seminasti
498 1379 507 1398 ,
533 1342 652 1387 unde
668 1353 966 1403 apparuerunt
990 1344 1176 1389 zizania?
1196 1365 1215 1388 »
1235 1350 1425 1407 Respon-

0 1429 6 1501 Ι
31 1433 125 1463 sum
147 1427 212 1462 est
227 1452 238 1472 ,
268 1436 288 1459 «
316 1415 523 1460 Inimicus
541 1415 674 1459 homo
696 1416 779 1459 hoc
803 1414 950 1459 secitss.
982 1434 1000 1456 »
1023 1417 1092 1460 Ab
1115 1417 1195 1462 isto
1217 1434 1320 1478 ergo
1341 1421 1423 1464 ho-

0 1490 147 1546 tmine
168 1488 358 1547 maligno
382 1503 455 1531 ora
473 1522 483 1541 ,
512 1495 727 1546 quantum
751 1495 874 1546 potes
895 1522 904 1542 ,
931 1496 981 1530 ut
1011 1486 1221 1533 libereris.
1253 1510 1273 1533 «
1312 1492 1423 1544 Quia

2 1557 10 1621 ’ς
34 1578 55 1602 »
88 1575 178 1604 non
199 1558 358 1603 esttibi
380 1557 633 1601 colluctatio
655 1556 859 1600 adversus
880 1572 1054 1601 earnem
1080 1568 1123 1602 et
1140 1562 1394 1619 sanguinem
1409 1597 1419 1617 ,

0 1626 14 1679 i
34 1648 55 1672 »
88 1629 162 1674 sed
185 1629 388 1673 adversus
406 1627 622 1686 principes
644 1636 688 1671 et
708 1635 965 1686 potestates,
998 1638 1041 1672 et
1058 1637 1246 1674 rectores
1265 1631 1420 1675 mundi

0 1721 13 1751 a
35 1718 56 1742 »
74 1700 352 1745 tenebrarum
367 1699 537 1752 harum,
559 1696 604 1740 id
619 1706 697 1752 est,
715 1706 902 1741 rectores
920 1700 1236 1756 peccatorum4.
1256 1701 1422 1755 »Quod

0 1772 16 1820 ,i
34 1770 209 1832 quidem
231 1779 275 1814 et
288 1784 366 1814 nos
388 1768 575 1825 fuimus,
600 1783 700 1811 nam
715 1766 960 1811 audivimus
974 1768 1106 1813 modo
1118 1785 1270 1814 vocem
1285 1775 1421 1832 Apos-

0 1842 19 1892 l't
34 1841 128 1896 toli,
158 1860 177 1883 «
215 1839 374 1884 Fuistis
411 1838 646 1898 aliquando
682 1838 875 1881 tenebrae
896 1873 906 1893 ,
945 1854 1065 1883 nunc
1099 1850 1246 1885 autem
1279 1841 1354 1887 lux
1375 1844 1419 1887 in

0 1914 21 1964 nil
38 1929 58 1954 ³»
88 1911 317 1957 Domin05.
347 1928 366 1950 n
391 1912 486 1953 Jam
518 1924 620 1967 ergo
643 1907 718 1952 lux
751 1906 884 1964 sacti,
911 1924 1000 1953 non
1029 1911 1074 1954 in
1095 1912 1246 1968 nobis,
1272 1915 1348 1958 sed
1374 1914 1418 1958 in

2 2001 20 2036 μ
71 1982 247 2037 omino,
274 1996 447 2025 oremus
470 1995 560 2023 non
582 1988 754 2023 tantum
789 1989 940 2023 contra
972 1981 1201 2038 tenebras,
1240 1983 1284 2028 id
1323 1996 1414 2042 est,

0 2072 22 2113 ,Ji
59 2062 180 2098 ontra
216 2060 463 2112 peccatores
484 2085 494 2105 ,
539 2065 648 2110 quos
682 2047 826 2093 adhuc
861 2049 1061 2095 diabolus
1088 2053 1311 2111 possidet;
1343 2058 1420 2101 sed

0 2145 24 2179 54³
61 2122 160 2168 tiam
182 2131 332 2167 contra
352 2122 495 2181 ipsum
508 2119 751 2179 principem
769 2135 919 2164 eorum
943 2122 1169 2167 diabolum
1187 2160 1198 2179 ,
1224 2127 1300 2186 qui
1318 2143 1419 2188 ope-

0 2212 27 2249 {tss
58 2203 150 2238 atur
181 2193 227 2236 in
254 2191 353 2236 filiis
389 2190 687 2235 dillidentiaess.
719 2209 738 2232 «
763 2193 801 2234 A
823 2190 916 2235 viro
948 2191 1109 2252 injusto
1142 2210 1245 2240 erue
1280 2213 1364 2242 me.
1391 2218 1411 2241 -η

0 2288 23 2320 101
77 2280 126 2310 oc
147 2272 229 2318 est,
259 2282 278 2304 «
317 2261 385 2306 Ab
418 2261 595 2304 homine
629 2260 849 2318 maligno,
889 2263 1054 2321 »quod
1086 2273 1178 2321 est,
1221 2271 1301 2312 «A
1323 2269 1416 2316 viro

0 2361 25 2391 it
51 2353 61 2377 ›
93 2335 265 2395 injusto.
296 2352 314 2373 »
345 2330 587 2389 Malignuin
619 2331 735 2374 enim
757 2330 856 2376 ideo
879 2332 986 2377 dixit
1006 2369 1016 2389 ,
1042 2335 1143 2395 quia
1166 2336 1377 2397 injustum
1405 2362 1414 2387 ;

0 2434 27 2468 ω,
69 2420 91 2449 e
110 2403 221 2450 forte
244 2403 433 2463 aliquem
454 2401 664 2461 injustum
683 2400 849 2445 bonum
879 2418 969 2447 esse
991 2413 1130 2463 putes.
1159 2409 1269 2453 Sunt
1303 2412 1419 2456 enim

0 2498 29 2536 ml
84 2506 93 2524 ¹
111 2503 201 2533 Joan.
224 2511 247 2540 1,
267 2500 345 2531 3.-
360 2505 372 2521 ²
388 2498 705 2537 Psa1.cxzx-x‚2.-
726 2494 740 2520 3
757 2497 873 2529 Matth.
894 2500 1015 2541 ¹111‚25
1036 2506 1069 2533 et
1087 2512 1142 2544 25,
1162 2504 1285 2536 28.-4
1302 2508 1416 2550 Ephes.

51 2567 84 2599 n,
103 2565 211 2590 12.—
228 2554 243 2580 ⁵
261 2556 308 2589 Id.
335 2566 368 2596 v,
388 2555 419 2587 8.
436 2570 476 2576 -
495 2551 510 2575 6
530 2554 576 2586 ld,
598 2564 633 2594 υ,
652 2562 684 2585 2.

247 2619 369 2650 cxlx.
1240 2617 1293 2656 22
