<?xml version="1.0" encoding="UTF-8"?>
<!DOCTYPE html PUBLIC "-//W3C//DTD XHTML 1.0 Transitional//EN"
    "http://www.w3.org/TR/xhtml1/DTD/xhtml1-transitional.dtd">
<html xmlns="http://www.w3.org/1999/xhtml" xml:lang="en" lang="en">
 <head>
  <title>
</title>
<meta http-equiv="Content-Type" content="text/html;charset=utf-8" />
  <meta name='ocr-system' content='tesseract 3.04.00' />
  <meta name='ocr-capabilities' content='ocr_page ocr_carea ocr_par ocr_line ocrx_word'/>
</head>
<body>
  <div class='ocr_page' id='page_1' title='image "./operaomniaaccura12auguuoft_0389.png"; bbox 0 0 1815 3253; ppageno 0'>
   <div class='ocr_carea' id='block_1_1' title="bbox 386 280 1429 322">
    <p class='ocr_par' dir='ltr' id='par_1_1' title="bbox 386 280 1429 322">
     <span class='ocr_line' id='line_1_1' title="bbox 386 280 1429 322; baseline 0 -2"><span class='ocrx_word' id='word_1_1' title='bbox 386 289 629 322; x_wconf 64' lang='lat' dir='ltr'>amum-1⁴10</span> <span class='ocrx_word' id='word_1_2' title='bbox 661 292 707 320; x_wconf 76' lang='lat' dir='ltr'>m</span> <span class='ocrx_word' id='word_1_3' title='bbox 737 290 942 322; x_wconf 78' lang='lat' dir='ltr'>PsALMUM</span> <span class='ocrx_word' id='word_1_4' title='bbox 971 293 1064 321; x_wconf 75' lang='lat' dir='ltr'>exL.</span> <span class='ocrx_word' id='word_1_5' title='bbox 1342 280 1429 320; x_wconf 88' lang='grc'>379</span> 
     </span>
    </p>
   </div>
   <div class='ocr_carea' id='block_1_2' title="bbox 0 356 1445 2605">
    <p class='ocr_par' dir='ltr' id='par_1_2' title="bbox 0 356 1445 2605">
     <span class='ocr_line' id='line_1_2' title="bbox 43 356 1432 418; baseline -0.001 -15"><span class='ocrx_word' id='word_1_6' title='bbox 43 357 152 418; x_wconf 88' lang='lat' dir='ltr'>quid</span> <span class='ocrx_word' id='word_1_7' title='bbox 167 356 270 403; x_wconf 87' lang='lat' dir='ltr'>fecit</span> <span class='ocrx_word' id='word_1_8' title='bbox 279 357 367 413; x_wconf 90' lang='lat' dir='ltr'>hic,</span> <span class='ocrx_word' id='word_1_9' title='bbox 384 366 434 402; x_wconf 91' lang='lat' dir='ltr'>ut</span> <span class='ocrx_word' id='word_1_10' title='bbox 446 359 539 418; x_wconf 88' lang='lat' dir='ltr'>jam</span> <span class='ocrx_word' id='word_1_11' title='bbox 560 366 604 401; x_wconf 88' lang='lat' dir='ltr'>et</span> <span class='ocrx_word' id='word_1_12' title='bbox 619 357 752 417; x_wconf 87' lang='lat' dir='ltr'>ipsius</span> <span class='ocrx_word' id='word_1_13' title='bbox 769 358 912 403; x_wconf 89' lang='lat' dir='ltr'>verbis</span> <span class='ocrx_word' id='word_1_14' title='bbox 934 359 1063 402; x_wconf 74' lang='lat' dir='ltr'>utar?</span> <span class='ocrx_word' id='word_1_15' title='bbox 1085 360 1148 401; x_wconf 92' lang='lat' dir='ltr'>De</span> <span class='ocrx_word' id='word_1_16' title='bbox 1164 365 1279 403; x_wconf 88' lang='lat' dir='ltr'>terra</span> <span class='ocrx_word' id='word_1_17' title='bbox 1295 358 1432 401; x_wconf 82' lang='lat' dir='ltr'>erexit</span> 
     </span>
     <span class='ocr_line' id='line_1_3' title="bbox 42 427 1433 488; baseline -0.001 -15"><span class='ocrx_word' id='word_1_18' title='bbox 42 428 235 488; x_wconf 86' lang='lat' dir='ltr'>inopem,</span> <span class='ocrx_word' id='word_1_19' title='bbox 260 438 304 472; x_wconf 91' lang='lat' dir='ltr'>et</span> <span class='ocrx_word' id='word_1_20' title='bbox 324 428 379 472; x_wconf 89' lang='lat' dir='ltr'>dc</span> <span class='ocrx_word' id='word_1_21' title='bbox 401 438 588 472; x_wconf 89' lang='lat' dir='ltr'>stercore</span> <span class='ocrx_word' id='word_1_22' title='bbox 604 428 807 473; x_wconf 79' lang='lat' dir='ltr'>exaltavit</span> <span class='ocrx_word' id='word_1_23' title='bbox 828 430 1088 487; x_wconf 86' lang='lat' dir='ltr'>pauperem¹</span> <span class='ocrx_word' id='word_1_24' title='bbox 1104 448 1115 485; x_wconf 82' lang='lat'><em>3</em></span> <span class='ocrx_word' id='word_1_25' title='bbox 1133 437 1183 471; x_wconf 90' lang='lat' dir='ltr'>ut</span> <span class='ocrx_word' id='word_1_26' title='bbox 1199 427 1433 472; x_wconf 83' lang='lat' dir='ltr'>collocaret</span> 
     </span>
     <span class='ocr_line' id='line_1_4' title="bbox 43 498 1431 559; baseline -0.001 -15"><span class='ocrx_word' id='word_1_27' title='bbox 43 515 143 544; x_wconf 90' lang='lat' dir='ltr'>eum</span> <span class='ocrx_word' id='word_1_28' title='bbox 164 515 264 544; x_wconf 88' lang='lat' dir='ltr'>cum</span> <span class='ocrx_word' id='word_1_29' title='bbox 287 500 581 559; x_wconf 85' lang='lat' dir='ltr'>principibus,</span> <span class='ocrx_word' id='word_1_30' title='bbox 603 515 702 543; x_wconf 90' lang='lat' dir='ltr'>cum</span> <span class='ocrx_word' id='word_1_31' title='bbox 731 499 1002 559; x_wconf 89' lang='lat' dir='ltr'>principibus</span> <span class='ocrx_word' id='word_1_32' title='bbox 1025 498 1175 558; x_wconf 90' lang='lat' dir='ltr'>populi</span> <span class='ocrx_word' id='word_1_33' title='bbox 1199 499 1280 543; x_wconf 86' lang='lat' dir='ltr'>sui.</span> <span class='ocrx_word' id='word_1_34' title='bbox 1302 502 1431 542; x_wconf 90' lang='lat' dir='ltr'>Pros-</span> 
     </span>
     <span class='ocr_line' id='line_1_5' title="bbox 42 567 1431 628; baseline -0.003 -14"><span class='ocrx_word' id='word_1_35' title='bbox 42 578 178 619; x_wconf 87' lang='lat' dir='ltr'>tratus</span> <span class='ocrx_word' id='word_1_36' title='bbox 200 569 317 613; x_wconf 91' lang='lat' dir='ltr'>enim</span> <span class='ocrx_word' id='word_1_37' title='bbox 340 579 403 613; x_wconf 90' lang='lat' dir='ltr'>est</span> <span class='ocrx_word' id='word_1_38' title='bbox 429 569 475 612; x_wconf 91' lang='lat' dir='ltr'>in</span> <span class='ocrx_word' id='word_1_39' title='bbox 497 579 632 623; x_wconf 87' lang='lat' dir='ltr'>terra,</span> <span class='ocrx_word' id='word_1_40' title='bbox 659 579 866 628; x_wconf 87' lang='lat' dir='ltr'>tanquam</span> <span class='ocrx_word' id='word_1_41' title='bbox 898 568 1121 627; x_wconf 83' lang='lat' dir='ltr'>pinguedo</span> <span class='ocrx_word' id='word_1_42' title='bbox 1154 577 1280 611; x_wconf 83' lang='lat' dir='ltr'>terrae</span> <span class='ocrx_word' id='word_1_43' title='bbox 1300 601 1312 622; x_wconf 91' lang='lat'>,</span> <span class='ocrx_word' id='word_1_44' title='bbox 1341 567 1431 611; x_wconf 86' lang='lat' dir='ltr'>dis-</span> 
     </span>
     <span class='ocr_line' id='line_1_6' title="bbox 42 637 1430 699; baseline -0.002 -15"><span class='ocrx_word' id='word_1_45' title='bbox 42 648 197 698; x_wconf 83' lang='lat' dir='ltr'>ruptus</span> <span class='ocrx_word' id='word_1_46' title='bbox 209 648 273 683; x_wconf 90' lang='lat' dir='ltr'>est</span> <span class='ocrx_word' id='word_1_47' title='bbox 296 654 425 698; x_wconf 90' lang='lat' dir='ltr'>super</span> <span class='ocrx_word' id='word_1_48' title='bbox 447 648 605 683; x_wconf 87' lang='lat' dir='ltr'>terram</span> <span class='ocrx_word' id='word_1_49' title='bbox 626 658 634 684; x_wconf 93' lang='lat'>:</span> <span class='ocrx_word' id='word_1_50' title='bbox 659 639 718 683; x_wconf 89' lang='lat' dir='ltr'>sic</span> <span class='ocrx_word' id='word_1_51' title='bbox 729 639 867 699; x_wconf 86' lang='lat' dir='ltr'>jacuit</span> <span class='ocrx_word' id='word_1_52' title='bbox 886 638 959 682; x_wconf 91' lang='lat' dir='ltr'>ille</span> <span class='ocrx_word' id='word_1_53' title='bbox 978 642 1162 683; x_wconf 83' lang='lat' dir='ltr'><strong>Lazarus</strong></span> <span class='ocrx_word' id='word_1_54' title='bbox 1184 637 1403 682; x_wconf 91' lang='lat' dir='ltr'>ulcerosus</span> <span class='ocrx_word' id='word_1_55' title='bbox 1418 671 1430 692; x_wconf 91' lang='lat'>,</span> 
     </span>
     <span class='ocr_line' id='line_1_7' title="bbox 41 708 1431 767; baseline -0.002 -13"><span class='ocrx_word' id='word_1_56' title='bbox 41 708 117 754; x_wconf 88' lang='lat' dir='ltr'>sed</span> <span class='ocrx_word' id='word_1_57' title='bbox 152 717 299 753; x_wconf 89' lang='lat' dir='ltr'>tamen</span> <span class='ocrx_word' id='word_1_58' title='bbox 327 709 382 754; x_wconf 85' lang='lat' dir='ltr'>ab</span> <span class='ocrx_word' id='word_1_59' title='bbox 420 709 597 767; x_wconf 79' lang='lat' dir='ltr'><strong>Angelis</strong></span> <span class='ocrx_word' id='word_1_60' title='bbox 632 708 828 752; x_wconf 86' lang='lat' dir='ltr'>sublatus</span> <span class='ocrx_word' id='word_1_61' title='bbox 861 717 925 752; x_wconf 90' lang='lat' dir='ltr'>est</span> <span class='ocrx_word' id='word_1_62' title='bbox 946 709 991 751; x_wconf 92' lang='lat' dir='ltr'>in</span> <span class='ocrx_word' id='word_1_63' title='bbox 1024 708 1168 752; x_wconf 90' lang='lat' dir='ltr'>sinum</span> <span class='ocrx_word' id='word_1_64' title='bbox 1201 708 1431 752; x_wconf 73' lang='lat' dir='ltr'>Abrahae2.</span> 
     </span>
     <span class='ocr_line' id='line_1_8' title="bbox 46 779 1431 839; baseline -0.002 -18"><span class='ocrx_word' id='word_1_65' title='bbox 46 798 67 821; x_wconf 88' lang='lat'>«</span> <span class='ocrx_word' id='word_1_66' title='bbox 102 779 291 823; x_wconf 82' lang='lat' dir='ltr'>Pretiosa</span> <span class='ocrx_word' id='word_1_67' title='bbox 309 779 431 822; x_wconf 90' lang='lat' dir='ltr'>estin</span> <span class='ocrx_word' id='word_1_68' title='bbox 451 787 688 837; x_wconf 87' lang='lat' dir='ltr'>conspectu</span> <span class='ocrx_word' id='word_1_69' title='bbox 704 779 875 822; x_wconf 84' lang='lat' dir='ltr'>Domini</span> <span class='ocrx_word' id='word_1_70' title='bbox 888 793 1003 826; x_wconf 86' lang='lat' dir='ltr'>mors</span> <span class='ocrx_word' id='word_1_71' title='bbox 1016 786 1265 822; x_wconf 89' lang='lat' dir='ltr'>sanctorum</span> <span class='ocrx_word' id='word_1_72' title='bbox 1276 779 1399 839; x_wconf 70' lang='lat' dir='ltr'>ejusss.</span> <span class='ocrx_word' id='word_1_73' title='bbox 1411 795 1431 818; x_wconf 88' lang='lat'>»</span> 
     </span>
     <span class='ocr_line' id='line_1_9' title="bbox 44 847 1433 908; baseline -0.002 -14"><span class='ocrx_word' id='word_1_74' title='bbox 44 849 163 894; x_wconf 86' lang='lat' dir='ltr'>Sicut</span> <span class='ocrx_word' id='word_1_75' title='bbox 186 849 524 908; x_wconf 88' lang='lat' dir='ltr'>contemptibilis</span> <span class='ocrx_word' id='word_1_76' title='bbox 547 858 611 893; x_wconf 88' lang='lat' dir='ltr'>est</span> <span class='ocrx_word' id='word_1_77' title='bbox 631 848 790 893; x_wconf 86' lang='lat' dir='ltr'>saeculo</span> <span class='ocrx_word' id='word_1_78' title='bbox 805 884 816 904; x_wconf 90' lang='lat'>,</span> <span class='ocrx_word' id='word_1_79' title='bbox 842 849 901 892; x_wconf 90' lang='lat' dir='ltr'>ita</span> <span class='ocrx_word' id='word_1_80' title='bbox 922 849 1109 908; x_wconf 87' lang='lat' dir='ltr'>pretiosa</span> <span class='ocrx_word' id='word_1_81' title='bbox 1131 857 1194 892; x_wconf 89' lang='lat' dir='ltr'>est</span> <span class='ocrx_word' id='word_1_82' title='bbox 1216 847 1433 906; x_wconf 80' lang='lat' dir='ltr'>agricolae.</span> 
     </span>
     <span class='ocr_line' id='line_1_10' title="bbox 41 917 1439 979; baseline -0.002 -14"><span class='ocrx_word' id='word_1_83' title='bbox 41 921 171 966; x_wconf 86' lang='lat' dir='ltr'>Novit</span> <span class='ocrx_word' id='word_1_84' title='bbox 191 920 307 963; x_wconf 91' lang='lat' dir='ltr'>enim</span> <span class='ocrx_word' id='word_1_85' title='bbox 327 921 388 964; x_wconf 88' lang='lat' dir='ltr'>ibi</span> <span class='ocrx_word' id='word_1_86' title='bbox 404 920 636 965; x_wconf 74' lang='lat' dir='ltr'>utilitatem</span> <span class='ocrx_word' id='word_1_87' title='bbox 659 930 702 964; x_wconf 90' lang='lat' dir='ltr'>et</span> <span class='ocrx_word' id='word_1_88' title='bbox 719 921 899 964; x_wconf 84' lang='lat' dir='ltr'>uberem</span> <span class='ocrx_word' id='word_1_89' title='bbox 916 936 1092 965; x_wconf 88' lang='lat' dir='ltr'>succum</span> <span class='ocrx_word' id='word_1_90' title='bbox 1107 955 1118 975; x_wconf 93' lang='lat'>,</span> <span class='ocrx_word' id='word_1_91' title='bbox 1136 929 1180 964; x_wconf 89' lang='lat' dir='ltr'>et</span> <span class='ocrx_word' id='word_1_92' title='bbox 1196 920 1318 964; x_wconf 89' lang='lat' dir='ltr'>novit</span> <span class='ocrx_word' id='word_1_93' title='bbox 1330 917 1439 979; x_wconf 88' lang='lat' dir='ltr'>quid</span> 
     </span>
     <span class='ocr_line' id='line_1_11' title="bbox 43 989 1438 1049; baseline -0.002 -16"><span class='ocrx_word' id='word_1_94' title='bbox 43 989 242 1044; x_wconf 86' lang='lat' dir='ltr'>affectet,</span> <span class='ocrx_word' id='word_1_95' title='bbox 259 989 368 1049; x_wconf 86' lang='lat' dir='ltr'>quid</span> <span class='ocrx_word' id='word_1_96' title='bbox 387 990 541 1048; x_wconf 83' lang='lat' dir='ltr'>eligat,</span> <span class='ocrx_word' id='word_1_97' title='bbox 567 989 686 1034; x_wconf 86' lang='lat' dir='ltr'>unde</span> <span class='ocrx_word' id='word_1_98' title='bbox 708 1005 826 1047; x_wconf 83' lang='lat' dir='ltr'>seges</span> <span class='ocrx_word' id='word_1_99' title='bbox 850 989 1002 1034; x_wconf 83' lang='lat' dir='ltr'>fertilis</span> <span class='ocrx_word' id='word_1_100' title='bbox 1024 999 1172 1047; x_wconf 84' lang='lat' dir='ltr'>surgat</span> <span class='ocrx_word' id='word_1_101' title='bbox 1196 1009 1205 1034; x_wconf 80' lang='lat' dir='ltr'><em>z</em></span> <span class='ocrx_word' id='word_1_102' title='bbox 1231 989 1306 1033; x_wconf 91' lang='lat' dir='ltr'>sed</span> <span class='ocrx_word' id='word_1_103' title='bbox 1330 1005 1438 1033; x_wconf 51' lang='lat' dir='ltr'>con„</span> 
     </span>
     <span class='ocr_line' id='line_1_12' title="bbox 0 1058 1436 1120; baseline 0.001 -18"><span class='ocrx_word' id='word_1_104' title='bbox 0 1069 2 1101; x_wconf 69' lang='grc' dir='ltr'>ὶ</span> <span class='ocrx_word' id='word_1_105' title='bbox 42 1060 200 1103; x_wconf 87' lang='lat' dir='ltr'>temnit</span> <span class='ocrx_word' id='word_1_106' title='bbox 235 1074 331 1105; x_wconf 89' lang='lat' dir='ltr'>eam</span> <span class='ocrx_word' id='word_1_107' title='bbox 368 1060 447 1103; x_wconf 92' lang='lat' dir='ltr'>iste</span> <span class='ocrx_word' id='word_1_108' title='bbox 469 1059 704 1104; x_wconf 75' lang='lat' dir='ltr'>mundus⁴.</span> <span class='ocrx_word' id='word_1_109' title='bbox 728 1060 909 1105; x_wconf 90' lang='lat' dir='ltr'>Nescitis</span> <span class='ocrx_word' id='word_1_110' title='bbox 945 1060 1046 1120; x_wconf 88' lang='lat' dir='ltr'>quia</span> <span class='ocrx_word' id='word_1_111' title='bbox 1088 1058 1436 1118; x_wconf 82' lang='lat' dir='ltr'>contemptibilia</span> 
     </span>
     <span class='ocr_line' id='line_1_13' title="bbox 41 1127 1433 1189; baseline -0.001 -17"><span class='ocrx_word' id='word_1_112' title='bbox 41 1127 196 1173; x_wconf 89' lang='lat' dir='ltr'>mundi</span> <span class='ocrx_word' id='word_1_113' title='bbox 219 1128 350 1188; x_wconf 82' lang='lat' dir='ltr'>elegit</span> <span class='ocrx_word' id='word_1_114' title='bbox 371 1131 501 1183; x_wconf 85' lang='lat' dir='ltr'>Deus,</span> <span class='ocrx_word' id='word_1_115' title='bbox 519 1137 562 1172; x_wconf 91' lang='lat' dir='ltr'>et</span> <span class='ocrx_word' id='word_1_116' title='bbox 576 1144 622 1171; x_wconf 88' lang='lat' dir='ltr'>ea</span> <span class='ocrx_word' id='word_1_117' title='bbox 641 1144 741 1188; x_wconf 85' lang='lat' dir='ltr'>quae</span> <span class='ocrx_word' id='word_1_118' title='bbox 756 1145 845 1173; x_wconf 90' lang='lat' dir='ltr'>non</span> <span class='ocrx_word' id='word_1_119' title='bbox 857 1138 958 1175; x_wconf 89' lang='lat' dir='ltr'>sunt</span> <span class='ocrx_word' id='word_1_120' title='bbox 975 1138 1186 1189; x_wconf 85' lang='lat' dir='ltr'>tanquam</span> <span class='ocrx_word' id='word_1_121' title='bbox 1198 1144 1298 1188; x_wconf 66' lang='lat' dir='ltr'>quas</span> <span class='ocrx_word' id='word_1_122' title='bbox 1315 1137 1433 1183; x_wconf 87' lang='lat' dir='ltr'>sunt,</span> 
     </span>
     <span class='ocr_line' id='line_1_14' title="bbox 42 1200 1440 1258; baseline -0.001 -15"><span class='ocrx_word' id='word_1_123' title='bbox 42 1208 92 1243; x_wconf 92' lang='lat' dir='ltr'>ut</span> <span class='ocrx_word' id='word_1_124' title='bbox 110 1214 159 1242; x_wconf 91' lang='lat' dir='ltr'>ea</span> <span class='ocrx_word' id='word_1_125' title='bbox 181 1215 280 1258; x_wconf 85' lang='lat' dir='ltr'>quae</span> <span class='ocrx_word' id='word_1_126' title='bbox 302 1208 404 1242; x_wconf 87' lang='lat' dir='ltr'>sunt</span> <span class='ocrx_word' id='word_1_127' title='bbox 423 1200 715 1242; x_wconf 80' lang='lat' dir='ltr'>evacuentur?</span> <span class='ocrx_word' id='word_1_128' title='bbox 735 1201 796 1243; x_wconf 93' lang='lat' dir='ltr'>De</span> <span class='ocrx_word' id='word_1_129' title='bbox 815 1207 1002 1247; x_wconf 89' lang='lat' dir='ltr'>stercore</span> <span class='ocrx_word' id='word_1_130' title='bbox 1023 1207 1190 1242; x_wconf 89' lang='lat' dir='ltr'>erectus</span> <span class='ocrx_word' id='word_1_131' title='bbox 1208 1202 1378 1252; x_wconf 82' lang='lat' dir='ltr'>Petrus,</span> <span class='ocrx_word' id='word_1_132' title='bbox 1395 1207 1440 1242; x_wconf 89' lang='lat' dir='ltr'>et</span> 
     </span>
     <span class='ocr_line' id='line_1_15' title="bbox 45 1267 1440 1328; baseline 0 -16"><span class='ocrx_word' id='word_1_133' title='bbox 45 1267 224 1328; x_wconf 77' lang='lat' dir='ltr'>Paulus3</span> <span class='ocrx_word' id='word_1_134' title='bbox 244 1278 405 1312; x_wconf 90' lang='lat' dir='ltr'>etcum</span> <span class='ocrx_word' id='word_1_135' title='bbox 419 1268 722 1313; x_wconf 87' lang='lat' dir='ltr'>occiderentur</span> <span class='ocrx_word' id='word_1_136' title='bbox 735 1303 746 1322; x_wconf 93' lang='lat'>,</span> <span class='ocrx_word' id='word_1_137' title='bbox 763 1269 1186 1315; x_wconf 85' lang='lat' dir='ltr'>contemnabantur:</span> <span class='ocrx_word' id='word_1_138' title='bbox 1207 1267 1340 1313; x_wconf 89' lang='lat' dir='ltr'>modo</span> <span class='ocrx_word' id='word_1_139' title='bbox 1347 1269 1440 1328; x_wconf 86' lang='lat' dir='ltr'>jam</span> 
     </span>
     <span class='ocr_line' id='line_1_16' title="bbox 44 1339 1439 1399; baseline -0.001 -15"><span class='ocrx_word' id='word_1_140' title='bbox 44 1339 235 1399; x_wconf 84' lang='lat' dir='ltr'>saginata</span> <span class='ocrx_word' id='word_1_141' title='bbox 277 1339 380 1384; x_wconf 88' lang='lat' dir='ltr'>inde</span> <span class='ocrx_word' id='word_1_142' title='bbox 418 1349 532 1384; x_wconf 89' lang='lat' dir='ltr'>terra</span> <span class='ocrx_word' id='word_1_143' title='bbox 555 1375 566 1395; x_wconf 93' lang='lat'>,</span> <span class='ocrx_word' id='word_1_144' title='bbox 608 1349 845 1399; x_wconf 76' lang='lat' dir='ltr'>exurgente</span> <span class='ocrx_word' id='word_1_145' title='bbox 877 1349 1020 1398; x_wconf 81' lang='lat' dir='ltr'>segete</span> <span class='ocrx_word' id='word_1_146' title='bbox 1054 1339 1259 1384; x_wconf 82' lang='lat' dir='ltr'>Ecclesiae</span> <span class='ocrx_word' id='word_1_147' title='bbox 1283 1374 1294 1394; x_wconf 96' lang='lat'>,</span> <span class='ocrx_word' id='word_1_148' title='bbox 1339 1353 1439 1382; x_wconf 89' lang='lat' dir='ltr'>ecce</span> 
     </span>
     <span class='ocr_line' id='line_1_17' title="bbox 43 1409 1440 1472; baseline -0.001 -18"><span class='ocrx_word' id='word_1_149' title='bbox 43 1410 164 1472; x_wconf 88' lang='lat' dir='ltr'>quod</span> <span class='ocrx_word' id='word_1_150' title='bbox 186 1419 250 1454; x_wconf 84' lang='lat' dir='ltr'>est</span> <span class='ocrx_word' id='word_1_151' title='bbox 277 1410 426 1461; x_wconf 85' lang='lat' dir='ltr'>nobile</span> <span class='ocrx_word' id='word_1_152' title='bbox 448 1419 491 1454; x_wconf 88' lang='lat' dir='ltr'>et</span> <span class='ocrx_word' id='word_1_153' title='bbox 512 1410 787 1470; x_wconf 80' lang='lat' dir='ltr'>praecipuum</span> <span class='ocrx_word' id='word_1_154' title='bbox 817 1411 864 1453; x_wconf 90' lang='lat' dir='ltr'>in</span> <span class='ocrx_word' id='word_1_155' title='bbox 899 1409 1092 1465; x_wconf 87' lang='lat' dir='ltr'>mundo,</span> <span class='ocrx_word' id='word_1_156' title='bbox 1118 1419 1162 1453; x_wconf 91' lang='lat' dir='ltr'>et</span> <span class='ocrx_word' id='word_1_157' title='bbox 1198 1412 1440 1468; x_wconf 88' lang='lat' dir='ltr'>Imperator</span> 
     </span>
     <span class='ocr_line' id='line_1_18' title="bbox 43 1479 1439 1541; baseline -0.001 -17"><span class='ocrx_word' id='word_1_158' title='bbox 43 1481 163 1531; x_wconf 77' lang='lat' dir='ltr'>venit</span> <span class='ocrx_word' id='word_1_159' title='bbox 184 1484 367 1525; x_wconf 87' lang='lat' dir='ltr'>Romam</span> <span class='ocrx_word' id='word_1_160' title='bbox 381 1516 392 1537; x_wconf 92' lang='lat'>,</span> <span class='ocrx_word' id='word_1_161' title='bbox 413 1496 501 1541; x_wconf 88' lang='lat' dir='ltr'>quo</span> <span class='ocrx_word' id='word_1_162' title='bbox 519 1481 723 1525; x_wconf 80' lang='lat' dir='ltr'>festinat?</span> <span class='ocrx_word' id='word_1_163' title='bbox 746 1479 814 1524; x_wconf 77' lang='lat' dir='ltr'>Ad</span> <span class='ocrx_word' id='word_1_164' title='bbox 831 1480 1045 1539; x_wconf 86' lang='lat' dir='ltr'>templum</span> <span class='ocrx_word' id='word_1_165' title='bbox 1069 1480 1362 1539; x_wconf 89' lang='lat' dir='ltr'>Imperatoris,</span> <span class='ocrx_word' id='word_1_166' title='bbox 1382 1494 1439 1523; x_wconf 85' lang='lat' dir='ltr'>an</span> 
     </span>
     <span class='ocr_line' id='line_1_19' title="bbox 0 1549 1439 1611; baseline -0.003 -14"><span class='ocrx_word' id='word_1_167' title='bbox 0 1568 1 1611; x_wconf 55' lang='grc' dir='ltr'><strong>ς</strong></span> <span class='ocrx_word' id='word_1_168' title='bbox 45 1552 100 1597; x_wconf 85' lang='lat' dir='ltr'>ad</span> <span class='ocrx_word' id='word_1_169' title='bbox 138 1552 392 1596; x_wconf 87' lang='lat' dir='ltr'>memoriam</span> <span class='ocrx_word' id='word_1_170' title='bbox 419 1552 675 1596; x_wconf 79' lang='lat' dir='ltr'>Piscatoris?</span> <span class='ocrx_word' id='word_1_171' title='bbox 702 1570 722 1593; x_wconf 86' lang='lat'>‹&lt;</span> <span class='ocrx_word' id='word_1_172' title='bbox 759 1552 881 1596; x_wconf 88' lang='lat' dir='ltr'>Sicut</span> <span class='ocrx_word' id='word_1_173' title='bbox 902 1551 1017 1595; x_wconf 93' lang='lat' dir='ltr'>enim</span> <span class='ocrx_word' id='word_1_174' title='bbox 1051 1549 1289 1595; x_wconf 83' lang='lat' dir='ltr'>crassitudo</span> <span class='ocrx_word' id='word_1_175' title='bbox 1314 1559 1439 1594; x_wconf 84' lang='lat' dir='ltr'>terrae</span> 
     </span>
     <span class='ocr_line' id='line_1_20' title="bbox 0 1609 1439 1682; baseline 0 -19"><span class='ocrx_word' id='word_1_176' title='bbox 0 1609 8 1679; x_wconf 53' lang='grc' dir='ltr'>ξ’</span> <span class='ocrx_word' id='word_1_177' title='bbox 47 1640 67 1664; x_wconf 87' lang='lat'>»</span> <span class='ocrx_word' id='word_1_178' title='bbox 101 1622 297 1681; x_wconf 87' lang='lat' dir='ltr'>disrupta</span> <span class='ocrx_word' id='word_1_179' title='bbox 313 1631 376 1666; x_wconf 90' lang='lat' dir='ltr'>est</span> <span class='ocrx_word' id='word_1_180' title='bbox 396 1637 526 1681; x_wconf 88' lang='lat' dir='ltr'>super</span> <span class='ocrx_word' id='word_1_181' title='bbox 543 1631 698 1666; x_wconf 91' lang='lat' dir='ltr'>terram</span> <span class='ocrx_word' id='word_1_182' title='bbox 717 1657 728 1676; x_wconf 90' lang='lat'>,</span> <span class='ocrx_word' id='word_1_183' title='bbox 749 1621 952 1681; x_wconf 88' lang='lat' dir='ltr'>dissipata</span> <span class='ocrx_word' id='word_1_184' title='bbox 966 1630 1068 1666; x_wconf 88' lang='lat' dir='ltr'>sunt</span> <span class='ocrx_word' id='word_1_185' title='bbox 1078 1620 1439 1682; x_wconf 80' lang='lat' dir='ltr'>juxtainfernum</span> 
     </span>
     <span class='ocr_line' id='line_1_21' title="bbox 0 1682 440 1744; baseline 0.002 -10"><span class='ocrx_word' id='word_1_186' title='bbox 0 1682 3 1744; x_wconf 57' lang='lat' dir='ltr'>i</span> <span class='ocrx_word' id='word_1_187' title='bbox 46 1710 66 1734; x_wconf 82' lang='grc'>»</span> <span class='ocrx_word' id='word_1_188' title='bbox 102 1708 196 1737; x_wconf 92' lang='lat' dir='ltr'>ossa</span> <span class='ocrx_word' id='word_1_189' title='bbox 218 1701 382 1736; x_wconf 85' lang='lat' dir='ltr'>nostra.</span> <span class='ocrx_word' id='word_1_190' title='bbox 422 1712 440 1732; x_wconf 92' lang='lat'>»</span> 
     </span>
     <span class='ocr_line' id='line_1_22' title="bbox 1 1753 1442 1820; baseline -0.002 -14"><span class='ocrx_word' id='word_1_191' title='bbox 1 1753 3 1819; x_wconf 38' lang='lat' dir='ltr'>s</span> <span class='ocrx_word' id='word_1_192' title='bbox 100 1765 247 1807; x_wconf 83' lang='lat' dir='ltr'><strong>XXII.</strong></span> <span class='ocrx_word' id='word_1_193' title='bbox 279 1781 299 1804; x_wconf 89' lang='lat'>«</span> <span class='ocrx_word' id='word_1_194' title='bbox 321 1762 539 1815; x_wconf 86' lang='lat' dir='ltr'>Quoniam</span> <span class='ocrx_word' id='word_1_195' title='bbox 561 1762 616 1806; x_wconf 88' lang='lat' dir='ltr'>ad</span> <span class='ocrx_word' id='word_1_196' title='bbox 631 1771 689 1816; x_wconf 91' lang='lat' dir='ltr'>te,</span> <span class='ocrx_word' id='word_1_197' title='bbox 714 1762 922 1817; x_wconf 83' lang='lat' dir='ltr'>Domine,</span> <span class='ocrx_word' id='word_1_198' title='bbox 949 1761 1066 1806; x_wconf 89' lang='lat' dir='ltr'>oculi</span> <span class='ocrx_word' id='word_1_199' title='bbox 1088 1762 1197 1816; x_wconf 89' lang='lat' dir='ltr'>mei,</span> <span class='ocrx_word' id='word_1_200' title='bbox 1217 1761 1263 1804; x_wconf 90' lang='lat' dir='ltr'>in</span> <span class='ocrx_word' id='word_1_201' title='bbox 1277 1769 1320 1804; x_wconf 91' lang='lat' dir='ltr'>te</span> <span class='ocrx_word' id='word_1_202' title='bbox 1342 1775 1442 1820; x_wconf 89' lang='lat' dir='ltr'>spe-</span> 
     </span>
     <span class='ocr_line' id='line_1_23' title="bbox 46 1832 1443 1889; baseline 0 -14"><span class='ocrx_word' id='word_1_203' title='bbox 46 1850 67 1875; x_wconf 85' lang='lat'>»</span> <span class='ocrx_word' id='word_1_204' title='bbox 101 1833 214 1889; x_wconf 84' lang='lat' dir='ltr'>ravi,</span> <span class='ocrx_word' id='word_1_205' title='bbox 237 1849 292 1879; x_wconf 93' lang='lat' dir='ltr'>ne</span> <span class='ocrx_word' id='word_1_206' title='bbox 314 1834 483 1879; x_wconf 87' lang='lat' dir='ltr'>auferas</span> <span class='ocrx_word' id='word_1_207' title='bbox 508 1834 696 1877; x_wconf 86' lang='lat' dir='ltr'>animam</span> <span class='ocrx_word' id='word_1_208' title='bbox 719 1835 908 1876; x_wconf 81' lang='lat' dir='ltr'>meam5.</span> <span class='ocrx_word' id='word_1_209' title='bbox 937 1852 957 1874; x_wconf 72' lang='lat' dir='ltr'>n</span> <span class='ocrx_word' id='word_1_210' title='bbox 984 1833 1177 1878; x_wconf 84' lang='lat' dir='ltr'>Cruciati</span> <span class='ocrx_word' id='word_1_211' title='bbox 1198 1841 1301 1876; x_wconf 90' lang='lat' dir='ltr'>sunt</span> <span class='ocrx_word' id='word_1_212' title='bbox 1325 1832 1443 1875; x_wconf 88' lang='lat' dir='ltr'>enim</span> 
     </span>
     <span class='ocr_line' id='line_1_24' title="bbox 0 1896 1443 1963; baseline -0.001 -15"><span class='ocrx_word' id='word_1_213' title='bbox 0 1896 12 1952; x_wconf 64' lang='lat' dir='ltr'>i*</span> <span class='ocrx_word' id='word_1_214' title='bbox 42 1903 86 1949; x_wconf 89' lang='lat' dir='ltr'>in</span> <span class='ocrx_word' id='word_1_215' title='bbox 120 1904 494 1963; x_wconf 83' lang='lat' dir='ltr'>persecutionibus</span> <span class='ocrx_word' id='word_1_216' title='bbox 510 1939 521 1958; x_wconf 94' lang='lat'>,</span> <span class='ocrx_word' id='word_1_217' title='bbox 546 1913 590 1947; x_wconf 89' lang='lat' dir='ltr'>et</span> <span class='ocrx_word' id='word_1_218' title='bbox 610 1903 738 1947; x_wconf 87' lang='lat' dir='ltr'>multi</span> <span class='ocrx_word' id='word_1_219' title='bbox 760 1901 1030 1947; x_wconf 86' lang='lat' dir='ltr'>defecerunt.</span> <span class='ocrx_word' id='word_1_220' title='bbox 1064 1906 1120 1947; x_wconf 91' lang='lat' dir='ltr'>Et</span> <span class='ocrx_word' id='word_1_221' title='bbox 1142 1903 1245 1963; x_wconf 89' lang='lat' dir='ltr'>quia</span> <span class='ocrx_word' id='word_1_222' title='bbox 1268 1901 1323 1947; x_wconf 90' lang='lat' dir='ltr'>de</span> <span class='ocrx_word' id='word_1_223' title='bbox 1343 1917 1443 1961; x_wconf 90' lang='lat' dir='ltr'>cap-</span> 
     </span>
     <span class='ocr_line' id='line_1_25' title="bbox 0 1946 1444 2033; baseline -0.002 -15"><span class='ocrx_word' id='word_1_224' title='bbox 0 1946 13 2019; x_wconf 63' lang='lat' dir='ltr'>il,</span> <span class='ocrx_word' id='word_1_225' title='bbox 45 1972 208 2018; x_wconf 85' lang='lat' dir='ltr'>tivitate</span> <span class='ocrx_word' id='word_1_226' title='bbox 228 1974 538 2033; x_wconf 89' lang='lat' dir='ltr'>persecutionis</span> <span class='ocrx_word' id='word_1_227' title='bbox 561 1973 691 2028; x_wconf 82' lang='lat' dir='ltr'>dixit,</span> <span class='ocrx_word' id='word_1_228' title='bbox 721 1992 741 2015; x_wconf 89' lang='lat'>«</span> <span class='ocrx_word' id='word_1_229' title='bbox 769 1973 889 2017; x_wconf 87' lang='lat' dir='ltr'>Sicut</span> <span class='ocrx_word' id='word_1_230' title='bbox 921 1972 1164 2031; x_wconf 85' lang='lat' dir='ltr'>crassitudo</span> <span class='ocrx_word' id='word_1_231' title='bbox 1196 1982 1320 2016; x_wconf 82' lang='lat' dir='ltr'>terrae</span> <span class='ocrx_word' id='word_1_232' title='bbox 1354 1972 1444 2016; x_wconf 90' lang='lat' dir='ltr'>dis-</span> 
     </span>
     <span class='ocr_line' id='line_1_26' title="bbox 0 2024 1441 2103; baseline -0.001 -17"><span class='ocrx_word' id='word_1_233' title='bbox 0 2024 14 2097; x_wconf 52' lang='lat'>÷¹</span> <span class='ocrx_word' id='word_1_234' title='bbox 48 2062 68 2086; x_wconf 85' lang='lat'>»</span> <span class='ocrx_word' id='word_1_235' title='bbox 101 2053 229 2103; x_wconf 85' lang='lat' dir='ltr'>rupta</span> <span class='ocrx_word' id='word_1_236' title='bbox 251 2053 314 2088; x_wconf 91' lang='lat' dir='ltr'>est</span> <span class='ocrx_word' id='word_1_237' title='bbox 335 2060 466 2103; x_wconf 87' lang='lat' dir='ltr'>super</span> <span class='ocrx_word' id='word_1_238' title='bbox 495 2053 676 2094; x_wconf 88' lang='lat' dir='ltr'>terram,</span> <span class='ocrx_word' id='word_1_239' title='bbox 701 2042 903 2102; x_wconf 89' lang='lat' dir='ltr'>dissipata</span> <span class='ocrx_word' id='word_1_240' title='bbox 934 2053 1036 2088; x_wconf 89' lang='lat' dir='ltr'>sunt</span> <span class='ocrx_word' id='word_1_241' title='bbox 1067 2044 1194 2103; x_wconf 83' lang='lat' dir='ltr'>juxta</span> <span class='ocrx_word' id='word_1_242' title='bbox 1217 2042 1441 2086; x_wconf 85' lang='lat' dir='ltr'>infernum</span> 
     </span>
     <span class='ocr_line' id='line_1_27' title="bbox 0 2112 1444 2172; baseline 0.001 -18"><span class='ocrx_word' id='word_1_243' title='bbox 0 2120 9 2154; x_wconf 62' lang='lat' dir='ltr'>t</span> <span class='ocrx_word' id='word_1_244' title='bbox 49 2132 70 2156; x_wconf 91' lang='lat'>»</span> <span class='ocrx_word' id='word_1_245' title='bbox 103 2130 197 2159; x_wconf 89' lang='lat' dir='ltr'>ossa</span> <span class='ocrx_word' id='word_1_246' title='bbox 219 2125 365 2160; x_wconf 88' lang='lat' dir='ltr'>nostra</span> <span class='ocrx_word' id='word_1_247' title='bbox 391 2135 400 2160; x_wconf 76' lang='grc' dir='ltr'>ε</span> <span class='ocrx_word' id='word_1_248' title='bbox 424 2133 444 2156; x_wconf 92' lang='lat'>»</span> <span class='ocrx_word' id='word_1_249' title='bbox 465 2114 655 2160; x_wconf 90' lang='lat' dir='ltr'>occurrit</span> <span class='ocrx_word' id='word_1_250' title='bbox 673 2112 834 2160; x_wconf 90' lang='lat' dir='ltr'>multos</span> <span class='ocrx_word' id='word_1_251' title='bbox 861 2112 1071 2158; x_wconf 87' lang='lat' dir='ltr'>defecisse</span> <span class='ocrx_word' id='word_1_252' title='bbox 1089 2123 1132 2157; x_wconf 92' lang='lat' dir='ltr'>et</span> <span class='ocrx_word' id='word_1_253' title='bbox 1153 2112 1315 2164; x_wconf 88' lang='lat' dir='ltr'>multos</span> <span class='ocrx_word' id='word_1_254' title='bbox 1333 2113 1444 2172; x_wconf 88' lang='lat' dir='ltr'>peri-</span> 
     </span>
     <span class='ocr_line' id='line_1_28' title="bbox 0 2183 1443 2245; baseline -0.001 -17"><span class='ocrx_word' id='word_1_255' title='bbox 0 2201 9 2230; x_wconf 69' lang='lat'>:</span> <span class='ocrx_word' id='word_1_256' title='bbox 47 2184 215 2230; x_wconf 85' lang='lat' dir='ltr'>clitatos</span> <span class='ocrx_word' id='word_1_257' title='bbox 244 2201 359 2240; x_wconf 91' lang='lat' dir='ltr'>esse,</span> <span class='ocrx_word' id='word_1_258' title='bbox 386 2194 429 2229; x_wconf 91' lang='lat' dir='ltr'>et</span> <span class='ocrx_word' id='word_1_259' title='bbox 462 2194 672 2245; x_wconf 85' lang='lat' dir='ltr'>tanquam</span> <span class='ocrx_word' id='word_1_260' title='bbox 696 2184 743 2227; x_wconf 94' lang='lat' dir='ltr'>in</span> <span class='ocrx_word' id='word_1_261' title='bbox 773 2183 923 2228; x_wconf 89' lang='lat' dir='ltr'>mediis</span> <span class='ocrx_word' id='word_1_262' title='bbox 951 2183 1309 2228; x_wconf 90' lang='lat' dir='ltr'>tribulationibus</span> <span class='ocrx_word' id='word_1_263' title='bbox 1344 2199 1443 2243; x_wconf 92' lang='lat' dir='ltr'>per-</span> 
     </span>
     <span class='ocr_line' id='line_1_29' title="bbox 0 2253 1441 2314; baseline -0.001 -17"><span class='ocrx_word' id='word_1_264' title='bbox 0 2275 9 2296; x_wconf 71' lang='lat'><strong>&gt;</strong></span> <span class='ocrx_word' id='word_1_265' title='bbox 47 2256 320 2300; x_wconf 86' lang='lat' dir='ltr'>secutionum</span> <span class='ocrx_word' id='word_1_266' title='bbox 350 2256 502 2299; x_wconf 87' lang='lat' dir='ltr'>emissa</span> <span class='ocrx_word' id='word_1_267' title='bbox 530 2265 595 2299; x_wconf 89' lang='lat' dir='ltr'>est</span> <span class='ocrx_word' id='word_1_268' title='bbox 616 2270 699 2299; x_wconf 85' lang='lat' dir='ltr'>vox</span> <span class='ocrx_word' id='word_1_269' title='bbox 721 2254 939 2314; x_wconf 88' lang='lat' dir='ltr'>precantis</span> <span class='ocrx_word' id='word_1_270' title='bbox 959 2290 971 2310; x_wconf 83' lang='lat'>,</span> <span class='ocrx_word' id='word_1_271' title='bbox 1007 2273 1027 2296; x_wconf 90' lang='lat'>«</span> <span class='ocrx_word' id='word_1_272' title='bbox 1049 2254 1265 2308; x_wconf 89' lang='lat' dir='ltr'>Quoniam</span> <span class='ocrx_word' id='word_1_273' title='bbox 1288 2253 1342 2297; x_wconf 85' lang='lat' dir='ltr'>ad</span> <span class='ocrx_word' id='word_1_274' title='bbox 1376 2262 1441 2308; x_wconf 85' lang='lat' dir='ltr'>te,</span> 
     </span>
     <span class='ocr_line' id='line_1_30' title="bbox 7 2323 1444 2388; baseline 0 -22"><span class='ocrx_word' id='word_1_275' title='bbox 7 2344 11 2388; x_wconf 66' lang='lat'>⁴,</span> <span class='ocrx_word' id='word_1_276' title='bbox 52 2343 71 2366; x_wconf 87' lang='lat'>»</span> <span class='ocrx_word' id='word_1_277' title='bbox 106 2326 309 2380; x_wconf 85' lang='lat' dir='ltr'>Domine,</span> <span class='ocrx_word' id='word_1_278' title='bbox 337 2324 453 2369; x_wconf 89' lang='lat' dir='ltr'>oculi</span> <span class='ocrx_word' id='word_1_279' title='bbox 472 2325 570 2368; x_wconf 89' lang='lat' dir='ltr'>mei.</span> <span class='ocrx_word' id='word_1_280' title='bbox 592 2327 729 2369; x_wconf 86' lang='lat' dir='ltr'>»Non</span> <span class='ocrx_word' id='word_1_281' title='bbox 750 2340 855 2368; x_wconf 90' lang='lat' dir='ltr'>curo</span> <span class='ocrx_word' id='word_1_282' title='bbox 877 2323 985 2384; x_wconf 90' lang='lat' dir='ltr'>quid</span> <span class='ocrx_word' id='word_1_283' title='bbox 1012 2324 1236 2370; x_wconf 86' lang='lat' dir='ltr'>minentur</span> <span class='ocrx_word' id='word_1_284' title='bbox 1264 2323 1339 2380; x_wconf 86' lang='lat' dir='ltr'>qui</span> <span class='ocrx_word' id='word_1_285' title='bbox 1358 2323 1444 2367; x_wconf 91' lang='lat' dir='ltr'>cir-</span> 
     </span>
     <span class='ocr_line' id='line_1_31' title="bbox 0 2393 1445 2452; baseline -0.003 -12"><span class='ocrx_word' id='word_1_286' title='bbox 0 2413 11 2426; x_wconf 38' lang='grc' dir='ltr'><em>υ</em></span> <span class='ocrx_word' id='word_1_287' title='bbox 50 2404 292 2440; x_wconf 85' lang='lat' dir='ltr'>cumstant:</span> <span class='ocrx_word' id='word_1_288' title='bbox 314 2414 333 2436; x_wconf 90' lang='lat'>«</span> <span class='ocrx_word' id='word_1_289' title='bbox 352 2395 418 2439; x_wconf 76' lang='lat' dir='ltr'>Ad</span> <span class='ocrx_word' id='word_1_290' title='bbox 440 2404 483 2438; x_wconf 89' lang='lat' dir='ltr'>te</span> <span class='ocrx_word' id='word_1_291' title='bbox 500 2430 511 2449; x_wconf 96' lang='lat'>,</span> <span class='ocrx_word' id='word_1_292' title='bbox 528 2395 726 2449; x_wconf 90' lang='lat' dir='ltr'>Domine,</span> <span class='ocrx_word' id='word_1_293' title='bbox 745 2394 862 2438; x_wconf 93' lang='lat' dir='ltr'>oculi</span> <span class='ocrx_word' id='word_1_294' title='bbox 883 2394 982 2438; x_wconf 89' lang='lat' dir='ltr'>mei.</span> <span class='ocrx_word' id='word_1_295' title='bbox 999 2394 1134 2438; x_wconf 90' lang='lat' dir='ltr'>»Plus</span> <span class='ocrx_word' id='word_1_296' title='bbox 1157 2394 1245 2452; x_wconf 86' lang='lat' dir='ltr'>figo</span> <span class='ocrx_word' id='word_1_297' title='bbox 1266 2393 1445 2437; x_wconf 88' lang='lat' dir='ltr'>oculum</span> 
     </span>
     <span class='ocr_line' id='line_1_32' title="bbox 2 2461 1445 2605; baseline -0.002 -97"><span class='ocrx_word' id='word_1_298' title='bbox 2 2467 22 2605; x_wconf 56' lang='grc' dir='ltr'>Ἰ</span> <span class='ocrx_word' id='word_1_299' title='bbox 50 2480 195 2509; x_wconf 87' lang='lat' dir='ltr'>meum</span> <span class='ocrx_word' id='word_1_300' title='bbox 216 2465 262 2508; x_wconf 87' lang='lat' dir='ltr'>in</span> <span class='ocrx_word' id='word_1_301' title='bbox 284 2465 501 2525; x_wconf 89' lang='lat' dir='ltr'>promissis</span> <span class='ocrx_word' id='word_1_302' title='bbox 518 2465 602 2508; x_wconf 92' lang='lat' dir='ltr'>tuis</span> <span class='ocrx_word' id='word_1_303' title='bbox 623 2499 633 2519; x_wconf 94' lang='lat'>,</span> <span class='ocrx_word' id='word_1_304' title='bbox 657 2479 789 2524; x_wconf 90' lang='lat' dir='ltr'>quam</span> <span class='ocrx_word' id='word_1_305' title='bbox 801 2464 848 2507; x_wconf 88' lang='lat' dir='ltr'>in</span> <span class='ocrx_word' id='word_1_306' title='bbox 869 2465 996 2508; x_wconf 91' lang='lat' dir='ltr'>minis</span> <span class='ocrx_word' id='word_1_307' title='bbox 1018 2479 1186 2508; x_wconf 85' lang='lat' dir='ltr'>eorum.</span> <span class='ocrx_word' id='word_1_308' title='bbox 1206 2462 1314 2508; x_wconf 88' lang='lat' dir='ltr'>Novi</span> <span class='ocrx_word' id='word_1_309' title='bbox 1335 2461 1445 2522; x_wconf 90' lang='lat' dir='ltr'>quid</span> 
     </span>
    </p>
   </div>
   <div class='ocr_carea' id='block_1_3' title="bbox 6 2556 1442 2660">
    <p class='ocr_par' dir='ltr' id='par_1_3' title="bbox 6 2556 1442 2660">
     <span class='ocr_line' id='line_1_33' title="bbox 97 2556 1442 2603; baseline -0.002 -10"><span class='ocrx_word' id='word_1_310' title='bbox 97 2567 106 2584; x_wconf 84' lang='lat'><strong>¹</strong></span> <span class='ocrx_word' id='word_1_311' title='bbox 123 2561 204 2593; x_wconf 87' lang='lat' dir='ltr'>Psal.</span> <span class='ocrx_word' id='word_1_312' title='bbox 222 2572 285 2603; x_wconf 74' lang='lat' dir='ltr'>cn,</span> <span class='ocrx_word' id='word_1_313' title='bbox 304 2572 335 2603; x_wconf 86' lang='lat'>7.</span> <span class='ocrx_word' id='word_1_314' title='bbox 354 2578 397 2584; x_wconf 89' lang='lat'>—</span> <span class='ocrx_word' id='word_1_315' title='bbox 416 2568 429 2584; x_wconf 87' lang='lat'><em>2</em></span> <span class='ocrx_word' id='word_1_316' title='bbox 444 2563 520 2594; x_wconf 89' lang='lat' dir='ltr'>Luc.</span> <span class='ocrx_word' id='word_1_317' title='bbox 542 2571 607 2602; x_wconf 76' lang='lat' dir='ltr'>xvi,</span> <span class='ocrx_word' id='word_1_318' title='bbox 627 2568 746 2593; x_wconf 81' lang='lat'>20-22.</span> <span class='ocrx_word' id='word_1_319' title='bbox 768 2576 810 2582; x_wconf 94' lang='lat'>-</span> <span class='ocrx_word' id='word_1_320' title='bbox 830 2558 843 2582; x_wconf 80' lang='lat'><em>3</em></span> <span class='ocrx_word' id='word_1_321' title='bbox 858 2559 940 2592; x_wconf 85' lang='lat' dir='ltr'>Psal.</span> <span class='ocrx_word' id='word_1_322' title='bbox 959 2570 1034 2601; x_wconf 84' lang='lat' dir='ltr'>cxv,</span> <span class='ocrx_word' id='word_1_323' title='bbox 1054 2556 1106 2592; x_wconf 85' lang='lat'>15.</span> <span class='ocrx_word' id='word_1_324' title='bbox 1123 2576 1165 2583; x_wconf 90' lang='grc'>-</span> <span class='ocrx_word' id='word_1_325' title='bbox 1183 2557 1201 2590; x_wconf 83' lang='grc'>4</span> <span class='ocrx_word' id='word_1_326' title='bbox 1222 2570 1234 2592; x_wconf 91' lang='lat'>1</span> <span class='ocrx_word' id='word_1_327' title='bbox 1257 2560 1330 2592; x_wconf 89' lang='lat' dir='ltr'>Cor.</span> <span class='ocrx_word' id='word_1_328' title='bbox 1348 2568 1372 2599; x_wconf 85' lang='lat'>1,</span> <span class='ocrx_word' id='word_1_329' title='bbox 1386 2559 1442 2591; x_wconf 83' lang='lat'>28.</span> 
     </span>
     <span class='ocr_line' id='line_1_34' title="bbox 6 2616 362 2660; baseline 0 -10"><span class='ocrx_word' id='word_1_330' title='bbox 6 2634 15 2639; x_wconf 39' lang='lat' dir='ltr'>a</span> <span class='ocrx_word' id='word_1_331' title='bbox 52 2616 121 2641; x_wconf 88' lang='lat'>—5</span> <span class='ocrx_word' id='word_1_332' title='bbox 139 2618 221 2651; x_wconf 83' lang='lat' dir='ltr'>Psal.</span> <span class='ocrx_word' id='word_1_333' title='bbox 241 2629 312 2660; x_wconf 72' lang='lat' dir='ltr'>ext,</span> <span class='ocrx_word' id='word_1_334' title='bbox 329 2618 362 2650; x_wconf 87' lang='lat'>8.</span> 
     </span>
    </p>
   </div>
   <div class='ocr_carea' id='block_1_4' title="bbox 20 2617 26 2851">
    <p class='ocr_par' dir='ltr' id='par_1_4' title="bbox 20 2617 26 2851">
     <span class='ocr_line' id='line_1_35' title="bbox 20 2617 26 2851; baseline 0 402"><span class='ocrx_word' id='word_1_335' title='bbox 20 2617 26 2851; x_wconf 95' lang='lat' dir='ltr'> </span> 
     </span>
    </p>
   </div>
  </div>
 </body>
</html>
