1815 3253
407 204 650 234 numm-1⁸10
681 207 727 234 nv
759 207 963 234 PSALMUM
994 207 1172 233 cxxxiv.
1384 194 1462 232 231

82 271 157 332 qui
179 286 267 315 non
291 285 433 331 posses
458 270 512 315 ad
530 274 686 326 Deum,
702 287 780 331 per
795 270 1017 316 hominem
1036 270 1205 315 venires
1227 269 1281 313 ad
1298 272 1438 314 Deum
1457 290 1465 315 :

82 349 125 385 et
144 340 286 385 factus
308 350 371 385 cst
406 341 620 386 mediator
641 342 716 385 nei
741 350 782 386 et
820 341 1070 395 hominum,
1106 339 1240 384 homo
1274 341 1471 385 Christus

26 455 27 458 ,
82 407 204 456 Jesus
225 412 254 454 ¹.
283 411 366 457 Sed
389 412 422 454 si
440 412 572 456 homo
595 411 735 456 solum
758 421 882 466 esset,
911 412 994 455 hoc
1017 409 1240 470 sequendo
1262 410 1383 469 quod
1407 426 1466 466 es,

80 498 306 543 nunquam
332 484 575 543 pervenires
603 503 611 528 2
644 484 677 528 si
696 487 810 529 Deus
833 482 974 527 solum
997 490 1105 525 esset
1122 516 1134 536 ,
1160 496 1249 525 non
1268 496 1470 541 eompre-

21 576 27 584 ‹
78 552 313 598 hendendo
335 553 455 613 quod
479 569 567 598 non
590 570 654 609 es,
681 568 908 614 nunquam
929 551 1176 612 pervenires
1204 571 1212 596 :
1240 554 1354 599 Deus
1380 549 1472 596 sac-

76 630 149 678 Jtus
182 631 244 667 est
275 623 407 667 horno
428 659 438 678 ‚
475 633 524 668 ut
556 624 780 668 hominem
803 623 1027 683 sequendo
1045 657 1056 677 ‚
1097 621 1218 682 quod
1241 630 1388 681 potes,
1415 621 1494 666 ads

77 682 217 737 heum
255 693 478 753 pervenias
498 729 508 748 ‚
545 695 665 753 quod
698 709 787 738 non
809 703 994 753 poteras.
1023 695 1119 753 lpse
1142 701 1206 737 est
1227 691 1442 737 mediator
1457 728 1467 748 ,

20 782 23 808 :
79 763 181 808 inde
210 763 351 808 factus
379 774 441 808 est
472 765 628 809 suavis.
671 764 786 819 Quid
821 764 993 809 suavius
1024 779 1137 824 pane
1166 763 1472 822 Angelorum?

80 835 311 888 Quomodo
330 851 417 878 non
441 845 504 880 est
526 836 667 881 suavis
688 836 898 880 Dominus
915 871 925 891 ,
951 834 1128 894 quando
1151 850 1307 895 panem
1331 838 1469 893 Ange-

15 905 21 939 ’ἶ
75 904 217 950 lorum
250 904 530 950 manducavit
562 907 695 951 horno
713 909 762 949 2?
792 909 890 952 Non
912 907 1029 950 enim
1062 904 1239 950 aliunde
1260 905 1366 950 vivit
1389 907 1472 950 ho-

79 990 153 1020 mo
170 1011 180 1027 ‚
212 985 255 1019 et
282 975 460 1019 aliunde
488 976 596 1020 vivit
629 976 836 1035 Angelus.
878 980 975 1036 Ipsa
997 985 1060 1020 est
1080 976 1236 1021 veritas
1254 1011 1264 1031 ‚
1290 976 1379 1035 ipsa
1409 985 1472 1020 est

80 1046 308 1106 sapientia,
335 1046 426 1106 ipsa
448 1053 511 1090 e'st
533 1046 670 1090 virtus
689 1047 768 1090 Dei
795 1066 803 1091 :
824 1047 899 1090 sed
916 1045 1141 1107 quomodo
1163 1061 1212 1090 ea
1234 1045 1474 1105 perfruun—

14 1164 17 1166 ,
80 1126 152 1162 tur
170 1115 323 1176 Angeli
346 1125 395 1161 tu
419 1132 508 1161 non
526 1126 663 1176 potes.
690 1115 759 1160 Illi
782 1118 897 1161 enim
915 1117 1139 1177 quomodo
1158 1115 1473 1176 perfruuntur?

83 1187 217 1232 Sicuti
245 1195 309 1231 est
324 1222 335 1242 ‚
361 1205 380 1229 «
407 1190 459 1231 In
480 1187 696 1247 principio
719 1196 810 1232 erat
845 1187 1035 1232 Verbum
1053 1223 1064 1243 ,
1100 1196 1144 1232 et
1166 1188 1363 1232 Verbum
1382 1196 1473 1231 erat

82 1275 103 1299 »
138 1257 256 1317 apud
290 1260 454 1311 Deum,
496 1267 539 1302 et
573 1261 686 1301 Deus
721 1266 813 1302 erat
851 1258 1046 1302 Verbum
1066 1294 1077 1313 ,
1119 1273 1196 1319 per
1216 1257 1338 1318 quod
1359 1256 1474 1302 facta

83 1346 103 1369 »
139 1336 241 1372 sunt
274 1327 419 1371 omnia
435 1329 466 1370 ³.
498 1345 516 1369 n
545 1331 610 1371 Tu
633 1337 780 1372 autem
805 1328 1029 1388 quomodo
1059 1328 1308 1387 contingis?
1329 1328 1440 1382 Quia
1460 1363 1471 1383 ‚

83 1417 103 1441 «
138 1399 334 1443 Verbum
362 1414 462 1443 caro
502 1397 665 1443 factum
702 1408 792 1454 est,
818 1408 862 1443 et
894 1399 1109 1444 habitavit
1133 1400 1177 1443 in
1202 1399 1343 1444 nobis.
1370 1417 1392 1440 >›
1419 1401 1476 1444 Ut

80 1470 195 1513 enim
217 1473 373 1530 panem
398 1469 668 1528 Angelorum
691 1469 977 1515 manducaret
992 1471 1148 1524 homo,
1179 1471 1359 1515 Creator
1381 1472 1475 1514 An-

79 1538 273 1598 gelorum
298 1538 437 1583 faetus
475 1548 538 1583 est
568 1540 716 1583 homo.
751 1558 772 1581 «
798 1538 975 1584 Psallite
1007 1555 1111 1598 ergo
1148 1539 1315 1583 nomini
1345 1539 1436 1599 ejus
1459 1574 1471 1593 ‚

80 1627 104 1651 ³)
138 1609 344 1670 quoniam
361 1610 499 1653 suavis
516 1619 592 1654 est.
622 1627 641 1651 »
671 1609 714 1654 Si
736 1609 938 1668 gustastis
957 1645 968 1665 ,
988 1608 1161 1669 psallite
1182 1630 1193 1667 3
1219 1609 1253 1653 si
1274 1609 1475 1668 gustastis

80 1690 211 1741 'quam
239 1676 380 1724 suavis
405 1689 468 1724 est
503 1681 712 1725 Dominus
729 1716 740 1735 ‚
770 1680 972 1741 psallite3
1007 1682 1041 1725 si
1074 1681 1187 1725 bene
1220 1680 1334 1740 sapit
1355 1680 1478 1741 quod

81 1751 303 1810 gustastis,
323 1749 516 1794 laudate.
540 1751 640 1803 Quis
671 1759 760 1794 tam
784 1751 978 1809 ingratus
1003 1761 1066 1795 est
1089 1750 1159 1795 vel
1180 1751 1388 1811 coquenti
1408 1750 1478 1794 vel

80 1818 272 1882 pascenti
290 1857 300 1875 ‚
330 1830 376 1865 ut
399 1836 500 1865 cum
523 1820 656 1865 fuerit
678 1820 906 1881 pulmento
929 1821 1078 1882 aliquo
1096 1820 1340 1866 delectatus
1355 1856 1366 1877 ,
1387 1836 1478 1866 non

75 1891 234 1937 reddat
257 1892 438 1951 gratiam
461 1891 684 1936 laudando
706 1891 827 1952 quod
851 1901 995 1951 gustat
1013 1894 1032 1936 Ρ
1070 1893 1114 1938 Si
1137 1891 1192 1936 de
1213 1893 1279 1936 his
1301 1907 1391 1936 non
1413 1901 1478 1936 ta-

11 1986 15 1992 ·
76 1956 226 2008 ‘cemus
243 1998 253 2017 ‚
280 1961 334 2006 de
357 1960 433 2007 illo
455 1962 530 2022 qui
554 1961 676 2007 dedit
698 1963 842 2006 omnia
862 1963 1141 2007 tacebimus?
1165 1981 1185 2004 «
1207 1961 1381 2007 Psallite
1402 1977 1477 2006 no-

72 2035 104 2075 'n
136 2033 242 2077 mini
265 2034 357 2094 ejus
375 2068 385 2087 ‚
410 2034 620 2093 quoniam
642 2033 781 2078 suavis
804 2041 883 2077 est.
915 2050 934 2074 »

137 2106 214 2148 VI.
239 2107 295 2147 Et
318 2103 466 2148 audite
482 2104 571 2164 jam
595 2119 726 2164 opera
747 2105 853 2164 ejus.
883 2103 1144 2148 'l'endebatis
1163 2103 1278 2147 enim
1295 2118 1370 2148 vos
1388 2101 1478 2148 for-

81 2175 198 2220 tassis
236 2175 382 2218 videre
421 2175 590 2219 bonum
627 2175 823 2220 omnium
862 2174 1105 2230 bonorum,
1148 2175 1317 2218 bonum
1341 2189 1364 2218 a
1386 2189 1476 2233 quo

80 2255 181 2291 sunt
208 2246 353 2291 omnia
380 2247 517 2301 bona,
549 2247 717 2291 bonum
746 2246 837 2290 sine
869 2262 958 2306 quo
987 2245 1098 2291 nihil
1129 2255 1192 2290 est
1215 2245 1406 2300 bonum,
1432 2254 1476 2289 et

81 2314 246 2361 bonum
270 2315 390 2376 quod
412 2315 502 2360 sine
523 2317 689 2361 eaeteris
719 2317 885 2361 bonum
921 2326 984 2361 est
1012 2336 1020 2361 :
1047 2317 1292 2361 tendebatis
1320 2331 1396 2360 vos
1425 2325 1476 2359 ut

73 2387 303 2438 videretis,
330 2395 372 2430 et
391 2385 502 2430 forte
525 2387 569 2430 in
599 2386 870 2431 extendenda
893 2387 1160 2440 aelementis
1183 2397 1338 2431 vestrae
1366 2386 1475 2431 defi-

83 2457 274 2502 ciebatis.
302 2459 395 2502 Hoc
418 2457 533 2500 enim
553 2472 602 2500 ex
620 2472 689 2500 me
711 2458 910 2517 conjicio,
933 2458 992 2502 sic
1014 2458 1169 2517 patior.
1200 2457 1284 2502 Sed
1307 2457 1387 2501 etsi
1410 2465 1475 2500 est

132 2547 140 2564 ¹
165 2552 177 2573 1
204 2541 285 2573 Tim.
305 2552 341 2581 n,
363 2540 392 2571 5.
416 2557 455 2563 --
477 2547 489 2563 ²
510 2541 802 2580 Psal.1.xxvn‚25.
826 2557 866 2562 -—
887 2538 1003 2572 3Joan.
1031 2552 1054 2580 ι,
1077 2552 1088 2571 ι
1112 2546 1145 2573 et
1168 2542 1218 2581 πί..
