1815 3253
349 195 405 233 66
771 201 803 229 3.
838 201 1070 232 AUGUSTINI
1101 205 1283 232 EPISCOPI

346 285 436 315 non
467 270 643 328 potest?
676 266 823 312 serviri
854 266 978 312 aliter
1002 271 1092 314 Deo
1117 284 1206 314 non
1233 270 1404 329 potest?
1432 271 1496 317 Tu
1522 266 1639 315 solus
1659 281 1726 321 es,

345 340 422 401 qui
448 339 510 384 vis
532 339 615 383 hoc
645 353 735 383 esse
756 337 879 398 quod
897 337 969 382 alii
999 354 1089 384 non
1116 348 1232 383 sunt.
1268 339 1360 384 Etsi
1382 338 1593 383 inveneris
1624 336 1729 387 alios

344 410 422 472 qui
442 419 589 455 tecum
610 418 738 465 sunt,
763 407 836 453 illa
853 408 1015 454 blanda
1040 419 1083 454 et
1105 410 1253 456 dolosa
1284 409 1436 469 lingua
1463 408 1571 470 quid
1594 408 1730 453 dicit?
1790 422 1792 438 r

345 485 458 527 Ecce
491 480 555 526 illi
593 488 854 540 potuerunt,
888 477 1001 525 forte
1037 489 1088 525 tu
1117 497 1206 526 non
1238 482 1412 541 poteris.
1444 478 1724 539 Aggrederis,

343 552 516 598 deficies
533 572 544 610 3
565 560 610 596 et
625 549 778 595 melius
796 559 888 595 erat
904 566 994 595 non
1014 551 1203 610 incipere
1219 586 1230 607 ,
1248 565 1380 611 quam
1397 550 1577 609 coepisse
1594 558 1637 594 et
1653 548 1730 593 de-

344 622 512 668 fecisse.
537 622 707 681 Lingua
723 620 873 666 dolosa
890 619 1035 666 adhuc
1057 620 1296 666 blanditur.
1315 621 1358 666 Si
1372 619 1725 681 perseveraveris,

340 694 532 739 vincitur
562 693 713 752 lingua
745 691 896 737 dolosa
927 701 970 737 et
1005 692 1256 748 blandiens,
1287 693 1440 751 incipit
1460 707 1550 737 esse
1582 699 1729 751 aperte

340 765 547 823 saevicn53
573 773 616 809 et
644 779 745 824 quae
774 762 1082 808 blandiebatur
1111 772 1161 807 ut
1181 761 1432 817 seduceret,
1468 762 1658 806 minatur
1679 770 1730 806 ut
1783 770 1786 780 '

341 843 515 880 terreat.
538 834 623 880 Sed
655 834 690 877 si
711 833 922 878 Dominus
950 842 1014 877 est
1041 833 1087 877 in
1120 841 1183 887 te,
1220 840 1263 882 et
1292 848 1382 879 non
1415 832 1640 892 reliqueris
1673 831 1729 876 de

338 905 470 951 corde
489 914 566 950 tuo
580 904 831 959 Christum,
854 902 1078 963 quomodo
1099 919 1175 963 per
1197 903 1372 963 sagittas
1399 911 1545 948 acutas
1567 911 1610 946 et
1632 917 1728 946 car-

337 976 473 1021 bones
493 973 776 1019 desolatorios
793 973 932 1018 vicisti
950 973 1121 1032 linguas
1135 972 1320 1029 dolosas,
1340 972 1386 1017 id
1399 982 1483 1028 est,
1504 988 1581 1033 per
1596 972 1730 1018 verba

339 1047 416 1091 Dei
437 1046 598 1107 quibus
615 1045 871 1090 transfixum
892 1053 985 1088 erat
1005 1053 1219 1088 cortuum
1237 1079 1248 1100 ‚
1272 1053 1316 1088 et
1336 1059 1413 1103 per
1426 1043 1621 1102 exempla
1637 1044 1730 1103 jus—
1776 1073 1779 1107 ἓ

340 1126 485 1161 torum
506 1116 581 1176 qui
597 1114 652 1159 de
674 1114 854 1159 mortuis
866 1114 1070 1159 vivificati
1089 1123 1191 1158 sunt
1204 1149 1216 1170 ,
1237 1113 1292 1158 de
1310 1114 1608 1173 peccatoribus
1625 1113 1729 1158 facti

339 1197 441 1232 sunt
449 1187 580 1247 justi,
605 1184 828 1246 quomodo
851 1185 1059 1230 carbones
1081 1183 1136 1228 de
1153 1194 1291 1229 morte
1306 1185 1602 1242 revivescunt3
1618 1199 1730 1244 quo·
1774 1218 1776 1226 ,

340 1257 472 1301 modo
494 1271 597 1315 ergo
615 1255 712 1300 illos
733 1255 872 1300 vicisti
893 1255 1057 1313 sagittis
1078 1263 1121 1298 et
1153 1254 1416 1299 carbonibus
1438 1253 1725 1310 desolatoriis,
1772 1309 1773 1312 Ἴ

341 1327 488 1372 dolose
506 1326 778 1371 blandientes
795 1334 839 1369 et
851 1323 1117 1369 blandiendo
1129 1324 1408 1382 seducente83
1423 1324 1482 1369 sic
1503 1325 1606 1369 istos
1630 1325 1729 1369 vin-⁴

339 1413 424 1452 ces,
432 1399 524 1458 jam
540 1395 765 1441 irascendo
781 1394 1113 1450 comminantes,
1128 1395 1229 1454 quia
1243 1393 1512 1439 blandiendo
1523 1394 1729 1440 seducere

340 1469 648 1529 nequiverunt.
675 1467 788 1511 Victi
811 1473 913 1510 sunt
930 1480 1032 1509 cum
1048 1465 1354 1510 blandirentur
1369 1500 1381 1521 ‚
1405 1466 1660 1522 vincantur,
1686 1475 1729 1511 et
1768 1467 1771 1508 3

340 1554 440 1583 cum
459 1539 695 1582 minantur.
717 1536 802 1582 Sed
814 1536 1050 1579 vincuntur
1065 1570 1076 1591 ‚
1102 1535 1325 1596 quomodo
1346 1570 1356 1590 ,
1381 1554 1402 1578 «
1420 1536 1510 1581 Nisi
1526 1536 1627 1596 quia
1642 1539 1730 1581 Do-

343 1627 364 1650 »
399 1608 542 1652 minus
565 1616 657 1651 erat
677 1607 723 1650 in
744 1606 902 1650 nobis?
926 1624 946 1647 »
971 1605 1257 1650 Manifestum
1277 1615 1341 1650 est
1363 1606 1466 1666 quia
1482 1622 1571 1651 non
1589 1607 1729 1652 vicisti
1764 1656 1766 1663 Δ

344 1688 413 1735 tu,
439 1677 513 1722 sed
530 1677 634 1722 vicit
654 1676 728 1720 ille
745 1676 820 1736 qui
837 1684 899 1720 est
913 1675 959 1719 in
981 1684 1038 1719 te.
1065 1679 1376 1735 Imperatorem
1399 1676 1529 1721 talem
1552 1687 1697 1737 portas
1713 1711 1726 1733 ‚
1764 1670 1766 1673 ¹

343 1758 386 1793 et
407 1749 790 1794 vincerisi‘Nonne
808 1745 881 1790 ille
904 1755 967 1790 est
988 1763 1120 1806 quem
1143 1757 1308 1806 portas,
1334 1748 1412 1808 qui
1443 1747 1573 1793 dixit:
1599 1752 1729 1808 «Ego
1762 1745 1764 1762 ;

346 1839 365 1861 »
400 1819 485 1864 vici
506 1817 767 1862 saeculum1?
792 1836 812 1858 »
840 1819 996 1862 Nonne
1012 1818 1128 1877 prior
1145 1818 1332 1863 moriens
1348 1819 1452 1863 vicit
1474 1818 1699 1863 diabolum
1713 1853 1725 1875 ,
1760 1830 1762 1853 θ

342 1906 442 1935 cum
460 1905 629 1949 semper
650 1897 761 1933 esset
782 1904 911 1947 super
928 1903 1102 1932 omnem
1125 1897 1366 1934 creaturam
1382 1924 1393 1945 ,
1418 1890 1518 1949 quia
1533 1890 1728 1934 Verbum

343 1964 458 2005 Deus
482 1969 545 2003 est
564 1958 682 2019 apud
702 1962 839 2003 Deum
857 1960 874 1999 ?
897 1962 1041 2011 Quare
1062 1958 1182 2013 vicit,
1203 1959 1283 2002 nisi
1306 1968 1355 2002 ut
1372 1968 1413 2002 te
1436 1958 1612 2003 doceret
1628 1974 1730 2004 cum

345 2029 520 2074 diabolo
542 2029 774 2072 dimicare?
792 2031 847 2071 Et
869 2037 1015 2071 tamen
1031 2028 1122 2087 jam
1139 2029 1318 2084 doctus,
1348 2029 1428 2072 nisi
1451 2029 1496 2072 in
1519 2038 1560 2072 te
1582 2030 1636 2073 sit
1656 2029 1730 2074 ille
1756 2021 1758 2026 ’

343 2101 420 2160 qui
442 2100 559 2159 prior
581 2099 662 2142 tibi
680 2098 803 2152 vicit,
830 2098 1029 2142 vinceris.
1060 2117 1080 2139 «
1101 2099 1189 2144 Nisi
1211 2100 1312 2159 quia
1335 2099 1545 2144 Dominus
1571 2109 1663 2145 erat
1683 2100 1730 2149 in
1753 2154 1755 2159 ⁴

346 2189 366 2212 »
402 2169 528 2213 nobis
546 2204 556 2224 ,
583 2168 689 2212 dum
719 2168 993 2225 insurgerent
1027 2168 1226 2212 homines
1256 2184 1384 2227 super
1415 2184 1516 2223 nos,
1546 2167 1755 2218 forsitan³

348 2259 368 2283 »
401 2241 521 2285 vivos
547 2239 869 2284 absorbuissent
881 2254 974 2282 nos.
997 2241 1110 2283 Dum
1131 2239 1386 2284 irasceretur
1398 2238 1521 2283 furor
1536 2240 1728 2300 ipsorum
1750 2256 1753 2291 ξ
1792 2267 1793 2272 =

348 2330 369 2354 »
403 2325 532 2370 super
542 2325 644 2354 nos:
664 2327 685 2351 ³>
700 2310 789 2369 jam
809 2308 1069 2364 irascuntur,
1089 2309 1179 2369 jam
1195 2318 1339 2368 aperte
1352 2309 1536 2354 saeviunt
1557 2329 1565 2354 :
1586 2329 1606 2352 «
1626 2313 1730 2354 For«
1748 2361 1750 2366 λ

346 2399 368 2424 n
404 2381 515 2424 sitan
537 2396 646 2440 aqua
665 2378 934 2423 demersisset
945 2382 1064 2423 nos'2.
1089 2396 1108 2419 »
1131 2382 1302 2438 Aquam
1314 2378 1418 2423 dicit
1430 2379 1614 2439 populos
1632 2395 1729 2439 pec·
1747 2374 1749 2427 ἔ

344 2460 511 2497 catores
536 2466 545 2492 ε
571 2459 614 2493 et
632 2448 877 2495 videbimus
898 2447 1073 2509 qualem
1099 2464 1257 2509 aquam
1275 2450 1321 2494 in
1343 2450 1723 2510 consequentibus.
1747 2447 1748 2453 '

395 2541 407 2560 ¹
427 2538 518 2569 Joan.
540 2545 608 2577 xw,
628 2534 682 2567 33.
701 2549 743 2558 -
766 2540 779 2557 ²
793 2532 876 2566 Psal.
892 2543 1002 2575 cxxni,
1021 2532 1054 2574 4.
