1856 3268
354 187 406 225 28
792 195 825 225 s.
861 194 1091 225 Aucus-nm
1120 197 1301 226 muscom

356 279 375 303 »
393 275 569 321 ponere,
586 269 743 320 praeter
755 261 799 306 id
812 261 933 322 quod
946 262 1134 321 positum
1150 270 1228 317 est,
1243 260 1364 322 quod
1380 269 1443 305 est
1454 260 1650 306 Christus
1664 262 1688 304 J
1691 275 1731 304 e·

355 349 375 373 »
392 333 502 376 sus¹.
519 349 538 372 n
558 331 912 377 Fundamentum
925 333 1102 393 quando
1121 333 1299 393 ponitur
1320 333 1366 376 in
1388 341 1502 376 terra
1519 367 1530 387 ,
1547 331 1732 391 desuper

352 400 624 446 aedificantur
632 417 683 461 pa
690 402 829 456 rietes,
841 412 884 447 et
897 402 1068 463 pondus
1079 403 1293 462 parietum
1303 402 1358 446 ad
1371 402 1455 446 ima
1464 400 1619 456 tendit,
1631 401 1733 461 quia

350 472 396 516 in
411 472 498 515 imo
516 473 704 531 positum
720 481 783 516 est
794 471 1145 517 fundamentum.
1167 473 1208 518 Si
1228 482 1373 517 autem
1394 471 1733 516 fundamentum
1768 495 1774 499 ’

355 550 552 586 nostrum
567 542 611 585 in
634 541 746 586 coelo
762 551 846 598 est,
867 543 922 587 ad
935 542 1097 587 coelum
1110 542 1390 587 aedificemur.
1415 544 1607 602 Corpora
1628 539 1734 584 aedi-

355 613 600 657 ficaverunt
618 612 742 656 istam
757 621 1036 669 structuram,
1057 629 1189 674 quam
1211 611 1366 658 videtis
1384 612 1573 672 amplam
1590 626 1734 655 surre-

352 682 460 726 xisse
473 717 483 737 ,
502 683 632 742 hujus
643 682 858 741 basilicae,
878 693 920 727 et
935 683 1035 743 quia
1051 699 1215 743 corpor·-
1233 699 1256 726 a
1277 681 1617 736 aedificaverunt,
1638 680 1735 724 fun-

353 751 608 796 damentum
621 753 664 795 in
679 753 766 797 imo
777 763 1017 812 posuerunt
1034 772 1043 799 ε
1059 755 1160 813 quia
1169 768 1273 797 vero
1287 751 1535 812 spiritaliter
1551 750 1735 796 aedifica-

352 838 475 879 mur,
497 822 833 867 fundamentum
856 833 1054 868 nostrum
1071 824 1115 867 in
1127 838 1297 867 summo
1315 823 1504 882 positum
1521 830 1599 866 est.
1623 822 1734 866 Illuc

351 908 454 952 ergo
476 908 698 938 curramus
716 929 727 950 ,
753 894 830 938 ubi
851 894 1118 939 aedificemur
1150 913 1158 938 :
1184 893 1286 954 quia
1308 892 1363 936 de
1384 893 1475 952 ipsa
1496 891 1735 936 Jerusalem

353 963 519 1008 dictum
544 973 634 1020 est,
664 984 684 1007 «
711 967 882 1010 Stantes
903 974 1026 1009 crant
1047 964 1178 1024 pedes
1201 964 1336 1008 nostri
1359 963 1405 1007 in
1432 963 1548 1008 atriis
1566 966 1737 1007 Jerusa-

356 1053 376 1076 »
411 1034 512 1078 lem.
542 1054 561 1077 »
584 1037 665 1080 Sed
690 1038 812 1096 cujus
830 1036 1102 1080 Jerusalem?
1128 1055 1145 1076 c<
1173 1034 1412 1080 Jerusalem
1430 1051 1528 1095 quae
1549 1033 1734 1078 aedifica-

354 1123 374 1146 »
410 1113 482 1149 tur
503 1114 552 1149 ut
566 1106 728 1150 civitas.
757 1124 776 1147 n
804 1109 961 1150 Parum
984 1106 1119 1161 dixit,
1140 1115 1190 1150 ut
1212 1105 1458 1151 ostenderet
1475 1103 1730 1159 Jerusalem,

351 1175 453 1234 quia
485 1174 616 1230 dixit,
652 1195 671 1217 «
700 1178 754 1220 Ut
785 1176 933 1221 civitas
960 1175 1199 1221 aedificatur
1225 1195 1234 1221 :
1263 1194 1283 1217 >›
1309 1175 1452 1220 adhuc
1488 1183 1631 1236 potest
1661 1173 1732 1218 illa

346 1244 579 1304 corporalis
603 1245 803 1304 intelligi.
839 1245 956 1299 Quid
977 1245 1011 1290 si
1033 1246 1149 1290 enim
1170 1247 1320 1290 existat
1349 1245 1503 1305 aliquis
1525 1254 1568 1289 et
1589 1245 1728 1289 dicat:

350 1318 448 1359 Jam
467 1315 645 1376 quidem
660 1325 703 1360 et
724 1332 824 1361 cum
847 1317 927 1362 ista
949 1317 1197 1361 dicerentur
1224 1317 1493 1377 temporibus
1515 1314 1672 1370 David,
1690 1324 1735 1360 et

350 1385 429 1429 ista
450 1395 709 1430 canerentur
733 1421 743 1442 ,
774 1396 865 1431 erat
887 1387 1033 1431 civitas
1059 1386 1130 1431 illa
1152 1385 1366 1447 perfecta3
1391 1385 1466 1430 sed
1487 1385 1665 1431 Videbat
1687 1386 1734 1429 in

351 1457 504 1516 spiritu
527 1457 737 1500 ruituram
755 1492 766 1512 ,
797 1466 840 1501 et
871 1456 1029 1502 iterum
1055 1456 1372 1502 aedificandam.
1398 1459 1657 1516 Expugnata
1672 1464 1735 1500 est

353 1527 468 1569 enim
482 1525 553 1570 illa
562 1527 724 1582 civitas,
735 1535 778 1571 et
791 1527 928 1571 factus
941 1536 1004 1571 est
1017 1527 1273 1571 transitusin
1284 1525 1570 1584 Babyloniam
1583 1525 1735 1585 populi

354 1597 616 1656 captivitati,
634 1606 676 1641 et
696 1597 810 1642 dicta
825 1608 887 1642 est
899 1596 976 1642 ista
994 1598 1038 1641 in
1062 1598 1305 1657 Scripturis,
1333 1597 1667 1656 Transmigratio
1689 1597 1735 1640 in

352 1667 651 1725 Babyloniam.
664 1671 720 1712 Et
736 1668 1011 1728 prophetavit
1028 1671 1052 1713 J
1056 1669 1249 1724 eremias,
1267 1677 1364 1728 post
1375 1668 1645 1727 septuaginta
1663 1683 1736 1711 an-

353 1754 431 1782 nos
449 1738 706 1797 captivitatis
738 1737 942 1783 aedificari
964 1754 1086 1798 posse
1107 1738 1227 1782 illam
1249 1739 1464 1783 civitatem
1483 1773 1494 1793 ,
1515 1754 1613 1798 quae
1636 1738 1735 1781 des-

352 1817 495 1852 tructa
512 1817 603 1853 erat
615 1824 638 1852 a
657 1807 1018 1853 debellantibus².
1038 1812 1169 1854 Forte
1182 1809 1239 1853 ait
1257 1808 1410 1868 aliquis
1422 1844 1432 1864 ,
1450 1811 1544 1854 Hoc
1558 1808 1736 1854 videbat

352 1878 490 1924 David
503 1879 548 1922 in
565 1879 734 1938 spiritu,
746 1879 958 1923 ruituram
971 1879 1185 1924 civitatem
1200 1879 1435 1924 Jerusalem
1449 1895 1468 1923 a
1485 1878 1736 1923 debellanti·
1762 1873 1769 1878 ⁸

353 1949 456 2004 bus,
481 1957 524 1992 et
552 1949 710 1992 iterum
726 1963 849 2007 posse
866 1958 964 2008 post
980 1949 1252 2008 septuaginta
1276 1964 1410 1992 annos
1432 1947 1634 1992 :edificari
1658 1969 1667 2005 3
1693 1958 1737 1994 et

353 2017 451 2062 ideo
471 2018 579 2062 dixit
604 2034 613 2059 ε
635 2037 654 2060 «
676 2018 913 2062 Jerusalem
937 2035 1036 2079 quse
1069 2019 1309 2063 aedificatnr
1326 2028 1375 2062 ut
1395 2019 1541 2063 civitas
1570 2039 1578 2063 2
1600 2037 1618 2060 »
1646 2019 1735 2064 noli

352 2104 454 2147 ergo
467 2087 745 2147 putareillam
755 2089 967 2133 civitatem
982 2105 1070 2133 esse
1084 2090 1240 2133 dictam
1250 2125 1259 2143 ,
1272 2105 1371 2149 quae
1381 2098 1605 2133 constatex
1619 2105 1737 2134 sanc-

351 2160 420 2213 tis,
438 2168 644 2218 tanquam
672 2174 723 2201 ex
754 2157 971 2218 lapidibus
993 2159 1114 2203 vivis.
1141 2158 1254 2212 Quid
1285 2159 1479 2219 sequitur
1499 2194 1509 2214 ,
1541 2168 1591 2203 ut
1611 2159 1736 2204 tollat

352 2238 487 2274 totam
506 2227 851 2272 dubitationem?
865 2229 936 2273 Ait
951 2229 1088 2283 enim,
1112 2248 1131 2270 «
1159 2231 1323 2274 Stantes
1343 2238 1466 2273 erant.
1488 2228 1618 2288 pedes
1633 2245 1736 2273 nos-

352 2318 372 2341 »
393 2299 445 2343 tri
459 2299 503 2341 in
521 2298 636 2342 atriis
655 2297 936 2342 Jerusalem.»
953 2297 1035 2342 Sed
1050 2314 1181 2358 quam
1200 2299 1297 2342 dico
1316 2298 1734 2343 Jerusalem?Num-

351 2368 459 2428 quid
476 2368 616 2422 istam,
636 2368 802 2428 inquit,
824 2383 954 2428 quam
968 2367 1122 2412 videtis
1136 2378 1247 2412 stare
1263 2369 1477 2428 corporeis
1496 2368 1734 2427 parietibus

348 2440 565 2483 erectam?
587 2441 684 2484 Non
712 2457 720 2482 :
745 2437 821 2483 sed
847 2457 866 2480 «
893 2438 1130 2482 Jerusalem
1163 2455 1261 2500 quae
1283 2439 1523 2484 aedificatur
1546 2447 1595 2483 ut
1625 2438 1733 2483 civi—

395 2532 432 2557 ¹1
452 2528 524 2558 Cor.
540 2535 588 2567 ιιι,
615 2537 664 2558 11.
685 2541 725 2547 —-
746 2531 758 2547 ²
778 2527 1004 2566 Je1·em.xxix,
1024 2522 1040 2566 4
1062 2530 1093 2557 et
1116 2535 1167 2557 10.
