1815 3253
337 201 423 242 410
768 210 802 241 s.
837 211 1068 242 Aucus-mm
1100 214 1282 242 Emscom

337 281 481 337 intus3
506 278 608 324 foris
629 277 798 323 facilius
815 279 1053 335 evitabiles,
1077 279 1194 324 intus
1216 277 1435 323 difficilius
1452 278 1713 323 tolerabiles.

396 352 449 394 V.
481 350 604 394 Dicat
637 365 740 409 ergo
774 349 987 394 Dominus
1022 359 1190 406 noster,
1215 348 1330 394 dicat
1352 349 1548 394 Christus
1570 350 1719 394 nobis·
1754 367 1755 370 ¹

337 435 439 465 cum
463 429 581 464 totus
607 420 818 465 Christus.
850 420 1091 475 «Domine,
1115 420 1269 464 exaudi
1291 420 1529 464 orationem
1552 435 1716 476 meam,
1778 430 1783 463 .’
1813 419 1815 446 5

340 508 362 532 »
396 491 569 551 percipe
591 491 768 535 auribus
789 506 958 550 precem
987 493 1168 534 meam1.
1197 509 1217 532 »
1245 494 1338 535 Hoc
1355 499 1434 545 est,
1458 509 1478 532 (ι
1494 490 1716 548 Exaudi3»

338 561 486 622 quod,
528 580 548 603 «
573 561 749 620 Percipe
777 561 968 604 auribus.
1003 579 1023 602 )›
1057 560 1300 620 Repetitio,
1337 561 1611 605 confirmatio
1639 570 1716 605 est.

345 651 365 674 «
402 635 452 675 In
474 632 653 676 veritate
675 641 750 675 tua
772 630 929 674 exaudi
951 646 1021 674 mc
1037 666 1047 686 ‚
1069 632 1113 675 in
1138 640 1210 674 tua
1231 632 1441 691 justitia.»
1462 634 1526 676 Ne
1547 640 1722 675 utcum-

340 717 426 762 quc
448 701 663 760 accipiatis
683 736 694 752 ,
719 716 819 745 cum
842 701 1000 745 dicitur
1022 721 1030 746 :
1055 720 1074 743 «
1095 704 1145 745 In
1163 710 1236 745 tua
1254 701 1464 761 justitia.»
1487 703 1722 746 Commen-

341 773 458 816 datio
491 780 555 815 est
576 772 691 815 enim
715 772 882 829 grance,
908 787 963 815 ne
986 773 1284 833 unusquisque
1301 781 1498 816 nostrum
1510 772 1724 833 justitiam

341 858 461 887 suam
498 850 637 901 putet.
670 845 773 886 Haec
796 842 911 885 enim
935 842 1103 902 justitia
1125 843 1201 886 Dei
1223 851 1308 897 est,
1334 858 1466 902 quam
1489 851 1539 886 ut
1568 843 1726 887 habeas

343 917 458 958 Deus
488 912 622 957 dedit.
662 915 772 958 Nam
807 913 884 973 qui
910 912 1145 957 volucrunt
1168 913 1222 956 de
1247 914 1499 974 suajustitia
1523 913 1722 972 gloriari,

342 983 450 1044 quid
482 983 537 1027 de
564 982 648 1027 illis
680 983 787 1027 dicit
807 983 1073 1043 Apostolus?
1097 983 1408 1027 Testimonium
1431 983 1491 1027 eis
1509 1018 1519 1038 ‚
1552 983 1695 1043 inquit
1710 1019 1722 1039 ,

342 1054 552 1113 perhibeo
571 1089 581 1108 ‚
617 1053 718 1113 quia
752 1052 892 1097 zelum
926 1054 1003 1097 Dei
1034 1053 1213 1098 habent.
1241 1057 1302 1097 De.
1324 1053 1487 1098 Judaeis
1508 1052 1723 1114 loquens:

347 1143 367 1166 «
405 1124 554 1168 Zelum
576 1124 651 1168 Dei
672 1159 682 1179 ,
710 1124 854 1184 inquit
873 1159 883 1179 ,
909 1124 1094 1179 habent,
1116 1124 1191 1168 scd
1213 1139 1302 1168 non
1327 1123 1567 1168 secundum
1590 1125 1728 1168 scien-

347 1213 367 1235 »
402 1194 505 1238 tiam
521 1197 552 1237 2.
568 1211 588 1234 n
616 1193 731 1246 Quid
754 1203 830 1248 est,
857 1214 875 1235 «
903 1196 998 1238 Non
1020 1194 1260 1238 secundum
1278 1194 1500 1238 scientiam
1516 1196 1534 1236 ‘3
1552 1213 1571 1236 »
1590 1199 1728 1248 Quam

344 1265 459 1308 enim
503 1272 547 1307 tu
580 1263 858 1307 commendas
880 1263 1031 1307 utilem
1055 1264 1310 1307 scientiam?
1331 1263 1554 1324 Numquid
1577 1264 1696 1309 illam
1715 1300 1726 1320 ‚

344 1351 443 1395 quae
460 1349 558 1377 cum
580 1333 668 1377 sola
692 1333 824 1377 fuerit
844 1334 969 1378 inflat
987 1355 997 1392 3
1022 1350 1122 1394 quae
1144 1334 1225 1378 nisi
1247 1335 1451 1379 comitata
1472 1334 1604 1379 fuerit
1624 1336 1729 1380 cha-

346 1408 488 1461 ritate,
507 1422 597 1450 non
619 1405 805 1450 aedificat
819 1407 835 1431 3
854 1407 871 1450 P
889 1408 985 1450 Non
1009 1406 1160 1465 utique
1182 1405 1338 1465 ipsam:
1365 1406 1440 1449 sed
1461 1406 1581 1450 illam
1600 1406 1731 1450 scien-

346 1479 449 1520 tiam
473 1476 677 1520 comitem
710 1475 930 1520 charitatis
947 1511 957 1531 ‚
984 1476 1230 1533 magistram
1260 1475 1530 1520 humilitatis.
1569 1475 1676 1521 Vide
1697 1476 1732 1520 si

347 1549 436 1606 ipsa
459 1555 523 1590 est
547 1565 556 1591 :
596 1564 616 1588 «
651 1545 824 1601 Zelum,
860 1545 1026 1606 inquit,
1053 1546 1129 1589 Dei
1151 1545 1315 1589 habent
1334 1580 1345 1598 ‚
1373 1544 1448 1589 sed
1465 1561 1554 1590 non
1576 1561 1733 1590 secun-

351 1635 371 1658 »
407 1615 514 1660 dum
548 1616 786 1660 scientiam.
828 1633 847 1656 υ
888 1618 1088 1675 Exponat
1127 1630 1258 1675 quam
1300 1614 1416 1660 dicat
1462 1616 1684 1660 scientiam
1720 1635 1728 1660 :

352 1707 373 1730 «
409 1690 662 1745 Ignorantes
685 1687 762 1730 Dei
777 1686 989 1746 justitiam
1012 1695 1055 1730 et
1075 1701 1197 1730 suam
1218 1685 1414 1731 volentes
1436 1686 1699 1730 constituere
1718 1721 1730 1741 ,

352 1776 373 1800 »
403 1757 580 1816 justitiae
598 1757 672 1802 Dei
694 1772 783 1801 non
804 1765 906 1800 sunt
928 1756 1152 1817 subjecffl.
1172 1775 1191 1798 »
1214 1757 1294 1810 Qui
1312 1772 1413 1815 ergo
1431 1756 1587 1801 volunt
1608 1773 1734 1801 cons-

350 1828 505 1871 tituere
517 1827 729 1888 justitiam
751 1829 903 1871 suam?
925 1827 1010 1880 Qui
1035 1827 1153 1886 quod
1184 1827 1294 1870 bene
1316 1825 1524 1881 fecerint,
1550 1827 1632 1870 sibi
1649 1827 1734 1870 im-

350 1906 534 1957 putant,
555 1896 676 1957 quod
692 1896 821 1951 male,
846 1900 962 1942 Deo:
980 1897 1159 1941 omnino
1181 1897 1385 1956 perversi.
1413 1898 1608 1956 Denique
1630 1897 1734 1941 recti
1777 1907 1792 1924 ³

351 1977 505 2022 erunt,
531 1983 632 2011 cum
648 1967 733 2011 hoc
749 1966 890 2026 ipsum
911 1966 1219 2011 converterint.
1243 1970 1471 2011 Perversus
1493 1965 1608 2022 ideo,
1634 1967 1736 2026 quia

351 2039 474 2099 quod
494 2036 607 2082 male
624 2073 634 2092 ‚
658 2041 748 2082 Deo
769 2058 780 2095 3
805 2036 926 2098 quod
949 2037 1060 2081 bene
1075 2072 1086 2092 ‚
1122 2037 1198 2081 tibi
1222 2056 1232 2082 ;
1256 2046 1399 2081 rectus
1422 2038 1503 2080 eris
1521 2072 1531 2091 ‚
1558 2036 1736 2097 quando
1778 2063 1779 2073 ι
1802 2092 1804 2101 y

352 2109 472 2169 quod
499 2108 611 2152 male
644 2106 822 2163 feceris,
861 2107 968 2165 tibi3
1011 2107 1130 2166 quod
1161 2107 1270 2150 benc
1293 2106 1465 2161 feceris,
1508 2110 1613 2151 Deo.
1639 2110 1738 2153 Non
1780 2123 1795 2145 :-

353 2179 469 2222 enim
487 2195 536 2221 ex
550 2178 684 2237 impio
702 2179 817 2237 juste
833 2177 1020 2232 viveres,
1042 2177 1122 2221 nisi
1144 2176 1199 2220 ab
1222 2176 1298 2221 illo
1315 2179 1459 2237 justus
1479 2176 1640 2232 factus,
1661 2178 1738 2238 qui
1803 2192 1807 2200 ·

349 2248 557 2308 justificat
578 2247 779 2306 impium⁵
796 2281 803 2290 .
823 2250 936 2305 Ergo
954 2282 964 2301 ,
989 2247 1148 2306 inquit,
1171 2266 1190 2288 «
1218 2249 1269 2290 In
1290 2247 1469 2291 veritate
1490 2256 1560 2291 tua
1583 2247 1737 2291 exaudi

359 2337 378 2359 »
414 2332 505 2372 me,
543 2317 587 2361 in
618 2326 692 2363 tua
720 2317 906 2377 justitia,
943 2333 1033 2361 non
1061 2317 1106 2360 in
1138 2332 1233 2360 mea
1259 2337 1267 2361 ε
1304 2326 1354 2361 ut
1383 2317 1576 2361 inveniar
1597 2317 1642 2360 in
1663 2316 1739 2361 illo

359 2406 379 2429 »
414 2402 503 2431 non
525 2387 691 2431 habens
714 2402 854 2431 meam
869 2387 1079 2447 justitiam
1095 2422 1105 2442 ‚
1126 2403 1224 2447 qum
1250 2402 1299 2431 cx
1321 2387 1415 2446 lege
1438 2396 1525 2443 cst,
1552 2385 1737 2431 sedeam

404 2488 411 2504 ¹
435 2483 520 2515 Psal.
542 2493 645 2522 cun,
669 2494 696 2514 1.
718 2499 760 2505 —
777 2488 789 2504 2
810 2485 898 2515 Rom.
920 2493 937 2513 x
956 2508 964 2524 ,
986 2491 1017 2515 2.
1041 2499 1080 2504 --
1097 2480 1110 2504 3
1132 2494 1142 2513 1
1162 2484 1322 2523 C01·.V111‚
1349 2493 1377 2514 1.
1397 2498 1439 2504 -
1457 2480 1472 2511 4
1487 2484 1577 2515 Rom.
1595 2493 1628 2520 x,
1645 2482 1674 2514 3.
1698 2499 1738 2504 --

357 2537 494 2578 ⁵1‹l.1v‚
515 2537 544 2570 Γ),
