1815 3253
390 238 632 271 munau-xo
665 244 709 271 nv
742 233 944 272 rsAL'th
975 244 1123 270 cxx-111.
1356 228 1439 269 423

54 310 227 369 spiritus
249 319 368 353 meus
389 308 529 354 malus
559 308 740 353 deduxit
760 321 830 353 me
850 309 895 352 in
919 312 1073 353 terram
1098 308 1358 367 perversam.
1384 309 1440 351 Et

53 379 161 441 quid
179 394 259 438 ego
281 379 451 423 merui?
474 382 582 432 Quae
604 395 699 423 mea
729 394 859 438 opera
877 378 992 423 bona
1016 379 1107 422 sine
1123 387 1200 422 tuo
1222 378 1440 436 adjutorio

5 493 7 495 ,
53 458 387 509 computantur,
418 448 537 492 unde
564 449 838 509 impetrarem
861 448 1105 508 dignusque
1126 463 1260 492 essem
1282 446 1440 492 deduci

53 537 76 565 a
94 520 256 579 Spiritu
273 528 350 564 tuo
370 519 415 563 in
436 527 596 564 terram
619 528 781 565 rectam
796 521 936 573 ?Quae
958 533 1089 577 opera
1111 533 1206 562 mea
1220 552 1232 573 ,
1251 517 1321 561 vel
1343 534 1442 577 quae

52 591 205 635 merita
226 591 350 634 mea?
374 607 395 631 «
416 593 599 650 Propter
618 593 780 635 nomen
800 593 927 635 tuum
946 624 957 645 ‚
977 588 1183 644 Domine,
1207 588 1444 633 vivificabis

56 678 78 702 n
111 675 197 704 me.
227 679 248 701 »
274 661 498 705 Attendite
527 672 631 721 ergo
651 696 662 717 ‚
698 667 912 722 quantum
930 660 1104 718 potestis
1119 694 1130 715 ‚
1151 659 1300 717 gratiae
1320 665 1443 704 com-

42 728 380 775 mendationem
399 766 410 787 ,
441 747 528 792 qna
560 732 690 791 gratis
713 730 819 776 salvi
846 729 949 775 facti
972 730 1086 775 estiS.
1115 748 1137 772 «
1161 732 1344 789 Propter
1365 744 1447 775 no-

54 821 75 844 »
110 817 211 845 men
238 811 392 857 tuum,
423 803 630 858 Domine,
660 802 900 847 vivificabis
934 817 1020 845 me.
1048 803 1147 846 Non
1178 801 1330 855 nobis,
1358 803 1447 846 Do-

54 889 75 915 »
109 874 250 928 mino,
269 888 357 917 non
381 875 529 930 nobis,
556 873 632 919 sed
654 874 821 918 nomini
842 882 919 918 tuo
942 871 996 917 da
1016 872 1198 932 gloriam
1212 873 1244 917 1.
1263 875 1448 931 Propter

54 961 75 985 n
111 948 273 988 no'men
291 951 434 999 tuum,
453 946 638 989 Domine
653 981 664 1001 ‚
690 944 929 990 vivificabis
950 958 1045 988 me:
1062 944 1108 987 in
1128 951 1205 988 tua
1223 942 1406 1003 justitia,
1422 961 1442 984 »

51 1030 140 1059 non
162 1015 207 1058 in
234 1028 329 1059 mea
348 1036 359 1072 3
384 1031 473 1060 non
502 1017 604 1075 quia
625 1031 706 1075 ego
728 1015 892 1070 merui,
917 1014 994 1058 sed
1015 1015 1118 1075 quia
1139 1023 1189 1058 tu
1218 1015 1443 1058 misereris.

50 1089 160 1131 Nam
183 1086 216 1130 si
239 1101 383 1130 meum
410 1087 639 1131 ostendere
660 1088 867 1130 meritum
885 1121 896 1141 ,
921 1086 1032 1130 nihil
1053 1086 1130 1129 abs
1152 1095 1194 1129 te
1222 1100 1413 1129 mererer
1433 1120 1444 1141 ‚

52 1156 133 1200 nisi
149 1156 428 1216 supplicium.
455 1155 662 1201 Avulsisti
682 1156 837 1201 merita
860 1171 972 1210 mea,
987 1156 1205 1199 inseruisti
1220 1153 1335 1199 dona
1353 1164 1444 1199 tua.

56 1247 76 1270 «
112 1232 294 1287 Propter
321 1244 484 1273 nomen
506 1237 632 1272 tuum
649 1263 659 1283 ‚
685 1228 893 1283 Domine,
917 1227 1158 1272 vivificahis
1178 1242 1249 1270 me
1271 1245 1279 1271 :
1305 1227 1350 1270 in
1373 1236 1447 1270 tua

55 1314 76 1338 n
107 1298 273 1358 justitia
296 1297 455 1342 educes
477 1297 532 1342 de
546 1298 832 1342 tribulatione
851 1298 1038 1342 animam
1058 1313 1198 1341 meam
1218 1316 1227 1342 :
1248 1306 1292 1340 et
1311 1297 1449 1342 intua

54 1387 76 1410 n
111 1369 405 1429 misericordia
439 1370 494 1414 ad
528 1370 754 1414 interitum
791 1369 980 1415 deduces
1016 1369 1212 1414 inimicos
1233 1384 1367 1413 meos.
1393 1371 1450 1413 Et

55 1458 76 1482 υ
111 1439 265 1499 perdes
287 1456 437 1485 omnes
459 1441 720 1486 tribulantes
737 1442 924 1487 animam
946 1457 1088 1486 meam
1105 1461 1115 1498 3
1134 1441 1342 1501 quoniam
1364 1455 1450 1485 ser-

54 1527 76 1552 »
111 1526 190 1555 vus
207 1519 308 1555 tuus
329 1527 425 1556 sum
440 1527 521 1571 ego
535 1516 567 1555 2.
592 1530 613 1553 »

55 1680 195 1696 MMMW!
201 1680 550 1697 msmvvmwvxwm
554 1679 1444 1698 ἸΊΛΙνὶΛΙὶΝὶΝΙΙΛΑΛΛΛΛΛΙΙΛᾹΛΝΝὮΙΚΑΝΚΝΑΑΛΝΛΙΎἯῚΙΙΛᾹΝΛΝΝΚΝΜὐἱ

544 1824 927 1874 ENARRATIO

408 1999 464 2035 IN
508 1998 820 2038 PSALMUM
871 1997 1101 2038 CXLIII.

527 2142 680 2185 Sermo
702 2139 758 2185 ad
778 2140 969 2201 plebem.

115 2278 150 2319 I.
178 2277 339 2318 PsAmn
361 2275 493 2335 hujus
510 2275 662 2319 titulus
692 2275 834 2320 brevis
868 2285 932 2320 est
959 2287 1145 2321 numero
1181 2277 1446 2332 verborum,

53 2346 129 2390 sed
149 2347 288 2405 gravis
305 2346 499 2405 pondere
515 2347 838 2403 mysteriorum.
859 2365 878 2390 «
897 2348 984 2407 Ipsi
997 2347 1132 2392 David
1143 2346 1196 2392 ad
1209 2347 1445 2392 Goliamss.»

57 2417 261 2461 P-raelium
301 2418 384 2461 hoc
427 2417 591 2461 factum
626 2426 820 2477 tempore
860 2421 1040 2462 Patrum
1073 2427 1354 2473 nostrorum,
1393 2418 1449 2462 de

59 2487 289 2546 Scripturis
322 2487 478 2531 sanctis
518 2487 669 2532 recolit
706 2503 878 2532 mecum
906 2489 1103 2534 Charitas
1135 2492 1301 2534 Vestra.
1334 2491 1446 2534 Cum

106 2588 113 2605 ε
135 2581 212 2613 Psal.
232 2592 318 2622 exin,
340 2594 367 2613 1.
391 2599 430 2605 ·—
453 2583 514 2613 21d
548 2593 643 2621 eun,
668 2592 716 2615 12,
739 2600 779 2606 —
797 2581 809 2606 3
829 2584 874 2616 Id.
896 2595 1001 2626 enin,
1022 2595 1049 2615 1.
