1815 3253
1790 79 1792 101 Ι

376 204 458 242 318
802 212 836 240 3.
872 212 1102 242 Aucus‘mm
1133 215 1315 242 Enscom
1787 183 1791 281 Ι

374 278 604 323 mereberis
626 276 863 322 illuminari
890 278 1090 322 tenebras
1121 288 1216 323 tuas
1248 298 1258 323 2
1293 277 1572 323 defendendo
1608 289 1767 329 autem
1787 284 1789 331 Ι

375 349 575 392 tenebras
592 357 687 392 tuas
698 383 709 402 ‚
725 347 970 392 tenebrabis
988 348 1187 393 tenebras
1208 358 1317 393 tuas.
1334 352 1391 393 Et
1407 349 1585 409 quando
1602 351 1753 396 evades

376 417 411 462 a‘
442 417 690 478 duplicibus
731 417 920 462 tenebris
935 452 946 472 ,
991 417 1067 477 qui
1106 417 1152 461 in
1190 417 1457 478 simplicibus
1498 418 1754 465 laborabas?

378 488 503 534 Unde
523 498 669 534 autem
682 488 890 533 Dominus
907 503 997 532 non
1015 488 1214 533 tenebrat
1226 489 1426 533 tenebras
1440 490 1755 543 nostras?Quia

377 576 468 605 non
489 576 567 605 nos
587 560 689 605 sinit
719 560 934 619 impunita
960 559 1120 603 habere
1144 569 1319 618 peccata
1347 581 1356 605 :
1386 560 1578 619 flagellat
1604 576 1682 605 nos
1711 561 1755 606 in
1790 602 1793 606 ,

378 630 468 675 istis
487 630 711 675 laboribus
729 665 740 684 ‚
777 638 821 674 et
849 629 995 674 erudit
1022 645 1117 674 nOS.
1151 632 1257 674 Tota
1289 631 1369 674 ista
1398 631 1566 674 miseria
1592 631 1757 690 generis

378 700 561 746 humani
580 735 591 755 ,
625 700 672 743 in
693 715 780 759 qua
801 698 935 756 gemit
961 698 1153 744 mundus
1172 734 1184 753 ‚
1206 700 1409 744 noveritis
1424 734 1435 755 ,
1457 698 1610 744 fratres
1626 735 1638 755 ,
1658 701 1757 760 quia
1782 714 1783 717 ’

378 770 506 814 dolor
520 768 787 813 medicinalis
803 777 886 824 est,
905 784 995 814 non
1019 769 1231 814 sententia
1253 769 1453 829 poenalis.
1472 770 1637 823 Videtis
1659 771 1758 830 quia

381 838 507 884 dolor
527 839 693 899 ubique
712 874 724 894 ‚
747 839 912 899 ubique
934 848 1075 884 metus
1090 874 1100 894 ‚
1125 839 1289 900 ubique
1311 840 1537 885 necessitas
1554 875 1566 895 ‚
1597 840 1758 900 ubique
1786 864 1802 884 -ι

379 909 564 954 labores.
589 910 753 955 Crescit
774 910 951 953 avaritia
965 943 977 964 ‚
997 909 1074 953 sed
1095 909 1140 954 in
1155 909 1294 954 malis.
1322 911 1364 955 Si
1381 910 1437 955 ad
1453 911 1536 955 hoc
1560 913 1673 954 Deus
1689 910 1759 956 hie
1779 908 1805 958 ἐ

380 980 540 1026 talibus
565 979 744 1038 flagellis
770 979 916 1024 erudit
943 995 1021 1024 nos
1037 1015 1048 1035 ‚
1075 990 1126 1024 ut
1152 996 1241 1025 non
1266 981 1548 1025 tenebrentur
1569 981 1760 1026 tenebrae
1794 987 1815 1042 ij

381 1060 540 1095 nostrae
560 1085 571 1105 ,
602 1065 885 1109 agnoscamus
918 1066 996 1095 nos
1027 1051 1109 1094 sub
1140 1066 1272 1110 poena
1305 1051 1462 1109 flagelli
1484 1067 1598 1105 esse,
1622 1060 1666 1095 et
1682 1051 1815 1126 bez-'35

381 1121 633 1165 nedicamus
655 1123 794 1164 Deum
812 1120 1063 1164 miscentem
1088 1121 1396 1165 amaritudines
1420 1120 1642 1165 dulcedini
1661 1121 1760 1171 vitae
1788 1114 1815 1186 ΙΙ

382 1190 656 1250 temporalis,
681 1205 736 1234 ne
752 1189 1057 1249 temporalium
1085 1190 1340 1235 deliciarum
1367 1191 1657 1236 delectatione
1676 1207 1760 1235 cae*
1813 1186 1815 1220 Ι

381 1262 489 1316 cati,
513 1277 604 1306 non
624 1260 916 1305 desideremus
935 1259 1107 1305 delicias
1125 1270 1333 1316 aeternas,
1355 1277 1434 1306 nec
1453 1262 1633 1306 velimus
1649 1179 1815 1369 ᾗηίνΙΙΙ

382 1346 501 1375 mare
523 1340 566 1375 et
587 1330 841 1375 habitarem
864 1329 1095 1374 novissima
1116 1331 1258 1374 maris.
1277 1331 1463 1376 Saeviant
1484 1347 1588 1390 ergo
1605 1308 1802 1383 ΗυοωεΙΙ

383 1402 551 1446 maris:
578 1400 860 1462 quantoplus
887 1400 1072 1444 saeviunt
1097 1401 1256 1445 fluctus
1284 1401 1438 1456 maris⁹
1467 1410 1589 1445 tanto
1614 1417 1660 1445 se
1690 1343 1815 1669 ulai}

383 1487 484 1516 cum
506 1471 661 1534 pennis
685 1470 889 1516 columba
913 1470 1153 1528 suspendit.
1184 1473 1283 1516 Non
1306 1485 1406 1528 ergo
1429 1471 1630 1515 tenebrat
1653 1474 1774 1519 Deus,

384 1543 585 1587 tenebias
609 1551 806 1586 nostras:
829 1540 930 1600 quia
948 1541 1097 1584 miscet
1115 1541 1286 1600 flagella
1309 1542 1495 1601 peccatis
1523 1542 1702 1597 nostris,
1722 1533 1774 1604 et}

382 1613 692 1656 amaritudines
719 1610 860 1670 pravis
882 1609 1186 1655 dulcedinibus
1208 1611 1377 1655 nostris.
1404 1613 1502 1656 Non
1534 1627 1625 1656 nos
1641 1621 1766 1656 tene-

382 1683 558 1727 bremus
589 1681 789 1726 tenebras
812 1689 978 1725 nostras
1010 1677 1289 1726 defendendo
1315 1690 1491 1740 peccata
1512 1690 1696 1726 nostra:
1723 1689 1765 1728 et

383 1769 469 1798 nox
495 1752 756 1796 illuminatio
792 1751 838 1794 in
872 1749 1035 1794 deliciis
1069 1757 1239 1795 nostris.
1275 1770 1296 1794 «
1324 1751 1542 1805 Quoniam
1572 1735 1813 1798 ῐεηεὴΓωΙΙ

389 1843 407 1866 »
442 1838 533 1867 non
555 1820 966 1867 obtenebrabuntur
980 1835 1004 1862 a
1025 1828 1085 1863 te.
1116 1839 1134 1862 »

441 1896 562 1939 XVI.
590 1912 611 1935 «
634 1896 693 1937 Et
722 1907 808 1936 nox
837 1900 1047 1951 tanquam
1072 1891 1164 1935 dies
1189 1890 1522 1937 illuminabitur.
1548 1894 1643 1938 Nox
1664 1901 1762 1937 tan·

387 1982 407 2005 »
441 1979 574 2025 quam
591 1962 683 2007 dies
708 1981 717 2006 :
742 1980 762 2002 »
788 1961 879 2006 dies
905 1961 1030 2005 nobis
1054 1962 1313 2021 prosperitas
1334 1961 1504 2017 saeculi,
1530 1978 1617 2013 nox
1638 1963 1761 2008 nobis
1787 1968 1813 2008 αὖ

385 2034 618 2079 adversitas
638 2032 785 2078 saeculi
807 2051 816 2076 2
841 2031 916 2076 sed
933 2031 966 2074 si
989 2046 1297 2089 cognoscamus
1314 2032 1468 2076 merito
1485 2042 1760 2091 peccatorum
1786 2051 1798 2075 ·;

385 2114 633 2150 nostrorum
658 2119 736 2146 nos
759 2101 1035 2146 adversitates
1058 2102 1174 2160 pati,
1198 2111 1242 2145 et
1264 2100 1407 2146 dulcia
1429 2102 1554 2146 nobis
1576 2104 1660 2146 sint
1687 2103 1765 2179 ssav¹
1801 2097 1815 2139 ΙΙ

387 2175 496 2234 gella
513 2174 671 2228 Patris,
688 2188 741 2216 ne
764 2173 816 2216 sit
835 2187 976 2215 amara
999 2171 1211 2215 sententia
1228 2171 1386 2231 judicis
1402 2193 1413 2229 3
1432 2173 1491 2216 sic
1511 2172 1757 2217 habebimus
1795 2171 1815 2219 ἸΙ

386 2246 586 2290 tenebras
610 2244 748 2288 noctis
776 2244 925 2303 hujus,
951 2242 1173 2302 quomodo
1199 2241 1351 2286 lumen
1380 2243 1517 2288 noctis
1544 2245 1687 2305 hujus.
1723 2244 1756 2290 S}
1782 2256 1815 2295 .-,Ι

386 2332 472 2361 nox
494 2324 578 2371 est,
600 2314 822 2375 quomodo
849 2314 908 2357 ibi
934 2312 1008 2356 lux
1030 2314 1121 2356 est?
1148 2316 1243 2358 Nox
1266 2323 1352 2366 est,
1378 2315 1480 2374 quia
1502 2324 1670 2359 erratur
1695 2314 1754 2363 hir
1799 2313 1815 2355 Ιι

387 2404 410 2431 a
445 2402 600 2446 genere
630 2387 840 2430 humano.
875 2386 969 2429 Nox
996 2392 1088 2438 est,
1121 2384 1224 2444 quia
1256 2385 1454 2429 nondum
1486 2386 1684 2429 venimus
1710 2385 1753 2430 ac'
1800 2395 1815 2424 ³<ss

386 2457 511 2501 illum
530 2457 660 2511 diem,
681 2470 812 2516 quem
829 2470 918 2499 non
934 2463 1125 2498 coaictat
1138 2454 1364 2500 hesternus
1378 2464 1421 2499 et
1434 2455 1672 2514 crastinus,
1691 2453 1753 2499 3εεῖ
1794 2450 1815 2495 ΙΙ

386 2537 449 2573 est
478 2527 569 2573 dies
597 2535 855 2588 perpetuus,
879 2524 970 2570 sine
992 2534 1114 2582 ortu,
1138 2524 1241 2585 quia
1264 2526 1356 2571 sine
1379 2541 1548 2572 occasu.
1581 2528 1677 2573 Nox
1703 2540 1757 2580 εει
1808 2543 1810 2558 ²

1787 1615 1815 1759 ᾖΙ

1804 1826 1813 1854 ΙΙ

1752 2607 1755 2647 Ι

1748 2738 1753 2854 Ι

1748 2859 1751 2944 Ι

1746 2945 1749 2971 Ι
