1815 3253
387 231 630 265 ananan-10
660 235 708 264 m
738 232 942 264 rsALth
972 235 1094 264 cxxx.
1365 223 1450 263 183

0 340 3 350 .
64 302 179 347 enim
206 315 297 346 non
317 299 489 357 infans,
514 300 590 345 sed
611 302 702 361 jam
730 300 1079 359 grandiusculus.
1105 300 1191 353 Qui
1213 308 1361 344 autem
1382 300 1453 344 in-

65 373 215 418 firmus
247 380 311 415 est
342 371 481 431 prima
507 371 693 415 infantia
709 406 719 425 ‚
747 387 846 430 quae
879 386 981 415 vcra
1004 369 1187 414 infantia
1209 378 1298 425 cst,
1323 385 1454 430 super

0 462 3 490 ς
63 451 245 488 matrem
263 456 383 485 suam
402 450 492 499 est3
517 441 551 486 si
565 440 679 485 forte
697 441 830 484 suerit
847 456 870 484 a
890 440 1005 488 lacte
1022 439 1213 494 ablatus,
1239 440 1456 498 extingui-

0 533 2 559 ῑ
63 521 148 559 tur.
168 515 265 558 Non
284 510 443 556 frustra
457 525 561 570 ergo
576 510 773 556 additum
788 520 867 565 est,
889 529 909 552 «
929 512 1067 569 Super
1083 518 1266 554 matrem
1285 525 1452 554 suam.»

62 582 279 628 Ablactari
300 584 417 626 enim
439 587 591 626 omnes
613 590 797 642 possunt
820 579 1072 625 crescendo.
1105 580 1191 634 Qui
1214 580 1388 636 crescit,
1414 589 1458 624 et

0 681 2 695 >
61 654 121 699 sic
143 653 412 708 ablactatur,
451 653 620 697 bonum
658 661 725 696 est
753 650 817 696 illi
843 670 852 697 z
884 651 960 712 qui
983 659 1132 695 autem
1162 649 1306 695 adhuc
1329 665 1460 710 super

61 733 245 768 matrem
260 738 382 768 suam
400 732 485 779 est,
505 723 814 784 perniciosum.
840 725 955 781 Ergo
976 721 1224 767 cavendum
1243 757 1254 776 ‚
1280 719 1457 777 fratres,

21 835 23 838 ,
61 803 106 838 et
132 793 378 838 timendum
409 802 498 849 est,
530 809 586 839 ne
612 794 710 854 quis
731 802 832 838 ante
859 801 1033 853 tempus
1054 791 1315 837 ablactetur.
1346 793 1459 837 Nam

61 864 202 909 omnis
225 863 398 923 grandis
425 879 534 923 puer
556 873 781 924 separatur
802 878 827 907 a
848 862 976 908 lacte.
1006 862 1091 908 Sed
1110 878 1167 907 ne
1182 863 1280 923 quis
1302 871 1410 907 tunc
1432 877 1457 907 a

20 966 22 971 ψ
61 933 174 979 lacte
205 941 455 992 separetur,
483 933 665 994 quando
697 933 842 980 adhuc
864 948 995 993 super
1022 942 1207 978 matrem
1229 947 1352 977 suam
1374 941 1453 977 est.

61 1006 175 1050 Cum
202 1012 349 1048 autem
381 1012 582 1063 portatur
610 1004 814 1048 manibus
849 1005 1026 1060 matris,
1063 1004 1141 1064 qui
1171 1012 1372 1063 portatus
1394 1011 1459 1048 est

62 1083 187 1120 utero
205 1109 216 1130 ‚
241 1077 258 1133 (
275 1084 472 1135 portatus
490 1084 554 1120 est
579 1076 696 1119 enim
717 1084 844 1120 utero
859 1110 871 1130 ‚
891 1084 942 1119 ut
963 1084 1238 1133 nasceretur3
1257 1083 1459 1135 portatur

65 1147 266 1191 manibus
283 1182 294 1202 ‚
319 1155 370 1191 ut
385 1156 550 1191 crescat
569 1150 612 1205 3)
632 1146 745 1191 lacte
762 1161 872 1207 opus
888 1146 1039 1202 habet,
1061 1145 1206 1191 adhuc
1221 1161 1351 1206 super
1367 1160 1458 1190 ma-

3 1228 6 1272 [
66 1227 177 1263 trem
197 1233 320 1262 suam
334 1228 412 1262 est.
424 1221 523 1264 Non
538 1233 641 1278 ergo
658 1217 764 1262 velit
782 1227 889 1262 tunc
907 1217 1094 1262 exaltare
1108 1218 1298 1262 animam
1315 1232 1455 1272 suam,

62 1305 164 1335 cum
182 1289 295 1334 forte
309 1290 453 1334 minus
468 1290 652 1334 idoneus
674 1299 738 1334 est
751 1291 807 1334 ad
824 1288 1086 1349 capiendum
1107 1289 1273 1345 cibum,
1288 1289 1362 1333 sed
1379 1289 1460 1332 im-

64 1359 181 1420 pleat
201 1370 418 1420 praecepta
439 1360 713 1405 humilitatis.
744 1360 885 1405 Habet
901 1360 980 1404 ubi
998 1375 1042 1404 sc
1059 1369 1259 1404 exerceat
1279 1378 1289 1405 t
1310 1359 1460 1404 credat

3 1449 9 1473 r
62 1430 107 1474 in
126 1430 349 1475 Christum
366 1465 377 1486 ‚
402 1439 452 1474 ut
482 1431 617 1490 possit
646 1429 888 1489 intelligere
909 1430 1150 1475 Christum.
1170 1428 1330 1474 Videre
1348 1432 1458 1473 Ver-

0 1537 8 1547 .
63 1500 171 1545 bum
198 1516 288 1545 non
314 1510 483 1560 potest,
519 1516 671 1561 capere
704 1516 794 1546 non
825 1509 967 1561 potest
1002 1500 1298 1562 aequalitatem
1322 1501 1460 1544 Verbi

0 1584 4 1614 r
63 1587 164 1617 cum
178 1574 317 1626 Patre,
333 1571 628 1631 aequalitatem
643 1571 825 1631 Spiritus
839 1571 978 1616 sancti
994 1587 1095 1615 cum
1110 1575 1236 1615 Patre
1251 1580 1295 1615 et
1311 1571 1460 1615 Verbo

63 1641 263 1686 nondum
286 1651 428 1701 potest
452 1640 598 1692 videre
621 1661 630 1685 :
654 1640 803 1686 credat
825 1642 909 1685 hoc
931 1650 975 1686 et
991 1650 1132 1699 sugat.
1162 1644 1348 1686 Securus
1365 1651 1430 1686 est
1446 1676 1457 1697 ‚

0 1738 2 1750 r
64 1714 165 1774 quia
186 1728 289 1757 cum
311 1714 518 1768 creverit,
544 1712 857 1767 manducabit,
884 1712 1006 1773 quod
1028 1729 1119 1758 non
1140 1722 1312 1773 poterat
1334 1722 1461 1758 ante-

65 1799 196 1843 quam
228 1783 423 1841 sugendo
445 1793 657 1827 cresceret
678 1802 686 1827 :
709 1792 751 1827 et
766 1784 903 1827 habet
923 1783 1002 1827 ubi
1023 1799 1068 1827 se
1085 1783 1306 1828 extendat.
1338 1802 1358 1825 «
1380 1783 1460 1829 Al-

69 1871 90 1895 »
123 1854 230 1898 tiora
245 1863 288 1898 te
305 1869 360 1898 ne
378 1854 613 1914 quaesieris,
630 1863 673 1898 et
689 1853 871 1898 fortiora
884 1863 926 1898 te
950 1869 1005 1897 ne
1019 1863 1235 1898 scrutatus
1250 1853 1386 1898 fueris
1408 1873 1416 1899 :
1435 1872 1457 1896 »

66 1924 113 1968 id
132 1933 217 1980 est,
245 1924 301 1969 ad
324 1941 424 1985 quae
442 1924 651 1984 capienda
675 1925 819 1968 minus
841 1917 1032 1969 idoneus⁸
1047 1940 1106 1969 es.
1124 1928 1182 1969 Et
1201 1925 1310 1985 quid
1329 1923 1457 1980 facio,

65 1996 239 2057 inquis?
263 1998 331 2042 Sic
348 1997 618 2041 remanebo?
638 2015 658 2038 «
686 1996 771 2041 Sed
802 2012 902 2057 quae
924 1997 1131 2056 praecepit
1149 1996 1231 2040 tibi
1250 1997 1461 2041 Dominus

67 2084 90 2109 >›
122 2067 195 2112 illa
218 2069 361 2127 cogita
379 2083 550 2127 semper
568 2070 627 2112 ¹.»
650 2072 756 2121 Quae
778 2068 860 2111 tibi
882 2068 1092 2127 praecepit
1106 2068 1349 2112 Dominus?
1372 2072 1461 2113 Fac

65 2137 419 2193 misericordiam,
443 2153 598 2197 pacem
620 2137 829 2182 Ecclesiae
844 2137 935 2182 noli
958 2137 1199 2193 dimittere,
1219 2138 1265 2181 in
1281 2138 1461 2182 homine

66 2223 185 2267 spem
233 2208 324 2252 noli
368 2224 531 2268 ponere
547 2244 558 2265 ‚
597 2208 888 2253 desiderando
924 2208 1133 2253 miracula
1168 2209 1259 2254 noli
1291 2218 1460 2253 tentare

65 2282 222 2324 Deum.
245 2279 288 2324 Si
306 2281 397 2340 jam
415 2290 478 2325 est
498 2282 545 2324 in
566 2289 610 2325 te
629 2280 798 2325 fructus
817 2316 828 2336 ,
849 2280 1071 2339 cognoscis
1089 2281 1191 2341 quia
1215 2295 1315 2325 cum
1332 2281 1460 2325 bonis

65 2349 222 2394 toleras
240 2350 401 2394 zizania
423 2366 560 2412 usque
579 2351 634 2395 ad
650 2366 834 2395 messem
846 2354 880 2407 2,
896 2351 999 2411 quia
1015 2366 1116 2396 cum
1140 2350 1264 2395 malis
1282 2349 1337 2395 ad
1355 2360 1460 2395 tem-

56 2436 148 2481 -pus
174 2430 299 2480 potes
321 2437 436 2477 esse,
463 2423 615 2467 nonin
637 2432 866 2467 aeternum.
894 2422 1023 2468 Palea
1043 2423 1114 2468 hic
1142 2423 1225 2468 tibi
1245 2423 1377 2467 mixta
1396 2431 1459 2466 est

67 2492 114 2538 in
133 2493 218 2537 hoc
234 2501 430 2552 tempore
450 2493 498 2554 iri
530 2508 627 2537 area
641 2528 651 2548 ‚
676 2495 722 2538 in
741 2495 896 2539 horreo
915 2503 1061 2539 tecum
1080 2498 1176 2540 non'
1187 2494 1284 2538 erit.
1315 2513 1335 2535 «
1355 2494 1458 2538 Haec

6 2587 11 2734 ἱ
115 2581 126 2598 ¹
145 2574 244 2608 Eccli.
264 2586 311 2618 m,
329 2584 383 2609 22.
404 2592 445 2599 -
471 2582 485 2599 ²
503 2575 628 2610 Matth.
647 2586 718 2618 xm,
740 2577 791 2609 30.

5 2739 8 2812 l
