1815 3253
380 212 622 243 ENAnnAno
654 214 698 242 m
731 212 934 241 ΡεΑιΜυΜ
964 211 1111 239 cxxxr.
1358 199 1442 237 193

20 300 23 326 :
59 282 144 327 bris
155 281 530 337 dormitationem,
552 295 651 325 eum
669 279 744 339 qui
760 279 856 324 vult
870 278 1064 323 invenire
1079 276 1224 320 locum
1237 273 1440 320 Domino.

117 354 194 396 lx.
233 371 254 394 «
289 355 345 397 Et
368 352 588 412 requiem,
605 349 764 411 inquit,
778 349 1048 409 temporibus
1064 347 1221 391 meis.»
1246 346 1444 405 Arequie

59 431 303 482 temporum
326 438 503 467 somnus
524 421 643 467 venit
665 420 719 465 ad
741 419 905 466 oculos.
928 422 1140 478 Tempora
1158 416 1270 461 circa
1294 415 1444 460 oculos

20 498 23 551 j
58 502 171 538 sunt.
188 492 336 537 Veluti
357 493 534 537 futurus
548 507 745 546 somnus,
762 489 949 550 gravedo
966 498 1214 547 temporum
1236 495 1314 530 est.
1334 488 1446 531 Nam

20 574 23 617 ε
59 563 307 608 hominibus
331 562 582 609 dormituris
601 561 769 622 gravari
790 571 986 619 tempora
1011 557 1255 617 incipiunt,
1281 565 1324 600 et
1345 571 1449 600 cum

20 626 23 647 ¹
59 633 269 678 senserint
285 634 367 678 sibi
385 634 552 693 gravari
571 643 765 693 tempora
781 667 791 687 ,
810 632 901 692 jam
921 629 1120 673 imminet
1135 642 1312 672 somnus
1339 645 1348 671 ;
1369 626 1447 686 qui

19 657 23 833 1
58 703 91 749 si
112 703 282 748 dandus
304 715 368 749 est
398 705 560 759 oculis,
595 704 702 748 dant
734 702 928 762 requiem
965 699 1233 759 temporibus
1264 698 1373 753 suis,
1405 705 1449 740 et

57 775 174 819 venit
197 790 401 832 somnus,
436 776 469 819 si
488 790 578 820 non
600 773 801 819 dederint
816 772 1013 832 requiem
1034 769 1305 830 temporibus
1327 768 1414 812 suis
1432 802 1443 822 ,

58 859 144 888 non
167 844 288 888 venit
307 860 499 889 somnus.
522 847 635 890 Cum
653 860 756 903 ergo
769 843 950 903 coeperit
962 851 1004 886 te
1026 839 1192 901 aliquid
1209 836 1448 898 temporale

19 838 23 1047 1
57 913 271 958 delectare
289 916 346 959 ad
367 924 620 975 peccatum,
641 918 730 976 jam
766 923 1000 973 gravantur
1029 912 1106 957 tibi
1135 921 1346 970 tempora.
1373 909 1447 952 Vis

57 985 277 1044 evigilare,
303 995 347 1030 et
360 1001 450 1030 non
468 986 679 1040 dormire,
706 1001 787 1029 nec
809 984 1073 1029 dormitare?
1095 981 1193 1027 Noli
1214 990 1257 1025 te
1272 980 1448 1024 credere

19 1052 23 1106 ’ς
58 1054 130 1099 tali
152 1055 431 1100 delectationi
459 1075 468 1100 :
493 1057 673 1116 majores
696 1055 867 1100 dolores
890 1053 1071 1098 habebit
1093 1066 1227 1112 quam
1256 1051 1448 1095 suavita-

19 1118 23 1184 l
57 1134 132 1170 tes.
173 1129 258 1171 Ista
297 1127 559 1185 cogitatione
595 1125 717 1187 quasi
751 1124 996 1171 confricans
1025 1122 1240 1177 frontem,
1284 1120 1449 1166 excutis

19 1207 23 1251 Ι
55 1211 278 1252 somnum,
309 1207 352 1241 et
375 1212 497 1257 paras
519 1197 667 1242 locum
689 1196 892 1241 Domino.

20 1256 23 1336 ξ
112 1269 169 1311 Χ.
205 1286 225 1309 «
258 1270 406 1312 Donec
436 1268 657 1312 inveniam
682 1266 831 1311 locum
865 1267 1075 1321 Domino,
1114 1262 1450 1309 tabernaculum

20 1337 23 1377 l
58 1355 78 1379 »
113 1340 202 1382 Deo
224 1337 375 1382 Jacob.
401 1356 420 1379 »
449 1340 712 1398 Quanquam
731 1335 969 1397 aliquando
1000 1335 1161 1379 dicitur
1184 1334 1450 1378 tabernacu-

54 1406 146 1451 lum
177 1409 254 1452 Dei
277 1407 431 1452 domus
456 1409 556 1462 Dei,
591 1417 634 1453 et
662 1408 818 1453 domus
847 1407 924 1451 Dei
962 1404 1293 1450 tabernaculum
1331 1404 1408 1448 Dei
1435 1423 1444 1448 ;

21 1492 23 1529 ς
54 1476 295 1521 distinctius
324 1487 470 1522 tamen
493 1479 729 1538 accipitur,
764 1477 917 1523 fratres
951 1474 1216 1530 charissimi,
1241 1474 1446 1518 taberna-

21 1561 23 1603 ξ
55 1547 201 1592 culum
212 1548 402 1592 Ecclesia
425 1549 667 1593 secundum
687 1549 771 1593 hoc
793 1557 989 1607 tempus3
1013 1545 1169 1590 domus
1193 1553 1339 1588 autem
1357 1547 1444 1588 Ec-

21 1617 178 1690 chesia
221 1618 408 1662 coelestis
446 1608 709 1676 Jerusalem,
745 1633 834 1678 quo
875 1617 1051 1660 ibimus.
1093 1613 1444 1659 Tabernaculum

21 1694 23 1743 l
53 1688 166 1731 enim
201 1697 408 1748 tanquam
446 1689 728 1733 militantium
755 1696 799 1731 et
819 1687 1136 1747 pugnantium,
1159 1684 1444 1730 tabernacula

21 1745 24 1824 l
53 1756 238 1802 militum
272 1758 319 1802 in
354 1759 604 1818 procinctu,
633 1759 680 1802 in
702 1757 1008 1817 expeditione,
1044 1756 1165 1801 unde
1207 1756 1445 1801 contuber-

22 1846 23 1890 ]
54 1827 168 1873 nales
209 1828 416 1874 dicuntur
458 1829 635 1884 milites,
680 1829 801 1889 quasi
850 1827 1134 1873 tabernacula
1173 1827 1326 1871 eadem
1364 1827 1444 1871 ha-

22 1935 23 1939 ,
54 1896 202 1943 bentes
243 1908 286 1943 et
319 1899 581 1944 habitantes.
618 1898 826 1953 Quandiu
868 1913 970 1956 ergo
1015 1898 1230 1942 habemus
1273 1897 1444 1940 hostem

55 1981 152 2012 cum
183 1985 271 2029 quo
309 1985 578 2029 pugnemus,
609 1968 940 2014 tabernaculum
974 1971 1064 2013 Deo
1095 1967 1294 2013 facimus.
1330 1968 1445 2011 Cum

22 2051 23 2078 l
55 2046 197 2082 autem
218 2040 435 2084 transierit
459 2049 631 2099 tempus
653 2055 814 2099 pugnae
830 2074 841 2093 ,
877 2051 921 2083 et
941 2038 1110 2082 venerit
1137 2053 1221 2097 pax
1247 2036 1321 2080 illa
1343 2052 1445 2096 quae

54 2108 257 2167 praecellit
274 2125 449 2154 omnem
471 2109 762 2165 intellectum,
793 2109 905 2154 sicut
926 2107 1033 2153 dicit
1054 2106 1312 2167 Apostolus,
1342 2125 1364 2148 «
1386 2108 1445 2150 Et

22 2222 24 2241 ,
56 2195 76 2219 »
108 2194 188 2238 pax
231 2180 392 2224 Christi
433 2196 532 2240 quae
569 2178 781 2240 praecellit
821 2194 998 2224 omnem
1038 2177 1378 2235 intellectum13
1419 2194 1440 2218 »

21 2247 24 2308 l
57 2259 458 2311 quantumcumque
500 2253 616 2295 enim
653 2251 910 2310 cogitaveris
941 2249 996 2294 de
1029 2264 1136 2309 pace
1173 2247 1271 2303 illa,
1301 2248 1446 2292 minus

22 2311 24 2335 ²
58 2333 148 2363 eam
170 2320 286 2379 capit
315 2321 484 2365 animus
514 2321 657 2366 adhuc
679 2322 726 2365 in
747 2321 828 2365 ista
850 2321 1043 2380 corporis
1066 2319 1298 2377 gravedine
1320 2333 1449 2363 cons-

22 2442 23 2448 ¹
57 2389 208 2435 titutus
235 2410 243 2435 :
268 2406 369 2435 cum
397 2393 567 2436 venerit
588 2392 662 2436 illa
682 2391 843 2451 patria,
877 2393 968 2452 jam
989 2390 1146 2435 domus
1167 2390 1272 2444 erit,
1300 2388 1448 2434 nullus

22 2457 24 2526 l
60 2459 322 2506 adversarius
345 2463 560 2518 tentabit,
586 2472 636 2507 ut
662 2462 996 2507 tabernaculum
1012 2470 1206 2507 vocetur.
1227 2463 1325 2507 Non
1346 2475 1450 2520 pro-

22 2531 24 2577 ἰ
106 2551 113 2568 ι
141 2547 254 2589 Philip.
280 2558 325 2588 xv,
351 2558 380 2588 7.

193 2610 316 2640 cxix.
1192 2602 1240 2642 13
