1815 3253
340 191 580 220 ENARRA'mo
613 193 656 218 11⁸1
691 192 893 218 PSALMUM
924 190 1127 217 cxxxviu.
1341 181 1424 219 303

44 259 187 306 vultus
205 257 340 302 nostri
361 271 519 317 panem
538 256 851 301 manducemus
876 259 906 300 ¹.
934 258 1121 300 Tantum
1146 257 1180 300 si
1200 258 1322 315 panis
1338 267 1424 312 est,

43 328 268 374 attendite.
295 328 420 371 Panis
449 335 595 371 autem
617 336 703 382 est,
727 326 762 371 si
783 327 980 372 Christus
1001 335 1065 370 est
1093 344 1102 370 t
1127 344 1148 367 «
1183 329 1277 386 Ego
1301 343 1396 371 sum
1413 361 1426 382 ,

46 418 66 443 »
98 400 255 460 inquit,
277 399 398 458 panis
415 398 536 442 vivus
549 398 625 458 qui
643 398 698 442 de
719 398 834 443 coelo
855 397 1060 442 descendi
1076 398 1109 440 ².
1132 413 1152 438 ν»
1175 399 1316 450 Quem
1333 414 1428 443 ma-

44 469 293 516 nifestatum
317 468 528 513 habemus
551 468 596 511 in
611 467 865 527 Evangelio,
890 468 1032 528 ipsum
1054 483 1302 528 quaeramus
1319 477 1362 512 et
1383 469 1429 513 in

42 539 281 599 Prophetis.
306 541 433 583 Hunc
450 538 511 582 ibi
536 554 626 583 non
645 538 799 583 vident
825 553 955 597 super
972 553 1162 598 quorum
1183 553 1259 582 cor
1284 538 1430 582 adhuc

42 610 239 656 velamen
267 609 456 669 positum
474 618 538 653 est
553 610 568 634 ³
585 643 596 664 ,
617 607 736 652 unde
754 607 921 652 audivit
939 607 1139 653 Charitas
1163 610 1315 652 Vestra
1332 609 1433 653 hes-

46 689 168 725 terno
182 679 267 724 die.
288 679 421 724 Nobis
441 688 587 723 autem
605 679 706 739 quia
732 677 991 722 sacrificium
1017 678 1314 737 vespertinum
1332 694 1433 723 cru-

44 751 102 796 cis
117 749 288 795 Domini
300 748 512 793 conscidit
524 747 670 793 velum
685 749 717 803 ⁴,
730 758 781 792 ut
796 757 971 807 pateant
978 749 1069 808 jam
1083 748 1233 808 templi
1245 758 1408 793 secreta
1421 769 1433 807 3

43 820 241 881 quandiu
273 820 398 864 nobis
424 820 622 864 Christus
651 818 939 878 praedicatur,
974 818 1053 862 etsi
1079 834 1180 863 cum
1207 818 1359 864 labore
1393 829 1437 864 et

44 890 201 936 sudore
217 923 229 944 ,
251 889 586 934 manducandus
602 898 667 933 est
682 890 819 949 panis.

57 976 61 980 ·
103 964 160 1005 11.
188 960 403 1020 Loquitur
430 970 576 1003 autem
601 960 811 1004 Dominus
841 969 988 1003 noster
1009 962 1134 1004 Jesus
1164 961 1362 1005 Christus
1389 961 1436 1004 in

46 1031 271 1091 Prophetis
291 1029 526 1090 aliquando
542 1045 592 1073 ex
615 1045 800 1089 persona
822 1030 973 1088 capitis
994 1030 1151 1085 nostri,
1174 1031 1251 1091 qui
1267 1040 1332 1075 est
1346 1031 1436 1090 ipse

45 1102 240 1148 Christus
265 1101 474 1155 salvator,
499 1099 653 1144 sedens
671 1099 727 1143 ad
754 1099 975 1143 dexteram
1002 1100 1138 1143 Patris
1165 1117 1177 1150 3
1201 1101 1277 1160 qui
1306 1101 1437 1144 etiam

45 1181 220 1234 propter
237 1187 315 1216 nos
329 1180 457 1215 natus
474 1171 530 1214 de
549 1170 745 1229 Virgine,
766 1179 810 1214 et
826 1170 909 1214 sub
933 1170 1088 1214 Pontio
1105 1170 1266 1226 Pilato,
1290 1171 1437 1231 qualia

46 1243 195 1298 nostis,
220 1257 368 1302 passus
387 1250 473 1298 est,
493 1240 590 1285 fuso
608 1240 844 1284 innocente
861 1240 1094 1298 sanguine,
1113 1240 1234 1300 quod
1251 1250 1315 1285 est
1339 1257 1439 1301 pre-

47 1313 156 1357 tium
177 1322 391 1366 nostrum,
413 1310 598 1355 redemit
614 1320 821 1355 nocentes
846 1326 870 1354 a
892 1310 1164 1370 captivitate,
1189 1312 1234 1355 in
1251 1328 1338 1372 qua
1356 1313 1438 1357 de-

4 1363 12 1457 }
46 1382 293 1428 tinebamur
308 1398 330 1426 a
352 1380 527 1425 diabolo
544 1414 556 1436 ,
586 1379 754 1425 donans
771 1380 898 1424 nobis
913 1379 1100 1436 delicta,
1121 1390 1165 1425 et
1186 1381 1280 1440 ipso
1298 1383 1438 1441 pretio

5 1464 14 1501 t
46 1461 195 1497 nostro
222 1451 432 1510 sanguine
457 1465 535 1494 suo
552 1450 702 1494 delens
729 1450 1089 1509 chirographum,
1110 1466 1200 1510 quo
1219 1450 1437 1498 debitores

6 1514 8 1533 ¹
46 1523 304 1568 tenebamur
323 1523 354 1565 ⁵.
380 1524 476 1580 Ipse
497 1529 562 1564 est
582 1530 723 1564 rector
744 1529 787 1564 et
804 1535 985 1579 sponsus
1006 1529 1050 1564 et
1077 1521 1329 1581 redemptor
1349 1526 1436 1567 Ec·-

7 1577 22 1674 θ’
47 1592 201 1648 clesiae,
226 1601 358 1652 caput
378 1601 588 1636 nostrum.
614 1593 671 1634 Et
699 1591 852 1650 utique
873 1590 907 1634 si
929 1599 1061 1650 caput
1083 1600 1162 1646 est,
1187 1592 1322 1636 habet
1342 1609 1440 1638 cor-

8 1671 15 1708 ἰ
48 1679 142 1724 pus.
162 1665 331 1722 Corpus
353 1671 499 1706 autem
520 1661 612 1721 ejus
625 1669 774 1704 sancta
791 1660 1001 1715 Ecclesia,
1019 1677 1120 1720 quae
1134 1661 1263 1705 etiam
1280 1664 1437 1724 conjux

49 1735 139 1794 ejus
159 1753 168 1778 ι
192 1733 264 1777 cui
285 1731 392 1777 dicit
408 1729 659 1791 Apostolus,
684 1749 700 1770 ε(
724 1732 811 1774 Vos
826 1739 973 1774 autem
987 1731 1086 1775 estis
1108 1745 1265 1791 corpus
1279 1733 1440 1778 Christi

12 1819 16 1825 ·
52 1821 72 1846 n
107 1813 151 1847 et
170 1803 368 1847 membra
390 1803 422 1844 ⁶.
463 1821 480 1842 »
505 1803 638 1845 Totus
658 1800 809 1860 itaque
830 1800 1026 1845 Christus
1049 1811 1180 1861 caput
1199 1811 1243 1846 et
1264 1818 1440 1864 corpus,

50 1883 257 1935 tanquam
279 1875 447 1931 integer
467 1872 531 1916 vir
552 1891 561 1917 :
585 1873 686 1932 quia
709 1880 753 1915 et
774 1869 956 1915 foemina
977 1871 1032 1915 de
1052 1873 1145 1917 viro
1166 1872 1280 1917 facta
1297 1884 1381 1930 est,
1400 1884 1444 1919 et

51 1945 106 1990 ad
140 1945 282 1989 virum
318 1943 508 2004 pertinet
526 1963 536 1999 3
568 1951 611 1986 et
645 1941 810 1986 dictum
844 1951 908 1986 est
940 1941 996 1986 de
1030 1942 1171 2001 primo
1204 1945 1406 2006 conjugio
1425 1982 1438 2002 ,

29 2031 34 2036 ·
55 2035 76 2058 α
108 2019 250 2060 Erunt
271 2016 361 2059 duo
382 2015 428 2058 in
444 2028 573 2058 carne
595 2029 684 2056 una
710 2014 740 2056 ⁷.
770 2031 790 2054 »
818 2015 912 2056 Hoc
939 2022 1086 2057 autem
1108 2013 1162 2058 ad
1184 2017 1441 2072 mysterium

53 2085 360 2146 interpretatur
391 2083 626 2144 Apostolus
653 2098 743 2127 non
775 2083 935 2128 frustra
957 2100 1047 2128 esse
1076 2084 1242 2129 dictum
1276 2086 1332 2131 de
1358 2088 1442 2133 illis

54 2155 224 2201 duobus
236 2155 508 2210 hominibus,
528 2154 610 2198 nisi
625 2154 728 2213 quia
750 2154 796 2196 in
817 2154 876 2197 eis
891 2155 982 2214 jam
1000 2155 1272 2214 figurabatur
1293 2159 1442 2203 Chris-

56 2234 123 2270 tus
142 2236 186 2271 et
206 2225 416 2281 Ecclesia,
440 2240 542 2269 nam
561 2226 645 2269 hoc
666 2225 726 2269 sic
749 2225 926 2284 exponit
946 2226 1180 2285 Apostolus
1206 2247 1215 2272 ε
1244 2248 1261 2269 «
1298 2232 1441 2274 Erunt

61 2315 79 2338 ι
111 2295 201 2342 duo
220 2297 266 2341 in
283 2311 427 2351 carne,
451 2295 610 2355 inquit,
634 2310 722 2339 una
752 2314 762 2340 z
786 2305 1107 2341 sacramentum
1124 2297 1209 2343 hoc
1229 2314 1441 2359 magnum

26 2942 29 2968 ι

103 2401 112 2417 ¹
136 2397 216 2427 Gen.
236 2405 282 2435 m,
300 2405 399 2436 19.—
419 2399 431 2415 ²
446 2394 598 2433 Joan.v1,
613 2391 717 2434 41.—
737 2390 750 2415 3
765 2401 784 2424 2
802 2394 874 2425 Cor.
895 2404 944 2434 ω,
968 2392 1019 2435 14.
1039 2410 1081 2416 —
1098 2393 1114 2419 ⁶
1131 2396 1245 2428 Matth.
1266 2407 1369 2440 xxvii,
1385 2398 1440 2430 51.

59 2466 99 2472 —
116 2447 131 2472 5
146 2450 265 2483 Coloss.
286 2448 395 2491 n,'13‚
417 2446 469 2489 14.
491 2464 533 2470 —
549 2444 566 2470 ⁶
587 2458 599 2479 1
620 2448 695 2480 Cor.
711 2457 769 2489 ιιι,
784 2455 838 2489 27.
859 2464 902 2470 —
920 2455 934 2481 7
953 2450 1032 2482 Gen.
1053 2459 1091 2491 11,
1111 2449 1167 2491 24.
