1815 3253
446 210 689 243 mmmm-10
722 216 768 244 m
800 213 1004 245 PsALMUM
1033 215 1175 244 exui.
1382 203 1468 245 495

90 409 1469 430 ἏΜΜΜΜΜΜΜΜΜΜΜΜΜΜΜΜΜΜΜΜΜΜΜΜΜ

599 555 984 606 ENARRATIO

430 730 492 769 IN
548 729 853 771 PSALMUM
900 730 1109 771 CXLVI.

512 884 662 928 Sermo
683 883 739 928 ad
758 882 1024 943 populum1.

142 1043 177 1084 Ι.
199 1043 380 1085 INTENTI
402 1041 711 1098 audiebamus,
735 1058 837 1088 cum
859 1042 1055 1088 Psalmus
1071 1057 1259 1102 praesens
1276 1051 1473 1086 cantare-

80 1118 177 1154 tur:
197 1120 241 1154 et
258 1126 348 1154 non
365 1127 515 1156 omnes
537 1113 614 1172 qui
631 1112 934 1167 audiebamus,
951 1113 1077 1156 etiam
1101 1110 1469 1170 intelligebamus.

81 1181 254 1232 Quanto
274 1181 408 1239 magis
431 1196 533 1240 ergo
549 1182 715 1226 intente
732 1196 850 1226 nunc
866 1180 1109 1225 audiendus
1127 1190 1207 1236 est,
1223 1180 1257 1224 si
1280 1190 1330 1225 ut
1350 1196 1473 1238 spero

80 1259 123 1294 et
145 1251 276 1310 cupio
290 1287 302 1306 ,
325 1252 634 1311 adjuvantibus
654 1253 852 1297 omnium
875 1251 1148 1296 audientium
1171 1252 1442 1296 orationibus
1458 1286 1470 1308 ,

80 1321 115 1364 si
137 1321 245 1381 quid
268 1322 338 1365 hic
355 1321 467 1366 forte
486 1324 723 1368 obscurum
741 1333 830 1379 est,
855 1326 944 1367 Deo
962 1323 1153 1367 donante
1175 1321 1439 1367 revelabitur
1459 1343 1472 1382 3

80 1400 132 1435 ut
150 1391 204 1435 sit
226 1390 477 1436 fructuosus
505 1393 680 1438 auditus
699 1429 710 1449 ,
735 1409 816 1437 nec
833 1392 974 1437 inanis
997 1392 1146 1436 redeat
1168 1392 1341 1436 auditor
1360 1427 1372 1448 ,
1397 1392 1475 1452 qui

79 1461 272 1505 intentus
293 1462 543 1507 affuit'cum
576 1463 777 1508 audiret?
797 1463 922 1508 Unde
944 1463 1108 1523 coepit?
1129 1463 1262 1508 Nobis
1279 1463 1440 1507 dicitur
1460 1481 1471 1507 :

85 1550 106 1574 «
140 1531 335 1576 Laudate
367 1533 619 1578 Dominum.
647 1552 668 1575 »
703 1533 870 1579 Dicitur
899 1534 983 1578 hoc
1011 1533 1216 1578 omnibus
1241 1533 1472 1591 gentibus,

81 1617 172 1646 non
195 1601 295 1646 solis
319 1602 460 1647 nobis.
485 1606 542 1648 Et
562 1604 688 1649 istam
706 1618 858 1649 vocem
880 1619 957 1664 per
978 1603 1073 1648 loca
1105 1603 1284 1664 quidem
1307 1603 1478 1662 singula

81 1682 308 1717 sonantem
326 1689 350 1717 a
366 1673 619 1732 lectoribus,
645 1674 898 1734 singillatim
920 1673 1107 1718 audiunt
1127 1673 1333 1718 Ecclesiae
1354 1693 1363 1718 ε
1390 1689 1478 1718 una

82 1759 165 1788 vox
189 1753 335 1788 tamen
358 1745 434 1788 Dei
453 1761 584 1805 super
600 1761 752 1791 omnes
776 1761 866 1789 non
885 1754 1014 1800 tacet,
1036 1753 1084 1788 ut
1106 1743 1334 1788 laudemus
1356 1759 1474 1788 eum.

81 1817 139 1859 Et
170 1815 295 1875 quasi
326 1832 624 1876 quaereremus
651 1832 786 1877 quare
816 1816 996 1860 laudare
1035 1819 1174 1860 Deum
1208 1815 1475 1871 debeamus,

83 1884 228 1930 videte
247 1901 382 1946 quam
399 1902 573 1931 eausam
595 1887 740 1931 attulit
761 1905 770 1931 ;
791 1905 812 1928 «
827 1885 1024 1930 Laudate
1048 1886 1301 1941 Dominum,
1315 1885 1476 1945 inquit,

87 1974 107 1998 »
142 1958 352 2017 quoniam
377 1958 521 2002 bonus
543 1957 786 2003 Psalmus2.
813 1975 834 1999 »
863 1960 967 2002 Haec
989 1966 1053 2001 est
1075 1972 1237 2001 merces
1266 1965 1357 2001 tota
1377 1956 1478 2000 lau-

81 2027 321 2071 dantium?
345 2027 595 2072 Laudemus
616 2028 865 2073 Dominum.
900 2028 1077 2080 Quare?
1103 2046 1124 2070 «
1155 2027 1370 2080 Quoniam
1394 2028 1479 2072 bo-

87 2116 108 2140 »
142 2114 224 2141 nus
254 2096 466 2142 Psalmus.
505 2115 527 2139 »
563 2097 733 2142 Vellem
762 2113 868 2156 ego,
903 2097 1047 2158 inquit
1078 2097 1262 2158 aliquis,
1299 2097 1480 2142 laudare

85 2170 346 2223 Dominum,
379 2170 414 2212 si
450 2168 558 2212 mihi
580 2168 748 2229 aliquid
778 2184 858 2228 pro
880 2169 960 2213 ista
986 2168 1117 2213 laude
1140 2169 1338 2213 donaret.
1373 2168 1481 2222 Quis

85 2241 205 2286 enim
225 2239 374 2301 laudet
391 2241 519 2298 gratis
539 2239 611 2285 vel
633 2240 882 2285 hominem?
895 2243 1142 2300 Expectant
1164 2255 1267 2300 ergo
1290 2239 1482 2300 aliquam

81 2311 328 2356 mercedem
340 2309 590 2355 laudatores
606 2311 837 2355 hominum
855 2329 864 2355 ε
885 2310 1138 2354 nullam-ne
1151 2312 1397 2354 mercedem
1415 2326 1483 2354 ex-

76 2391 250 2442 pectare
266 2416 278 2436 ,
318 2390 397 2425 aut
433 2390 583 2440 petere
600 2415 612 2435 ‚
651 2389 729 2425 aut
759 2396 930 2440 sperare
967 2380 1100 2424 debet
1128 2380 1330 2425 laudator
1372 2381 1481 2425 Dei?

85 2452 312 2497 Laudatur
344 2451 574 2507 infirmus,
606 2460 651 2495 et
671 2460 868 2511 speratur
896 2449 952 2495 de
979 2465 1031 2495 eo
1053 2449 1220 2511 aliquid
1241 2469 1252 2495 ι
1275 2449 1484 2495 laudatur

147 2555 156 2573 ¹
178 2551 290 2582 Sermo
308 2548 351 2582 ad
367 2550 520 2593 populum
532 2548 619 2582 forte
634 2547 927 2591 carthaginensem,
944 2557 987 2581 ex
999 2559 1031 2581 n.
1055 2558 1106 2590 17.
1127 2563 1169 2571 —
1184 2554 1198 2571 2
1216 2547 1298 2581 Psal.
1309 2558 1412 2591 exuri,
1430 2559 1459 2581 1.
