1815 3253
403 194 645 226 immun-10
675 197 722 225 m
753 193 957 226 PsALMUM
987 196 1082 224 ch.
1336 183 1421 224 369

37 262 231 307 membra
248 271 393 318 vexat,
421 263 498 324 qui
513 277 695 322 pomum
712 262 850 321 carpit
871 262 926 306 de
949 261 1118 305 arbore.
1145 260 1249 303 Haec
1275 272 1331 302 ne
1351 258 1422 304 fa-

37 332 121 376 ciat
141 332 187 376 in
207 348 309 392 agro
327 331 432 378 falsa
450 334 707 389 homicidia,
732 331 836 377 facit
855 333 901 377 in
919 332 1090 376 foenore
1111 345 1211 375 vera
1233 330 1420 374 homici-

37 400 121 446 dia.
149 405 309 447 Panem
333 402 599 448 mendicanti
621 419 710 448 non
728 403 918 460 porrigit.
940 401 1096 446 Videte
1118 400 1152 444 si
1170 409 1311 459 potest
1333 414 1423 444 esse

37 472 173 531 major
194 473 396 534 iniquitas
418 474 495 518 ista
508 474 692 534 justitia.
726 477 888 518 Panem
916 470 1183 515 mendicanti
1214 485 1306 515 non
1331 485 1425 529 por-

38 541 137 600 rigit
162 562 171 587 z
195 544 374 602 quaeris,
409 546 575 604 quare?
597 547 659 590 Ne
689 544 821 588 vitam
844 557 945 602 quae
970 550 1036 585 est
1062 541 1107 585 in
1134 555 1246 600 pane
1261 575 1272 595 ,
1290 554 1424 600 quam

38 610 189 657 dicunt
218 614 465 658 membrum
492 615 596 670 Dei,
622 613 909 659 substantiam
944 611 1136 656 divinam
1156 646 1168 666 ,
1196 610 1424 655 mendicus

38 680 109 727 ille
130 684 333 743 accipiat,
357 693 402 728 et
416 684 520 742 liget
543 700 637 729 eam
653 685 699 728 in
723 699 869 728 carne.
894 683 1009 735 Quid
1039 697 1143 740 ergo
1163 683 1269 726 vos?
1291 680 1422 741 quid,

38 768 171 813 quare
199 755 501 799 manducatis?
535 757 721 800 Carnem
753 769 843 798 non
873 752 1072 797 habetis?
1103 753 1188 797 Sed
1217 767 1296 797 nos
1314 786 1325 807 ,
1356 752 1427 795 in-

39 823 201 884 quiunt
212 859 227 879 ,
251 825 354 884 quia
368 825 454 869 fide
466 825 697 870 Manichaei
715 823 948 868 illuminati
961 837 1112 868 sumus
1128 857 1139 878 ,
1155 821 1428 867 orationibus

39 901 82 938 et
104 893 282 938 Psalmis
303 895 459 939 nostris
476 930 487 950 ‚
512 895 589 955 qui
610 894 737 939 electi
767 908 916 937 sumus
932 927 943 948 ‚
980 907 1218 952 purgamus
1238 892 1342 936 inde
1363 892 1430 936 vi-

40 971 128 1008 tam
154 980 254 1024 quae
276 974 339 1008 est
353 965 397 1008 in
415 963 491 1008 illo
513 980 647 1023 pane,
674 974 718 1009 et
737 965 950 1008 mittimus
971 963 1091 1007 illam
1119 962 1175 1007 ad
1205 964 1430 1007 thesauros

40 1034 268 1081 coelorum.
292 1034 415 1079 Tales
437 1044 539 1079 sunt
561 1035 687 1080 electi
707 1070 718 1090 ,
741 1045 792 1079 ut
817 1050 907 1080 non
929 1034 1015 1079 sint
1044 1033 1239 1079 salvandi
1264 1050 1287 1078 a
1309 1038 1426 1090 Deo,

39 1105 112 1150 sed
126 1106 358 1150 salvatores
380 1105 472 1150 Dei.
496 1108 552 1149 Et
573 1106 663 1164 ipse
684 1115 748 1149 est
769 1106 986 1159 Christus,
1012 1103 1180 1160 dicunt,
1198 1105 1431 1149 crucifixus

38 1177 84 1222 in
98 1186 191 1222 toto
213 1177 395 1221 mundo.
420 1180 514 1236 Ego
545 1176 591 1220 in
612 1175 851 1234 Evangelio
879 1174 1146 1220 Salvatorem
1178 1191 1430 1235 acceperam

38 1248 255 1294 Christum
265 1283 275 1302 ,
291 1263 366 1292 vos
379 1257 524 1291 autem
540 1247 638 1290 estis
654 1247 700 1290 in
708 1246 829 1290 libris
843 1246 994 1291 vestris
1005 1245 1238 1291 salvatores
1249 1248 1425 1293 Christi.

38 1318 148 1363 Estis
169 1318 298 1378 plane
317 1317 686 1377 blasphematores
709 1317 893 1372 Christi,
919 1326 963 1360 et
977 1316 1075 1360 ideo
1092 1332 1116 1360 a
1139 1318 1312 1363 Christo
1332 1334 1424 1363 non

37 1388 242 1433 salvandi.
255 1391 372 1447 Ergo
392 1386 586 1432 buccella
604 1403 660 1431 ne
672 1387 802 1431 detur
816 1386 1036 1440 mendico,
1047 1395 1090 1429 et
1104 1387 1246 1446 ploret
1263 1389 1309 1433 in
1324 1389 1430 1434 buc-

36 1458 144 1504 cella
164 1460 412 1503 membrum
435 1458 537 1513 Dei,
558 1458 784 1502 mendicus
806 1456 921 1501 fame
942 1458 1178 1502 moriturus
1193 1462 1286 1504 est?
1301 1459 1428 1505 Falsa

36 1529 328 1574 misericordia
348 1530 395 1573 in
425 1528 669 1573 buccellam
688 1563 698 1583 ‚
733 1528 839 1573 facit
867 1543 1022 1572 verum
1064 1528 1350 1574 homicidium
1381 1531 1428 1575 in

0 1629 2 1652 ,
22 1599 274 1644 hominem.
295 1598 378 1644 Sed
403 1600 480 1659 qui
501 1608 604 1643 sunt
630 1600 700 1644 isti
722 1599 848 1643 electi
874 1599 1052 1643 eorum?
1074 1617 1095 1640 «
1116 1601 1215 1644 Non
1237 1599 1429 1646 declines

0 1706 3 1713 ,
40 1687 60 1711 »
93 1685 169 1714 cor
193 1685 341 1714 meum
363 1670 410 1713 in
430 1669 560 1713 verba
585 1668 775 1728 maligna
794 1703 806 1724 ‚
831 1677 875 1712 et
911 1683 1002 1712 non
1033 1668 1296 1715 combinabo
1324 1686 1428 1716 cum

0 1775 4 1784 .
39 1757 60 1781 »
93 1740 239 1785 electis
256 1755 422 1785 eorum.
449 1758 469 1781 »

92 1813 220 1855 XIII.
250 1830 270 1852 «
289 1808 636 1854 Emendabitme
655 1811 796 1869 justus
812 1809 858 1852 in
874 1809 1168 1853 misericordia
1185 1845 1196 1863 ‚
1214 1820 1258 1856 et
1274 1823 1426 1871 arguet

1 1901 6 1934 1
40 1899 61 1924 »
82 1883 188 1925 me¹.
203 1880 392 1924 »Videte
406 1889 680 1940 peccatorem
691 1877 997 1925 confessorem.
1017 1880 1253 1925 Emendari
1269 1898 1312 1926 se
1328 1884 1426 1929 vult

79 1952 381 2007 isericorditer,
396 1952 541 2011 potius
554 1967 686 2011 quam
703 1950 872 1996 laudari
885 1949 1112 1995 fallaciter.
1128 1954 1427 2001 «Emendabit

33 2040 61 2065 ·»
93 2039 163 2068 me
178 2024 320 2083 justus
341 2023 386 2066 in
399 2021 689 2067 misericordia
715 2041 725 2067 :
752 2040 773 2064 »
794 2022 828 2066 si
845 2024 988 2081 justus
1010 2030 1098 2079 est,
1124 2022 1159 2067 si
1181 2024 1423 2071 misericors

6 2125 8 2143 ,
60 2103 124 2149 st,
155 2093 333 2154 quando
365 2108 434 2137 me
468 2091 589 2136 videt
619 2102 888 2152 peccantem.
914 2094 1009 2136 Hoc
1039 2093 1193 2153 utique
1219 2096 1424 2155 quaedam

80 2163 229 2209 embra
251 2164 412 2209 Christi
443 2162 623 2219 dicunt,
651 2162 707 2207 de
734 2163 994 2223 quibusdam
1022 2163 1230 2208 membris
1263 2167 1425 2214 Christi

68 2235 209 2291 icum,
234 2236 280 2279 in
300 2250 389 2279 uno
417 2250 598 2294 corpore
620 2234 788 2278 dicunt.
825 2234 1036 2292 Dignatur
1058 2233 1181 2294 loqui
1212 2238 1424 2284 Dominus

61 2323 87 2350 x
114 2321 298 2366 persona
334 2305 625 2349 emendatoris
642 2340 654 2360 ‚
689 2320 770 2349 nec
807 2305 971 2364 respuit
1008 2320 1235 2364 personam
1270 2322 1423 2354 emen-

7 2390 27 2431 ,³
93 2377 125 2421 ti
145 2376 215 2422 vel
234 2375 513 2420 emendandi.
541 2375 698 2420 Omnia
717 2376 833 2420 enim
851 2375 1047 2419 membra
1074 2375 1118 2419 in
1145 2376 1222 2421 illo
1238 2412 1249 2432 ⁷
1271 2387 1311 2423 et
1331 2379 1422 2440 ipse

84 2478 92 2495 ¹
114 2473 275 2513 Psahcxt,
294 2471 327 2505 5.

223 2549 345 2578 cxlx.
1212 2538 1262 2576 24
