1815 3253
352 222 437 262 286
735 236 769 261 s.
817 232 1047 262 Aucus'nm
1079 236 1259 264 Emscom

349 309 512 357 tivitaS.
543 309 689 355 veniet
709 308 889 354 felicitas
924 328 932 354 :
957 309 1236 355 damnabitur
1259 311 1394 357 hostis
1423 320 1662 369 extremus,
1687 323 1732 359 et
1762 304 1765 307 v
1792 323 1794 348 ῑ

348 395 449 424 cum
471 383 590 440 Rege
607 380 698 425 sine
715 389 854 425 morte
876 381 1257 441 triumphabimus.
1791 372 1794 395 ³

354 571 1733 592 mmmmmmmmmmmmmmwummmmmmmwwnmmm

868 740 1249 789 ENARRATIO

668 916 728 954 ΙΝ
786 914 1089 956 PSALMUM
1137 914 1424 956 CXXXVII.

809 1092 958 1136 Sermo
976 1090 1030 1136 ad
1052 1091 1227 1152 plebem
1242 1092 1273 1136 1.

408 1227 444 1269 Ι.
470 1228 657 1270 Tri-uuis
673 1223 832 1269 Psalmi
845 1225 974 1285 hujus
988 1225 1130 1270 brevis
1143 1235 1186 1270 et
1202 1225 1383 1286 simplex
1402 1235 1480 1281 est,
1501 1241 1644 1286 neque
1654 1241 1732 1271 nos

349 1305 491 1350 tenet,
524 1295 704 1340 scientes
728 1296 850 1354 cujus
877 1296 1063 1354 figuram
1087 1296 1323 1355 portaverit
1350 1296 1509 1352 David,
1534 1306 1578 1341 et
1604 1297 1651 1340 in
1681 1312 1733 1342 eo

348 1365 478 1410 etiam
500 1380 578 1410 nos
599 1365 712 1425 ipsos
744 1373 1045 1423 agnoscentes,
1071 1366 1174 1425 quia
1196 1374 1239 1409 et
1266 1381 1344 1410 nos
1365 1367 1562 1411 membra
1584 1382 1733 1412 sumus
1768 1373 1772 1445 Ρ

347 1436 463 1481 illius
496 1436 702 1496 corporis.
741 1439 1035 1494 Agnoscamus
1074 1451 1177 1495 ergo
1210 1436 1280 1481 hic
1311 1452 1463 1481 vocem
1504 1437 1729 1492 Ecclesiae,
1767 1449 1770 1490 ξ
1807 1440 1813 1467 ¹

347 1507 563 1568 simulque
595 1504 858 1565 gaudeamus
889 1506 1011 1566 quod
1043 1507 1088 1550 in
1122 1522 1172 1550 ea
1200 1522 1290 1551 esse
1322 1507 1579 1564 meruimus,
1610 1509 1732 1568 cujus
1767 1492 1770 1514 ⁸
1806 1565 1808 1571 Ρ

348 1594 498 1624 vocem
531 1578 743 1623 cantantis
778 1576 1036 1621 audivimus.
1071 1581 1204 1622 Totus
1237 1578 1410 1633 titulus,
1451 1588 1535 1635 est,
1578 1598 1598 1622 «
1644 1579 1732 1640 Ipsi
1813 1580 1815 1583 ’

350 1669 370 1692 »
408 1648 558 1694 David.
588 1667 608 1690 »
635 1648 869 1692 Videamus
891 1662 994 1706 ergo
1016 1647 1124 1708 quid
1144 1648 1225 1707 ipsi
1251 1648 1403 1692 David.
1770 1650 1772 1662 ³

409 1724 465 1765 ΙΙ.
496 1739 516 1762 «
550 1718 804 1764 Confitebor
824 1718 919 1772 tibi,
944 1719 1149 1772 Domine,
1175 1718 1220 1761 in
1244 1728 1336 1763 toto
1365 1718 1495 1763 corde
1520 1722 1639 1764 meo²
1664 1755 1674 1764 .
1707 1739 1728 1762 »

349 1791 466 1838 Solet
497 1790 622 1834 nobis
652 1787 808 1832 Psalmi
841 1788 994 1832 titulus
1027 1787 1219 1833 indicare
1251 1790 1358 1849 quid
1391 1799 1542 1848 agatur
1568 1791 1685 1835 intus
1715 1809 1726 1835 ι
1766 1841 1767 1844 ¹

347 1863 416 1907 hic
438 1869 583 1905 autem
611 1858 819 1919 quoniam
844 1857 995 1902 titulus
1022 1874 1111 1902 non
1138 1858 1221 1903 hoc
1241 1859 1425 1914 indicat,
1450 1859 1526 1904 sed
1561 1870 1730 1905 tantum
1759 1878 1767 1938 Ρ

347 1934 418 1979 cui
445 1941 645 1978 cantetur
667 1929 852 1988 indicat,
883 1929 990 1990 quid
1017 1939 1170 1988 agatur
1191 1930 1237 1973 in
1257 1939 1351 1975 toto
1374 1930 1543 1976 Psalmo
1564 1932 1729 1991 primus
1759 1939 1765 1980 f
1799 1936 1815 1964 ll*

347 2019 494 2049 versus
539 2000 790 2054 annuntiat,
826 2018 846 2041 «
886 1999 1140 2044 Confitebor
1175 2000 1278 2055 tibi,
1310 2003 1515 2056 Domine,
1553 2002 1598 2045 in
1637 2010 1729 2046 toto

351 2095 370 2118 »
405 2075 536 2121 corde
563 2088 675 2117 meo.
708 2089 728 2112 »
752 2073 875 2115 Hanc
900 2085 1001 2128 ergo
1027 2071 1341 2115 confessionem
1364 2071 1590 2116 audiamus
1609 2107 1620 2128 ,
1645 2071 1731 2117 Sed

347 2148 464 2208 prius
489 2158 782 2189 commemoro
809 2157 885 2185 vos
914 2141 1225 2185 confessionem
1259 2142 1305 2185 in
1340 2143 1592 2202 Scripturis‚
1629 2158 1729 2188 cum
1761 2152 1763 2154 '

347 2218 606 2264 confitemur
628 2218 739 2267 Deo,
765 2212 937 2256 duobus
966 2211 1104 2256 modis
1137 2211 1221 2255 dici
1244 2212 1380 2256 solere
1395 2249 1405 2267 ‚
1429 2213 1500 2257 vel
1525 2223 1728 2273 peccato-

347 2305 460 2343 rum,
480 2286 549 2332 vel
570 2284 725 2329 laudis.
752 2283 835 2328 Sed
856 2283 1169 2327 confessionem
1187 2292 1463 2342 peccatorum
1485 2300 1635 2328 omnes
1654 2300 1731 2329 no-

345 2367 530 2413 verunt,
569 2355 709 2400 laudis
753 2363 898 2398 autem
942 2352 1259 2398 confessionem
1302 2354 1430 2413 pauci
1476 2354 1723 2399 advertunt.

393 2463 402 2479 ι
423 2458 533 2488 Sermo
561 2453 619 2484 iste
642 2451 681 2483 ad
697 2450 825 2493 plebem
850 2449 978 2482 habitus
998 2454 1046 2482 est
1069 2450 1101 2482 in
1118 2449 1321 2482 solemnitate
1338 2450 1487 2493 Crispinae
1512 2450 1669 2493 martyriS.
1689 2466 1727 2473 -
1768 2442 1779 2485 J

349 2522 361 2537 ²
377 2513 454 2547 psal.
474 2519 612 2550 cxxxvii,
636 2518 665 2538 ι.
1749 2501 1752 2538 l
