1815 3253
357 233 599 265 ENAnnA‘no
632 236 677 263 m
710 232 913 263 PsALMUM
945 234 1148 263 cxxxvm.
1356 222 1440 262 313

56 376 180 435 cujus
213 374 369 418 faciem
405 372 553 418 videre
584 388 674 417 non
714 381 968 432 potuerunt.
1013 373 1168 416 Manus
1198 370 1315 414 enim
1351 371 1442 431 ejus

56 456 147 492 erat
159 461 288 506 super
300 444 449 490 oculos
471 460 645 502 eorum3
661 459 747 488 non
764 458 947 503 semper,
969 442 1043 487 sed
1061 441 1201 487 donec
1222 442 1438 486 transiret.

57 522 343 578 Posteaquam
366 517 558 571 transiit,
598 515 780 560 abstulit
796 530 975 559 manum
1017 513 1072 558 ab
1114 511 1252 558 oculis
1271 528 1439 558 eorum.

0 618 2 633 ,
57 587 214 635 Ablata
235 603 369 632 manu
391 587 446 632 ab
467 585 602 631 oculis
625 586 734 642 suis,
758 585 912 631 dicunt
927 583 1180 644 Discipulis‚
1209 602 1228 624 «
1247 582 1360 637 Quid
1374 582 1442 627 fa-

62 679 80 702 »
114 659 308 704 ciemus?
335 680 352 702 »
379 659 523 703 Primo
546 659 675 714 saevi,
695 667 843 718 postea
860 657 947 717 pii3
980 656 1121 717 primo
1143 655 1268 710 irati,
1293 664 1442 714 postea

0 735 4 774 ἰ
56 729 195 774 timidi
214 750 225 787 3
245 730 386 789 primo
408 729 506 775 duri
526 764 536 785 ,
560 738 708 789 postea
721 729 844 786 ssexi3
864 728 1004 789 primo
1021 727 1151 783 caeci,
1172 735 1320 787 postea
1343 725 1443 770 illu-

54 799 223 845 minati.

115 872 194 914 IX.
219 873 332 915 Puto
349 871 470 931 quod
492 885 775 930 agnoscamus
798 879 841 915 et
858 870 903 914 in
920 870 1004 915 hoc
1022 868 1194 914 Psalmo
1213 882 1342 913 voces
1363 867 1444 911 hu-

0 982 5 986 .
51 939 243 1002 jusmodi
261 941 389 985 etiam
405 942 628 996 Gentium,
644 940 967 986 recordantium
983 938 1284 984 infidelitatem
1301 953 1439 982 suam.

60 1030 80 1053 «
113 1010 337 1056 Conclusit
367 1011 482 1055 enim
502 1015 615 1056 Deus
638 1027 788 1056 omnes
805 1013 851 1055 in
872 1010 1151 1065 infidelitate,
1177 1018 1227 1054 ut
1248 1009 1442 1054 omnium

15 1093 21 1136 ι
58 1098 79 1123 »
112 1081 410 1126 misereatur2.
442 1084 508 1126 Tu
530 1082 692 1126 finxisti
713 1097 784 1125 me
793 1117 808 1137 ,
834 1090 878 1126 et
897 1080 1078 1141 posuisti
1105 1095 1235 1140 super
1257 1095 1327 1123 me
1348 1095 1444 1123 ma-

16 1140 21 1232 l
58 1170 79 1194 n
113 1167 220 1196 num
239 1161 376 1198 tuam.
400 1153 628 1198 Mirificata
651 1161 715 1196 est
735 1152 914 1196 scientia
936 1161 1012 1196 tua
1034 1166 1086 1194 ex
1101 1166 1173 1194 me
1192 1185 1203 1206 ‚
1228 1149 1413 1194 invaluit
1431 1185 1441 1206 ,

17 1243 21 1318 ι
59 1240 80 1270 »
114 1238 203 1268 non
223 1233 377 1283 potero
400 1223 456 1268 ad
476 1222 641 1269 illam.»
657 1222 804 1268 Veluti
824 1222 1002 1282 posuisti
1019 1237 1150 1282 super
1171 1236 1240 1266 me
1264 1237 1444 1265 manum

10 221 16 382 l
61 322 81 347 »
113 303 237 349 vobis
257 310 434 362 peccata
455 310 595 346 vestra
610 302 641 345 ¹.
670 320 686 342 »
714 303 826 345 Ecce
847 299 1051 345 viderunt
1074 299 1310 358 posteriora
1332 300 1438 359 ejus,

10 386 17 571 Ξ

56 1303 175 1340 tuam
197 1315 206 1340 z
229 1295 364 1340 mirus
387 1295 496 1339 mihi
530 1293 670 1339 factus
703 1310 746 1339 es
762 1330 772 1350 ,
808 1310 898 1339 non
927 1304 971 1339 te
993 1293 1316 1351 comprehendo
1344 1308 1444 1337 cum

56 1381 144 1426 quo
173 1381 307 1410 eram.
345 1369 487 1419 Quam
513 1365 648 1410 facilis
671 1365 776 1409 mihi
799 1375 891 1410 erat
911 1364 1060 1409 vultus
1077 1364 1211 1424 patris
1228 1400 1240 1419 ‚
1265 1363 1445 1425 quando

55 1436 143 1480 dixi
165 1455 174 1480 :
199 1455 219 1478 «
243 1439 304 1481 Da
322 1436 430 1481 mihi
452 1436 738 1482 substantiam
760 1451 902 1480 meam
917 1471 928 1491 ‚
949 1452 1048 1496 quae
1070 1450 1140 1480 me
1165 1435 1395 1494 contingit.
1421 1452 1442 1476 »

2 1557 23 1575 ,1
54 1509 169 1552 Ecce
190 1505 387 1566 profecto
407 1507 454 1550 in
476 1506 998 1567 regionem‘longinquam
1015 1516 1058 1551 et
1079 1505 1194 1563 fame
1209 1506 1396 1550 contrito
1410 1507 1442 1559 ³,

2 1578 24 1630 i}
55 1576 246 1622 multum
273 1577 382 1621 mihi
404 1587 489 1633 est,
521 1586 564 1622 et
578 1577 703 1622 labor
721 1587 785 1622 est
800 1587 900 1622 ante
920 1593 1014 1633 me,
1034 1593 1123 1622 non
1146 1592 1323 1637 possum
1343 1592 1446 1636 per-

3 1635 24 1690 il
57 1649 198 1709 cipere
214 1647 336 1708 quod
358 1648 516 1693 dimisi.
536 1667 557 1691 «
576 1648 804 1693 Mirificata
825 1657 890 1693 est
909 1648 1023 1693 enim
1041 1683 1051 1703 ‚
1076 1648 1242 1708 inquit,
1268 1647 1446 1692 scientia

5 1732 8 1774 j
21 1687 25 1771 l
63 1737 84 1762 »
117 1729 191 1764 tua
213 1735 263 1763 ex
284 1735 370 1763 me.
394 1738 415 1761 »
441 1722 507 1764 Ex
529 1728 708 1780 peccato
729 1735 828 1764 meo
850 1719 1016 1764 factum
1039 1727 1102 1763 est
1116 1754 1127 1774 ,
1152 1728 1202 1763 ut
1219 1719 1446 1763 mirificata

5 1791 26 1841 εἰ
57 1790 162 1838 mihi
184 1799 310 1845 esset,
327 1799 372 1834 et
395 1789 846 1850 incomprehensibilis
864 1790 972 1833 mihi
993 1789 1206 1834 existeret.
1227 1792 1337 1835 Nam
1355 1798 1449 1833 erat

6 1841 26 1911 ll
57 1860 163 1909 mihi
182 1859 366 1905 facilitas
386 1860 714 1920 contemplandi
746 1870 786 1905 te
802 1896 812 1916 ,
839 1861 1018 1921 quando
1041 1876 1131 1905 non
1150 1861 1353 1920 superbia
1375 1875 1446 1904 re-

7 1915 26 1964 ,⁸
57 1929 269 1992 liqueram
291 1940 348 1977 te.
374 1950 394 1973 «
413 1931 642 1976 Mirificata
663 1939 726 1976 est
748 1932 926 1976 scientia
949 1940 1022 1975 tua
1045 1947 1096 1975 ex
1118 1947 1188 1975 me
1205 1967 1217 1987 7
1237 1931 1445 1988 invaluit,

0 2035 2 2063 Ε
25 2019 27 2068 g
61 2020 82 2045 »
115 2018 205 2048 non
225 2012 378 2063 potero
401 2002 456 2048 ad
477 2002 594 2049 illam
619 2022 628 2049 :
651 2021 672 2045 »
693 2004 769 2048 sed
790 2002 998 2048 subaudis
1020 2022 1041 2045 «
1065 2006 1132 2047 Ex
1147 2018 1232 2048 me.
1253 2006 1351 2049 Non
1372 2019 1446 2064 po-

0 2126 2 2142 ,
25 2076 27 2084 ⁴
61 2091 84 2117 »
115 2083 209 2120 tero
236 2075 292 2119 ad
325 2073 446 2119 illam
472 2089 523 2119 ex
551 2090 636 2120 me.
662 2093 683 2118 »
715 2077 828 2121 Cum
851 2091 955 2135 ergo
982 2084 1163 2136 potero,
1187 2090 1277 2120 non
1293 2085 1448 2136 potero

0 2187 4 2196 ,
60 2159 138 2189 nlsi
159 2160 212 2189 ex
230 2154 288 2190 te.

0 2232 4 2278 Ι
26 2244 29 2286 3
115 2219 171 2261 X.
192 2220 307 2263 Ecce
327 2217 494 2262 invenis
510 2217 557 2262 in
573 2217 817 2278 longinquo
832 2217 1068 2277 fugitivum
1085 2234 1176 2264 non
1196 2218 1332 2263 latere
1350 2235 1450 2264 ocu-

0 2330 5 2339 ,
25 2290 30 2352 Ι
59 2286 121 2333 los
142 2289 234 2348 ejus
254 2323 264 2343 ‚
286 2305 310 2332 a
333 2303 422 2348 quo
452 2286 578 2346 sugit.
604 2291 662 2333 Et
682 2305 772 2349 quo
793 2289 933 2333 iturus
954 2298 1017 2333 est
1034 2290 1149 2349 jam,
1181 2291 1304 2350 cujus
1326 2290 1449 2335 limes

1 2411 5 2421 ί
61 2368 123 2404 est
142 2359 461 2418 investigatus?
484 2358 641 2403 Videte
671 2359 779 2419 quid
802 2359 908 2405 dicit
930 2379 938 2405 :
967 2379 988 2402 «
1014 2364 1108 2414 Quo
1139 2360 1214 2405 ibo
1237 2378 1260 2406 a
1286 2362 1449 2421 Spiritu

0 2463 6 2491 3
63 2445 84 2472 »
116 2431 218 2474 tuo?
238 2429 419 2490 Spiritus
443 2429 558 2473 enim
576 2430 751 2474 Domini
773 2429 954 2490 replevit
976 2431 1129 2475 orbem
1152 2440 1367 2476 terrarum
1383 2433 1444 2476 4.»

0 2534 7 2563 f
27 2500 31 2558 1
60 2500 163 2555 Quis
184 2509 326 2561 potest
348 2499 500 2560 fugere
525 2500 571 2544 in
591 2499 760 2546 mundo
783 2501 838 2546 ab
861 2501 937 2546 illo
962 2502 1126 2561 Spiritu
1144 2538 1156 2559 ,
1178 2518 1268 2563 quo
1288 2501 1446 2562 plenus

107 2592 118 2610 ¹
137 2588 269 2629 Aemi,
289 2586 342 2620 38.
363 2603 406 2611 -
426 2593 439 2611 ²
463 2588 554 2620 Rom.
572 2597 618 2629 ιι,
640 2586 694 2620 32.
716 2603 758 2610 —
779 2584 791 2612 3
810 2588 888 2621 Luc.
904 2597 1012 2629 xxxv,
1031 2597 1148 2629 12-17.
1169 2603 1211 2611 —-
1229 2586 1245 2617 4
1264 2588 1337 2630 Sap.
1358 2598 1382 2629 ι,
1403 2598 1434 2630 7.
