1815 3253
371 247 457 286 178
811 254 847 284 s.
881 253 1112 286 Aucus'rrm
1141 256 1324 286 Emscorr

375 340 398 364 »
430 336 513 366 nec
540 319 684 366 adhuc
703 319 882 381 quidem
905 322 1123 381 potestis¹.
1150 339 1171 364 »
1199 324 1310 368 Sunt
1329 319 1519 376 infirmi,
1552 320 1632 380 qui
1661 328 1750 367 non

371 401 474 438 sunt
488 390 636 438 idonei
649 391 795 438 valido
816 392 915 437 cibo
933 413 945 452 ς
968 392 1125 439 volunt
1144 409 1188 438 se
1209 391 1441 438 extendere
1461 390 1518 436 ad
1537 390 1584 437 id
1597 426 1609 448 ‚
1633 390 1753 451 quod

370 479 523 524 capere
544 479 636 508 non
657 472 838 523 possunt
860 483 870 509 2
893 464 972 509 etsi
990 462 1158 524 aliquid
1174 473 1415 524 utcumque
1435 461 1666 522 coeperint,
1680 469 1754 508 aut

368 534 447 580 visi
468 535 548 579 sibi
568 533 733 579 fuerint
752 549 906 594 capere
937 533 1059 595 quod
1080 550 1170 580 non
1200 542 1459 595 coeperunt3
1489 532 1754 578 extolluntur
1814 547 1815 561 ¹

369 604 493 661 inde,
526 615 570 650 et
590 605 849 665 superbiunt
878 604 981 649 inde
998 639 1010 661 ,
1035 604 1240 650 videntur
1269 605 1353 651 sibi
1380 603 1504 665 quasi
1526 593 1751 663 sapientes}

372 677 466 719 Hoc
488 684 636 719 autem
665 674 880 733 contingit
901 674 1106 719 omnibus
1125 675 1337 720 haereticis
1361 694 1371 719 ε
1398 674 1475 735 qui
1495 689 1595 719 cum
1617 681 1756 719 essent

370 745 576 789 animales
593 755 637 790 et
653 745 844 791 carnales
861 780 873 802 ‚
898 744 1179 791 defendendo
1202 746 1436 790 sententias
1453 760 1550 789 suas
1576 758 1753 803 pravas,

371 832 479 876 quas
496 816 625 861 falsas
646 831 735 862 esse
756 833 846 862 non
868 826 1108 876 potuerunt
1120 815 1283 871 videre,
1303 816 1464 861 exclusi
1485 824 1586 860 sunt
1607 815 1661 859 de
1677 817 1756 861 Ca·-

372 885 548 930 tholica.
582 887 731 931 Dicam
765 888 978 933 Charitati
1003 890 1168 932 Vestrae
1189 888 1310 948 quod
1331 901 1523 947 possum.
1551 886 1757 931 Dominus

372 965 519 1000 noster
540 959 562 1000 J
569 972 664 1001 esus
679 958 876 1002 Christus
894 959 1029 1003 nostis
1051 959 1155 1018 quia
1171 959 1368 1002 Verbum
1390 957 1469 1002 Dei
1485 966 1550 1002 θεῖ
1567 992 1578 1014 ,
1603 966 1771 1001 secun·-¹

372 1025 480 1071 dum
501 1026 611 1071 illud
633 1028 812 1072 Joannis
833 1048 842 1073 ι
872 1047 892 1070 «
910 1032 962 1074 In
982 1029 1195 1088 principio
1217 1037 1309 1072 erat
1330 1027 1527 1072 Verbum
1542 1061 1553 1082 ‚
1579 1036 1623 1071 ct
1650 1028 1759 1070 Ver-

377 1114 398 1138 »
434 1096 542 1140 bum
564 1106 656 1140 erat
675 1097 794 1156 apud
815 1101 977 1153 Deum,
993 1107 1037 1143 et
1062 1102 1175 1142 Deus
1196 1107 1286 1143 erat
1309 1098 1505 1142 Verbum
1526 1116 1535 1142 ε
1565 1097 1650 1141 hoc
1672 1105 1760 1142 erat

376 1184 397 1208 »
432 1167 478 1211 in
495 1167 706 1226 principio
727 1168 845 1227 apud
868 1172 1022 1213 Deum.
1046 1170 1203 1216 Omnia
1234 1184 1313 1228 per
1333 1168 1478 1227 ipsum
1497 1165 1612 1211 lacta
1633 1175 1756 1223 sunt,

378 1256 399 1280 ³)
434 1247 478 1282 et
499 1238 591 1282 sine
613 1238 706 1297 ipso
738 1237 904 1283 factum
927 1249 992 1283 est
1022 1240 1133 1284 nihil
1150 1242 1182 1283 ².
1212 1257 1232 1281 »
1260 1239 1387 1283 Panis
1410 1254 1513 1297 ergo
1533 1247 1597 1282 est
1616 1272 1628 1292 ‚
1662 1236 1759 1282 inde

376 1308 532 1353 vivunt
548 1307 720 1367 Angeli.
746 1311 857 1352 Ecce
879 1310 1000 1368 panis
1023 1318 1198 1368 paratus
1224 1317 1288 1352 est
1310 1308 1391 1352 tibi
1415 1328 1424 1352 :
1453 1308 1529 1352 sed
1550 1322 1690 1352 cresce
1711 1305 1765 1352 de*

377 1376 505 1432 lacte,
523 1386 573 1421 ut
595 1376 650 1421 ad
667 1393 824 1436 panem
846 1379 1086 1437 pervenias.
1106 1381 1164 1422 Et
1185 1376 1424 1437 quomodo,
1446 1377 1606 1437 inquis,
1622 1391 1769 1434 cresco!

378 1447 433 1492 de
459 1448 599 1492 lacte?
633 1448 764 1501 Quod
798 1449 879 1493 tibi
916 1448 1056 1493 factus
1094 1458 1158 1493 est
1177 1449 1374 1494 Christus
1395 1447 1451 1493 ad
1472 1449 1763 1492 infirmitatem·

378 1527 522 1573 tuam,
552 1518 637 1562 hoc
658 1518 800 1576 primo
821 1517 950 1562 crede
969 1554 981 1574 ‚
1005 1528 1049 1563 θῖ
1082 1517 1252 1563 fortiter
1269 1527 1385 1562 tene.
1410 1517 1643 1571 Quomodo
1665 1532 1761 1576 ergio

379 1598 518 1634 mater
539 1604 640 1633 cum
661 1588 817 1633 viderit
847 1589 988 1633 filium
1021 1580 1166 1634 minus
1195 1589 1403 1633 idoneum
1428 1587 1483 1632 ad
1508 1588 1760 1648 capiendum

381 1661 546 1715 cibum,
563 1660 676 1718 ipsos
698 1659 819 1704 cibos
839 1660 878 1703 ei
895 1660 995 1718 dat2
1013 1659 1090 1704 sed
1112 1661 1313 1719 trajectos
1330 1673 1407 1718 per
1424 1674 1598 1703 carnem
1616 1673 1758 1703 suam:

368 1745 486 1786 ‘nam
507 1730 597 1788 ipse
620 1738 684 1773 θεῖ
707 1730 827 1788 panis
844 1746 933 1789 quo
950 1728 1092 1775 infans
1109 1730 1328 1789 pascitur,
1352 1744 1441 1789 quo
1462 1737 1506 1773 et
1523 1737 1659 1772 mater
1679 1729 1767 1788 ejiis*

384 1800 573 1859 pascitur
595 1820 603 1844 ε
628 1799 705 1844 sed
737 1799 793 1844 ad
825 1814 1018 1844 mensam
1042 1797 1185 1843 infans
1220 1799 1364 1842 minus
1386 1797 1570 1842 idoneus
1601 1806 1690 1853 est,
1715 1796 1756 1847 ad

385 1869 623 1914 mamillam
641 1870 823 1914 idoneus
844 1878 923 1914 est.
951 1869 1076 1913 Panis
1093 1884 1196 1928 ergo
1219 1867 1273 1912 de
1295 1883 1445 1912 mensa
1466 1868 1676 1927 trajicitur
1694 1881 1755 1927 pei

385 1940 533 1984 matris
568 1938 804 1984 mamillam
821 1973 832 1995 ,
862 1948 913 1983 ut
942 1940 1001 1983 sic
1032 1939 1257 1998 perveniat
1293 1938 1412 1990 idem
1440 1937 1695 1982 alimentum
1712 1950 1754 1983 ac

384 2025 568 2069 parvum
589 2008 816 2053 infantem.
836 2010 903 2054 Sic
920 2009 1130 2053 Dominus
1147 2017 1292 2053 noster
1307 2010 1332 2052 J
1335 2023 1431 2052 esus
1453 2007 1650 2054 Christus
1671 2022 1752 2052 cun

386 2088 496 2124 esset
524 2080 720 2123 Verbum
736 2079 854 2138 apud
873 2082 1044 2122 Patrem
1062 2113 1073 2133 ‚
1091 2093 1168 2137 per
1190 2076 1313 2138 quod
1332 2078 1449 2122 facta
1470 2087 1572 2122 sunt
1588 2078 1731 2122 omnia
1753 2079 1761 2120 l¹

386 2150 464 2211 qui
491 2164 593 2194 cum
624 2149 671 2193 in
693 2147 832 2193 forma
852 2148 930 2193 Dei
959 2157 1069 2192 esset
1085 2182 1096 2203 ‚
1122 2163 1213 2192 non
1235 2147 1433 2207 rapinam
1455 2148 1688 2192 arbitratus
1708 2162 1749 2194 es

386 2237 476 2266 esse
498 2220 676 2281 aequalis
697 2223 787 2265 Deo
803 2221 819 2245 3
840 2241 851 2277 3
884 2218 1061 2279 qualem
1093 2228 1298 2279 caperent
1325 2234 1406 2278 pro
1427 2217 1560 2264 modo
1581 2234 1660 2264 suo
1681 2222 1759 2264 An>

354 2293 356 2295 ’
386 2293 486 2352 geli,
505 2302 547 2337 et
564 2291 680 2337 unde
704 2293 751 2336 in
768 2290 882 2336 coelo
895 2294 1131 2336 Potestates
1152 2300 1196 2335 et
1216 2290 1433 2346 Virtutes,
1453 2290 1626 2350 spiritus
1642 2288 1747 2337 intel

383 2362 589 2407 lectuales
606 2371 885 2423 pascerentur
904 2382 916 2420 3
940 2363 1072 2406 homo
1095 2370 1241 2405 autem
1263 2361 1462 2405 infirmus
1487 2370 1531 2405 et
1553 2371 1682 2405 carne
1701 2359 1745 2407 in

383 2432 557 2478 volutus
568 2433 729 2492 jaceret
744 2432 790 2476 in
811 2441 939 2487 terra,
955 2447 1034 2476 nec
1052 2439 1196 2490 posset
1217 2430 1271 2474 ad
1289 2444 1391 2474 eum
1406 2431 1635 2490 pervenire
1650 2429 1744 2490 pani

385 2502 571 2547 coelestis
597 2521 606 2547 :
636 2511 686 2546 ut
715 2516 874 2560 panem
906 2501 1173 2558 Angelorum
1196 2500 1483 2545 manducaret
1510 2501 1673 2545 homo⁴
1691 2535 1704 2556 ,
1727 2514 1741 2543 ε

438 2593 447 2610 ¹
475 2598 487 2619 1
509 2589 582 2620 Cor,
600 2597 649 2628 ιιι,
675 2595 708 2618 2.
727 2602 768 2610 -
785 2588 900 2618 noan.
913 2598 937 2628 1,
954 2586 1024 2618 1-3.
1040 2602 1082 2609 -—-
1103 2584 1244 2627 ³Philip.
1268 2596 1304 2627 n,
1320 2585 1353 2618 6.
1372 2602 1415 2608 -
1436 2584 1454 2616 4
1473 2585 1552 2618 Psal.
1573 2596 1697 2627 zxxvn,
1711 2583 1741 2617 25
