1815 3253
1775 0 1789 194 l

343 224 425 264 344
776 235 809 265 s.
846 236 1074 266 Ancus-nm
1105 239 1285 267 Emscorl

340 309 385 344 et
404 304 540 356 Deus,
568 309 611 345 et
630 316 752 346 meus
775 317 832 346 es.
863 320 882 345 «
906 303 1000 346 Dixi
1018 304 1218 359 Domino,
1244 306 1356 348 Deus
1378 317 1500 347 meus
1521 318 1565 347 es
1583 309 1672 347 tu1.
1693 322 1714 346 »

341 371 500 429 Magna
523 387 605 416 vox
627 372 829 416 orationis
845 407 856 427 ,
887 381 1031 417 movet
1052 372 1270 417 fiduciam.
1296 372 1520 433 Numquid
1541 373 1718 417 illorum

344 456 433 485 non
465 450 529 486 est
561 445 673 486 Deus
690 444 707 483 ἱ)
730 445 864 502 Cujus
887 443 1001 486 enim
1034 458 1122 486 non
1146 453 1209 487 est
1233 438 1347 488 Deus
1363 478 1373 497 ,
1405 443 1480 502 qui
1503 452 1566 487 est
1596 459 1720 487 verus

344 512 488 556 Deus?
514 511 598 557 Sed
630 522 775 556 tamen
803 514 974 572 proprie
1001 529 1150 558 eorum
1173 523 1263 568 est,
1295 514 1371 573 qui
1400 529 1451 557 eo
1481 512 1688 557 fruuntur
1707 549 1718 570 ,

344 585 420 643 qui
442 583 481 626 ei
502 583 694 627 serviunt
714 619 724 639 ,
759 585 835 644 qui
863 584 1049 628 libenter
1071 585 1150 628 sub
1171 585 1262 644 ipso
1285 593 1400 628 sunt.
1426 587 1535 629 Nam
1557 593 1600 628 et
1621 583 1724 628 mali

346 654 543 714 quamvis
563 654 703 709 inviti,
725 655 806 699 sub
829 656 922 714 ipso
945 665 1060 700 sunt.
1088 654 1157 699 Illi
1179 654 1399 714 appellant
1421 657 1577 709 Deum,
1595 671 1618 698 a
1636 670 1725 715 quo

346 733 636 781 coronentur,
671 725 752 769 sul)
776 724 850 770 illo
877 724 940 769 illi
974 725 1176 784 fugiunt,
1213 742 1236 770 a
1256 741 1345 786 quo
1367 725 1643 769 damnentur.
1669 728 1726 769 Et

346 795 522 854 iniquus
541 795 617 854 qui
639 811 727 839 non
747 795 844 840 vult
866 796 1026 839 habere
1049 796 1284 840 Dominum
1300 798 1441 839 Deum
1465 810 1613 850 suum,
1638 810 1727 855 quo
1776 798 1778 802 ’

345 863 483 921 fugiet
505 867 644 908 Deum
669 866 897 910 omnium?
918 868 1089 909 Bonum
1112 874 1176 909 est
1197 864 1257 908 illi
1280 879 1402 922 ergo,
1428 874 1477 909 ut
1499 873 1728 908 converta-
1776 864 1777 867 ’

347 944 418 978 'tur
440 935 495 978 ad
513 938 651 979 Deum
668 936 881 991 omnium,
898 935 1116 996 faciatque
1130 935 1255 979 illum
1279 936 1558 980 conversione
1577 950 1726 993 suum3
1776 979 1777 983 ,

347 1014 391 1049 θῖ
413 1005 575 1064 positus
598 1006 710 1049 inter
732 1005 837 1050 tales
858 1016 1105 1066 peccatores
1125 1042 1136 1062 ,
1162 1006 1408 1051 seductores
1424 1042 1435 1061 ,
1463 1006 1727 1066 hypocritas,

349 1076 558 1135 superbos
573 1111 584 1131 ,
610 1076 725 1121 dicat
745 1077 801 1121 ad
828 1083 963 1121 Deum
981 1113 991 1132 ,
1021 1093 1150 1138 quem
1176 1077 1240 1121 sui
1262 1077 1541 1121 conversione
1565 1076 1645 1120 sibi
1663 1076 1731 1119 fe-
1770 1077 1774 1109 ¹

350 1146 410 1190 cit
431 1149 571 1190 Deum
598 1162 725 1190 suum
753 1166 761 1191 ε
791 1165 810 1188 «
837 1148 932 1191 Dixi
955 1148 1141 1193 Domino
1159 1183 1170 1202 ,
1196 1151 1310 1191 Deus
1333 1162 1454 1191 meus
1472 1162 1515 1191 es
1539 1155 1600 1190 tu.
1627 1149 1728 1190 Per·
1774 1150 1775 1153 ’

354 1235 374 1258 »
411 1216 506 1275 cipe
535 1217 735 1271 auribus,
773 1218 978 1273 Domine,
1019 1233 1171 1262 vocem
1204 1217 1518 1276 deprecationis
1557 1232 1680 1261 meae.
1710 1234 1730 1257 »
1776 1237 1780 1249 r

354 1285 543 1344 Simplex
572 1286 749 1346 quidem
782 1288 994 1331 sententia
1028 1296 1116 1342 est,
1154 1296 1197 1330 et
1228 1285 1364 1330 facilis
1400 1287 1455 1331 ad
1485 1285 1735 1344 intelligen-

352 1357 460 1400 dum
481 1376 490 1402 :
515 1355 590 1400 sed
616 1366 763 1400 tamen
784 1356 971 1401 delectat
993 1356 1104 1402 forte
1121 1357 1311 1416 cogitare
1326 1393 1336 1413 ,
1352 1373 1486 1418 quare
1506 1373 1593 1415 non
1618 1356 1738 1400 dixe-

353 1427 435 1472 rit:
453 1427 630 1486 Percipe
653 1427 829 1471 auribus
851 1427 1203 1487 deprecationem
1226 1443 1365 1472 meam
1384 1449 1395 1486 3
1420 1427 1494 1472 sed
1512 1427 1633 1472 velut
1653 1427 1740 1472 evi-
1769 1433 1774 1502 ξ

355 1497 530 1541 dontius
569 1497 810 1556 exprimens
842 1498 1047 1542 affectum
1084 1497 1217 1542 animi
1247 1498 1347 1553 sui,
1389 1499 1446 1542 ait
1479 1517 1487 1542 ε
1524 1517 1543 1538 «
1576 1500 1738 1541 Vocem

358 1585 379 1608 »
414 1566 729 1626 deprecationis
745 1582 868 1623 meae,
888 1587 907 1610 »
922 1568 1054 1612 vitam
1070 1567 1385 1627 deprecationis
1407 1582 1531 1622 meae,
1553 1567 1737 1611 animam

356 1636 672 1697 deprecationis
694 1654 801 1682 meae
819 1673 829 1693 ,
864 1654 953 1682 non
976 1638 1095 1699 quod
1117 1647 1241 1682 sonat
1264 1638 1310 1681 in
1333 1637 1475 1682 verbis
1497 1641 1602 1681 meis
1622 1673 1633 1692 ‚
1666 1635 1741 1681 sed

356 1707 475 1752 unde
491 1707 645 1752 vivunt
662 1708 793 1752 verba
815 1724 925 1752 mea.
938 1708 1095 1754 Caeteri
1113 1708 1229 1751 enim
1249 1709 1453 1767 strepitus
1470 1708 1561 1751 sine
1579 1708 1738 1762 anima,

358 1779 452 1823 soni
468 1779 554 1823 dici
575 1788 782 1838 possunt,
804 1795 931 1824 voces
951 1795 1040 1824 non
1060 1788 1256 1839 possunt.
1272 1782 1367 1824 Vox
1389 1779 1562 1838 proprie
1582 1778 1745 1822 anima-

358 1859 506 1894 torum
524 1859 613 1904 est,
647 1849 844 1894 vivorum
867 1859 945 1894 est.
970 1852 1111 1903 Quam
1132 1848 1261 1892 multi
1285 1858 1430 1893 autem
1454 1849 1744 1908 deprecantur
1774 1864 1775 1870 ¹
1807 1875 1815 1893 ,γ

358 1924 514 1976 Deum,
540 1931 583 1965 et
604 1937 695 1966 non
711 1922 904 1965 sentiunt
921 1925 1059 1966 Deum
1074 1957 1085 1978 ,
1110 1936 1190 1965 nec
1211 1921 1323 1965 bene
1340 1921 1532 1979 cogitant
1556 1920 1610 1963 de
1628 1920 1739 1963 Deo!
1768 1869 1775 1967 l

361 1994 528 2038 Sonum
563 1991 878 2051 deprecationis
908 1992 1068 2035 habere
1100 2000 1303 2051 possunt,
1342 2005 1493 2035 vocem
1531 2004 1619 2033 non
1642 2004 1744 2047 pos—

362 2072 490 2121 sunt3
512 2065 613 2123 quia
633 2064 720 2107 vita
741 2064 802 2107 ibi
824 2079 913 2107 non
931 2072 1007 2106 est.
1025 2064 1163 2122 Hujus
1181 2062 1256 2122 qui
1271 2062 1445 2106 vivebat
1462 2060 1586 2120 :quia
1605 2062 1744 2103 Deum

362 2149 490 2179 suum
510 2132 777 2190 intelligebat
795 2168 805 2187 ,
829 2142 872 2177 et
893 2149 916 2175 a
937 2148 1026 2192 quo
1047 2131 1303 2176 liberaretur
1323 2130 1520 2186 videbat,
1545 2139 1588 2173 et
1609 2146 1632 2173 a
1649 2130 1747 2189 qui·

363 2205 445 2248 bus
480 2203 737 2247 liberaretur
781 2202 991 2246 sentiebat
1017 2237 1028 2257 ,
1064 2203 1154 2261 ipsa
1189 2211 1280 2246 erat
1311 2217 1393 2246 vox
1428 2200 1745 2261 deprecationis
1811 2228 1813 2243 1

362 2275 468 2334 ejus.

420 2346 499 2387 XI.
525 2346 663 2402 Ipsam
689 2341 998 2387 commendans
1020 2342 1198 2386 auribus
1217 2342 1293 2386 Dei
1312 2341 1426 2386 dicat
1449 2360 1457 2386 z
1488 2360 1507 2383 «
1532 2340 1714 2385 Domine
1730 2375 1741 2395 ‚
1805 2356 1813 2381 i

363 2432 384 2455 »
422 2414 616 2458 Domine.
644 2432 663 2454 »
692 2416 756 2456 Tu
780 2413 987 2467 Domine,
1028 2413 1210 2456 Domine
1227 2447 1237 2467 ,
1264 2411 1308 2455 id
1330 2421 1392 2456 est
1409 2447 1421 2461 ,
1447 2421 1495 2455 tu
1526 2411 1744 2455 verissime
1805 2431 1815 2452 1.

360 2485 564 2539 Domine,
586 2500 675 2529 nou
697 2484 847 2545 quales
868 2483 1034 2529 domini
1060 2484 1257 2529 homines
1277 2518 1288 2538 ,
1314 2499 1403 2528 non
1425 2482 1573 2542 quales
1595 2481 1740 2526 domi·
1767 2485 1772 2523 ἰ
1812 2505 1815 2532 ·.

415 2576 422 2591 ¹
445 2569 522 2600 Psal.
539 2579 665 2608 cxxxix,
684 2579 714 2609 7.
1767 2587 1770 2628 Ι

1775 1025 1779 1033 ι

1791 1899 1815 2039 l

1796 2068 1815 2111 ‘lli

1780 2148 1784 2149 ⁷
1802 2132 1813 2174 li
