1815 3253
342 230 398 269 90
768 240 802 266 s.
837 236 1069 267 Auousnm
1099 239 1281 268 131³1sco1>1

341 306 598 366 incipiamus
620 305 772 350 faciem
788 304 949 349 habere
966 304 1022 349 ad
1043 309 1181 350 Deum
1196 341 1206 361 ‚
1235 315 1278 350 et
1298 305 1476 350 dorsum
1507 305 1560 349 ad
1585 316 1722 350 saecu-

339 376 432 420 lum
447 410 458 432 ‚
479 377 555 436 qui
572 375 714 421 adhuc
730 377 776 420 in
790 375 858 419 via
880 390 1043 430 sumus,
1061 384 1209 419 tamen
1226 376 1409 435 patriam
1428 375 1718 421 attendimus:

340 456 384 491 et
414 447 591 507 quando
613 445 726 491 forte
754 445 944 505 aliquam
969 444 1294 490 tribulationem
1317 446 1532 505 patimur,
1558 445 1634 489 sed
1655 455 1722 490 ta-

338 532 440 560 men
473 526 672 561 tenemus
707 516 848 570 viam,
879 523 924 558 et
953 513 1070 573 ligno
1104 524 1355 574 portamur3
1392 530 1515 574 asper
1544 513 1724 574 quidem

337 596 495 632 ventus
508 622 519 642 ,
546 586 620 631 sed
639 595 795 631 ventus
817 600 996 645 prosper
1017 594 1081 629 est
1094 620 1105 641 ‚
1130 601 1231 630 cum
1248 585 1400 630 labore
1421 584 1597 645 quidem
1613 619 1625 639 ,
1649 585 1724 630 sed

338 658 426 702 cito
447 657 593 712 ducit,
619 658 705 702 cito
727 656 940 716 perducit·
962 656 1076 708 Quia
1098 671 1201 715 ergo
1222 656 1277 700 de
1301 657 1549 716 captivitate
1577 664 1724 700 nostra
1772 674 1775 684 ⁴

337 728 616 786 gemebamus
633 762 645 782 ,
666 736 849 786 gemunt
869 735 1015 792 autem
1039 735 1083 771 et
1102 726 1165 770 illi
1196 727 1271 787 qui
1290 728 1381 786 jam
1403 725 1686 771 crediderunt
1710 745 1720 770 z

336 797 559 859 quomodo
583 808 730 843 autem
752 796 854 842 facti
876 813 1025 842 sumus
1050 798 1234 858 captivi,
1272 797 1397 842 obliti
1429 796 1590 842 fuimus
1607 833 1619 853 ‚
1649 795 1726 843 sed
1772 790 1784 812 ¹

335 884 413 928 per
437 868 704 927 Scripturam
722 883 1114 912 commemoramur
1140 886 1150 913 ε
1175 867 1361 913 Paulum
1384 867 1526 927 ipsum
1549 876 1726 927 aposto-

335 939 428 984 lum
450 939 789 997 interrogemus3
811 940 870 983 ait
891 939 1008 990 enim
1023 973 1034 994 ‚
1059 958 1080 982 «
1107 939 1275 984 Scimus
1300 939 1418 983 enim
1439 939 1542 999 quia
1562 937 1632 983 lex
1644 939 1727 998 spi·

339 1027 361 1051 »
397 1008 564 1053 ritualis
581 1017 645 1053 est
660 1043 671 1064 ‚
695 1023 774 1067 ego
804 1017 948 1053 autem
967 1007 1151 1053 carnalis
1183 1023 1279 1053 sum
1296 1038 1308 1063 9
1328 1007 1620 1054 venumdatus
1646 1008 1728 1053 sub

340 1096 362 1121 »
396 1081 618 1139 peccato¹.
654 1096 675 1121 »
699 1081 814 1123 Ecce
841 1078 961 1123 unde
992 1077 1097 1124 facti
1127 1093 1276 1123 sumus
1308 1078 1493 1138 captivi,
1525 1079 1627 1138 quia
1646 1093 1725 1123 ve-

337 1148 528 1193 nundati
551 1164 702 1193 sumus
719 1149 801 1193 sub
825 1158 1019 1209 peccato.
1045 1150 1151 1203 Quis
1173 1164 1251 1193 nos
1272 1147 1496 1194 vendidit?
1516 1150 1602 1193 Nos
1623 1148 1724 1208 ipsi,
1767 1205 1769 1220 Ι

336 1219 413 1280 qui
430 1219 733 1264 consensimus
756 1219 989 1264 seductori.
1015 1218 1213 1271 Vendere
1234 1234 1312 1263 nos
1334 1218 1577 1278 potuimus,
1607 1217 1726 1263 redi-

335 1304 454 1333 mere
466 1305 556 1334 non
576 1304 822 1349 possumus.
838 1289 1125 1334 Vendidimus
1146 1304 1225 1334 nos
1246 1288 1528 1356 consensione
1539 1288 1722 1348 peccati,
1765 1335 1768 1354 ὁ

339 1359 594 1403 redimimur
616 1360 662 1403 in
683 1358 770 1403 fide
787 1359 984 1419 justitiae.
1013 1359 1195 1418 Sanguis
1223 1359 1340 1403 enim
1360 1359 1569 1403 innocens
1597 1359 1724 1403 datus
1765 1356 1767 1373 ‘

336 1438 400 1473 est
417 1444 495 1488 pro
517 1429 644 1474 nobis
660 1465 671 1484 ‚
695 1438 746 1473 ut
766 1429 1094 1474 redimeremur.
1113 1432 1447 1489 Quemcumque
1467 1429 1724 1488 sanguinem

334 1499 407 1544 ille
424 1498 540 1544 fudit
567 1499 871 1560 persequendo
898 1501 1060 1560 justos,
1093 1498 1268 1560 qualem
1299 1500 1555 1558 sanguinem
1584 1498 1723 1544 fudit?
1763 1525 1765 1556 ÷

334 1573 359 1614 J
363 1580 560 1616 ustorum
572 1571 751 1631 quidem
763 1571 1020 1630 sanguinem
1036 1569 1172 1626 fudit,
1189 1571 1504 1629 Prophetarum
1516 1606 1527 1626 ,
1547 1579 1719 1630 patrum
1762 1604 1764 1616 Α

335 1650 605 1697 nostrorum,
627 1642 848 1702 justorum
870 1642 1126 1700 sanguinem
1149 1640 1264 1685 fudit
1287 1651 1330 1685 et
1353 1645 1601 1699 Martyrum
1623 1661 1631 1686 :
1656 1650 1726 1690 tae

333 1727 435 1755 men
457 1726 606 1756 omnes
628 1712 684 1756 de
704 1712 942 1771 propagine
978 1712 1143 1772 peccati
1175 1712 1412 1756 venientes.
1446 1714 1590 1757 Unum
1621 1727 1729 1758 san-¹

335 1782 513 1841 guinem
534 1780 650 1826 fudit
671 1783 762 1842 ejus
792 1782 869 1842 qui
897 1798 986 1826 non
1010 1783 1292 1842 justificatus,
1324 1782 1398 1826 sed
1420 1783 1563 1842 justus
1596 1791 1722 1826 natus

334 1861 399 1896 est
425 1872 433 1897 :
460 1851 536 1896 illo
569 1852 777 1910 sanguine
806 1852 930 1907 fuso,
956 1852 1147 1912 perdidit
1168 1868 1277 1912 quos
1300 1853 1492 1898 tenebat.
1519 1856 1603 1897 Pro
1624 1852 1723 1912 qui-s
1758 1847 1761 1900 ζ
1814 1880 1815 1889 1

334 1923 416 1967 bus
440 1923 556 1966 enim
578 1922 705 1967 datus
727 1931 791 1966 est
812 1923 1018 1967 innocens
1047 1923 1222 1982 sanguis
1239 1958 1250 1977 ‚
1283 1923 1497 1983 redempti
1525 1932 1653 1981 sunt3
1677 1932 1720 1967 et

335 1993 528 2037 conversi
551 2008 574 2036 a
596 1993 871 2051 captivitate,
896 2002 1075 2037 cantant
1095 1994 1225 2037 istum
1244 1992 1480 2037 Psalmum.

395 2065 477 2106 111.
500 2064 641 2107 «Cum
660 2071 933 2106 converteret
947 2063 1157 2106 Dominus
1173 2063 1467 2121 captivitatem
1486 2062 1719 2118 Sion‚facti
1813 2059 1815 2072 ¹

339 2150 359 2173 »
374 2147 521 2175 sumus
536 2132 647 2176 sicut
665 2131 1020 2176 consolati.»Hoc
1037 2132 1155 2177 volui
1167 2132 1324 2187 dicere,
1339 2132 1439 2177 facti
1457 2147 1607 2177 sumus
1619 2148 1727 2191 gau.-,
1755 2181 1757 2187 ,

328 2202 502 2245 dentes.
524 2201 737 2255 Quando?
760 2220 776 2240 «
800 2204 911 2246 Cum
925 2211 1197 2246 converteret
1208 2203 1416 2247 Dominus
1428 2204 1723 2262 captivitatem

341 2291 358 2311 »
387 2272 504 2315 Sion.
527 2291 544 2313 »
571 2275 678 2325 Quae
694 2272 825 2316 Sion?
845 2275 939 2331 Ipsa
954 2271 1191 2316 Jerusalem
1204 2307 1214 2327 ,
1230 2281 1273 2316 et
1286 2282 1448 2317 aeterna
1467 2273 1584 2318 Sion.
1601 2276 1720 2326 Quo-⁶
1753 2319 1755 2323 ξ

334 2341 467 2385 modo
503 2351 664 2386 aeterna
696 2342 823 2396 Sion,
849 2343 1071 2402 quomodo
1109 2343 1277 2402 captiva
1318 2344 1447 2387 Sion?
1471 2347 1521 2387 In
1543 2343 1717 2402 Angelis
1752 2364 1755 2407 ς
1810 2359 1814 2372 >

334 2421 494 2456 aeterna
510 2447 520 2467 ‚
543 2412 587 2455 in
610 2413 860 2456 hominibus
883 2413 1066 2471 captiva.
1088 2415 1185 2457 Non
1208 2413 1323 2456 enim
1345 2428 1496 2457 omnes
1518 2413 1634 2457 illius
1652 2414 1717 2458 ci-

333 2482 476 2526 vitatis
498 2483 610 2527 cives
631 2483 789 2542 captivi
812 2483 1021 2527 suntzsed
1042 2484 1118 2543 qui
1139 2484 1242 2528 inde
1259 2484 1579 2543 perigrinantur
1595 2519 1606 2539 ‚
1636 2484 1715 2544 ipsi

383 2574 392 2590 ¹
414 2569 504 2600 Rom.
525 2577 583 2609 vu,
599 2565 631 2608 4.
648 2584 689 2600 ι-
708 2566 813 2599 ²Psal.
832 2578 930 2608 cxxv,
950 2579 979 2600 ι.

1751 2410 1754 2458 i
1810 2422 1815 2451 a·

1749 2564 1751 2595 t
