1815 3253
396 205 638 237 ENARRATIO
671 210 716 237 IN
750 206 952 238 PSALMUM
984 211 1098 238 exn.
1343 198 1423 237 397

0 301 12 322 =.
41 273 220 329 dicitur,
251 292 271 316 «
305 273 672 330 Confundantur,
711 285 754 320 et
782 284 1080 331 revereantur,
1115 274 1191 334 qui
1224 284 1432 334 quaerunt

0 373 11 404 0
42 362 63 387 >›
97 345 286 388 animam
304 347 487 389 meam¹.
513 363 533 386 »

96 418 197 460 XII.
228 434 247 458 «
267 415 459 460 Clamavi
471 414 526 460 ad
542 425 583 460 tc
600 451 610 471 ,
627 416 810 461 Domine
833 436 842 461 ε
860 416 970 472 dixi,
994 419 1059 460 Tu
1077 431 1120 460 es
1151 431 1245 475 spes
1264 418 1425 461 mea2.»

0 515 12 546 st
39 485 224 540 Quando
247 485 509 542 tolerabam,
531 487 708 546 quando
731 487 987 542 tribulabar,
1011 506 1031 529 «
1050 487 1164 541 Dixi,
1187 489 1251 530 Tu
1271 501 1314 530 es
1332 502 1428 545 spes

0 571 11 616 fi
40 574 61 599 2)
96 572 206 601 mea.
245 574 265 598 »
305 559 408 616 Spes
430 572 525 600 mea
559 557 658 612 hic,
693 556 792 602 ideo
827 557 980 602 tolero.
1011 575 1031 599 «
1058 557 1204 605 Portio
1239 565 1429 601 »autem

0 657 11 686 s
47 643 67 669 «
97 629 192 671 Mea
207 662 217 682 ,
241 645 261 668 »
297 642 386 671 non
407 627 478 671 hic
499 662 509 682 ,
527 627 603 671 sed
624 647 643 670 «
670 630 721 672 ln
745 637 857 672 terra
879 628 1135 672 viventium.
1167 645 1185 668 »
1211 630 1295 672 Dat
1316 630 1432 670 Deus

0 739 11 748 ,
37 698 281 758 portionem
300 698 344 742 in
367 707 479 743 terra
502 699 743 743 viventium
761 734 771 754 ,
798 699 875 743 sed
893 714 983 744 non
1013 697 1180 760 aliquid
1197 715 1220 743 a
1248 713 1291 742 se
1312 706 1430 742 extra

0 809 11 819 ,
35 783 94 814 se,
113 767 230 821 Quid
252 769 375 813 dabit
388 769 551 813 amanti
563 784 607 813 se
623 804 634 825 ,
659 769 742 813 nisi
763 772 839 814 se?

93 841 221 884 XIII.
252 858 272 881 «
294 839 479 884 Intende
500 840 556 884 ad
577 840 818 884 orationem
842 856 1013 900 meam,
1046 840 1148 902 quia
1175 839 1432 884 humiliatus

0 941 16 971 ,i
38 926 60 953 »
93 925 189 954 sum
213 910 340 954 nimis
355 912 386 954 3.
417 929 437 951 »
461 910 725 956 Humiliatus
741 928 764 956 a
781 912 1156 972 persecutoribus,
1176 910 1433 955 humiliatus

37 979 82 1025 in
112 980 398 1025 confessione.
439 981 652 1025 Humiliat
673 997 718 1026 se
749 981 1044 1037 invisibiliter,
1086 981 1340 1026 humiliatus
1375 980 1431 1025 ab

35 1051 232 1096 hostibus
249 1050 490 1096 visibiliter.
516 1052 710 1110 Erigitur
731 1069 834 1112 ergo
857 1053 912 1097 ab
936 1052 1012 1096 illo
1040 1053 1268 1097 visibiliter
1297 1061 1340 1096 et
1360 1051 1431 1095 in-

0 1153 10 1183 3
34 1123 274 1168 visibiliter.
295 1123 576 1168 Invisibiliter
595 1124 731 1186 erecti
748 1134 850 1168 sunt
862 1126 951 1184 jam
971 1128 1184 1182 Martyres
1211 1143 1220 1168 ι
1243 1122 1431 1168 visibili-

0 1203 100 1255 ffter
123 1195 364 1253 erigentur,
392 1210 493 1238 cum
515 1195 800 1254 corruptibile
818 1196 900 1239 hoc
928 1194 1122 1239 induerit
1143 1194 1434 1251 incorruptio-

1 1305 10 1316 .
35 1281 134 1310 nem
162 1266 208 1310 in
230 1266 545 1310 resurrectione
567 1275 867 1322 mortuorum,
901 1282 1000 1310 cum
1039 1274 1082 1309 et
1109 1267 1192 1310 hoc
1220 1267 1363 1325 ipsum
1385 1265 1432 1308 in

0 1367 10 1396 s
35 1336 154 1398 quod
192 1337 334 1381 solum
357 1346 655 1397 persecutores
686 1337 835 1381 saevire
866 1346 1108 1396 potuerunt
1129 1372 1140 1392 ,
1165 1335 1432 1380 instaurabi-

37 1427 59 1451 »
93 1410 205 1453 tur4.
232 1429 252 1451 «
277 1409 422 1454 Nolite
443 1409 597 1453 timere
620 1424 691 1453 eos
712 1444 722 1464 ,
765 1409 841 1469 qui
876 1424 1033 1468 corpus
1059 1407 1291 1463 occidunt,
1333 1407 1429 1451 ani-

37 1498 59 1522 »
93 1495 209 1524 mam
240 1489 387 1524 autem
417 1496 507 1524 non
540 1489 724 1539 possunt
746 1479 985 1524 occidere5.
1023 1497 1044 1520 »
1081 1481 1139 1523 Et
1160 1477 1268 1539 quid
1286 1478 1432 1538 perit?

0 1573 10 1610 t
34 1551 142 1613 quid
176 1551 416 1596 occidunt?
453 1551 534 1596 Vel
570 1552 654 1596 hoc
692 1551 750 1595 eis
782 1550 1080 1611 permittitur,
1106 1559 1156 1594 ut
1193 1549 1313 1610 quod
1354 1565 1432 1593 oc-

0 1653 8 1679 ,
34 1623 219 1668 ciderint
239 1623 418 1682 pereat?
447 1624 545 1668 Non
568 1623 720 1682 periet.
747 1622 863 1666 Audi
885 1622 1020 1681 ipsius
1043 1622 1219 1666 Domini
1241 1620 1431 1680 promis-

0 1722 9 1752 5
35 1692 197 1738 sionem
228 1712 237 1738 ε
272 1711 292 1734 «
317 1695 458 1737 Amen
481 1691 580 1737 dico
612 1692 758 1747 vobis,
793 1691 973 1751 capillus
1005 1692 1155 1751 capitis
1183 1691 1313 1734 vestri
1341 1706 1432 1735 non

0 1793 9 1822 n
37 1780 58 1806 »
92 1763 271 1823 perietss.
293 1780 314 1804 »
344 1762 458 1816 Quid
480 1778 584 1821 ergo
619 1762 674 1806 de
695 1762 862 1807 caeteris
884 1761 1090 1806 membris
1125 1760 1334 1807 sollicitus
1353 1776 1397 1806 es
1415 1795 1427 1817 ,

0 1863 9 1894 c
35 1834 111 1879 ubi
135 1835 346 1878 damnum
360 1833 506 1893 capilli
528 1850 618 1879 non
639 1833 750 1877 erit?

92 1907 214 1949 XIV.
245 1923 264 1947 «
290 1907 406 1949 Erue
420 1919 490 1948 me
509 1921 532 1948 a
553 1903 918 1964 persequentibus
944 1918 1030 1948 me.
1059 1921 1080 1945 »
1100 1906 1139 1948 A
1160 1903 1320 1965 quibus
1341 1917 1429 1963 pu-

0 2005 8 2035 „
35 1976 132 2021 tatis
154 1974 276 2036 quod
296 1984 390 2020 oret
419 1984 471 2020 ut
497 1977 701 2019 eruatur?
723 1974 791 2020 Ab
815 1974 1069 2018 hominibus
1096 1975 1172 2035 qui
1193 1990 1432 2034 perseque-

0 2087 8 2096 ‚
35 2047 224 2092 bantur?
246 2049 311 2092 Ita
332 2063 457 2102 vero,
482 2047 564 2106 ipsi
586 2045 783 2091 homines
804 2055 907 2090 sunt
928 2046 1073 2090 hostes
1094 2047 1257 2091 nostri?
1282 2046 1432 2090 Habe-

1 2141 8 2176 1
35 2133 130 2163 mus
154 2118 257 2163 alios
272 2119 415 2163 hostes
427 2116 680 2171 invisibiles,
701 2117 777 2178 qui
792 2116 916 2161 aliter
929 2127 1267 2178 persequuntur.
1287 2120 1431 2162 Homo

0 2217 8 2247 f
37 2191 334 2251 persequitur,
359 2199 410 2235 ut
428 2189 598 2234 occidat
614 2205 795 2249 corpus,
818 2189 1093 2249 persequitur
1117 2189 1247 2244 alius,
1269 2198 1320 2233 ut
1341 2188 1432 2233 illa-

37 2271 167 2321 queet
191 2261 397 2304 animam.
422 2263 479 2304 Et
500 2259 600 2304 ideo
622 2276 699 2320 per
720 2276 819 2304 vasa
842 2275 918 2304 sua
935 2295 946 2315 ,
967 2260 1070 2320 quia
1092 2259 1147 2304 de
1169 2259 1245 2303 illo
1262 2258 1432 2303 dictum

38 2341 99 2376 est
118 2367 128 2387 ,
160 2334 416 2391 «Operatur
438 2330 484 2374 in
507 2329 604 2374 filiis
637 2330 924 2375 diffidentiae⁷
953 2350 972 2372 »
998 2347 1075 2391 per
1108 2346 1207 2375 vasa
1235 2346 1339 2384 sua,
1383 2328 1430 2373 id

39 2411 115 2457 est,
140 2402 355 2456 homines,
370 2401 415 2445 in
438 2400 599 2460 quibus
618 2410 839 2460 operatur,
866 2401 954 2460 agit
976 2401 1322 2461 persecutionem
1341 2414 1434 2443 cor-

87 2504 95 2519 ¹
116 2497 198 2529 Psal.
221 2508 328 2539 xxxix,
353 2495 402 2528 15.
426 2513 466 2518 —-
484 2502 496 2519 ²
516 2496 564 2527 Id.
587 2507 666 2537 cxxii,
681 2496 714 2528 6.
735 2513 777 2519 —-
798 2494 811 2518 3
830 2495 912 2528 Ibid.
942 2497 993 2528 13.
1016 2514 1056 2519 —-
1071 2495 1087 2527 4
1109 2508 1120 2529 1
1146 2498 1219 2530 Cor.
1236 2506 1290 2536 xv,
1311 2495 1365 2527 23„
1390 2510 1430 2518 —-

42 2551 56 2577 ⁵
72 2553 186 2586 Mutth,
210 2565 241 2595 x,
261 2556 315 2586 28.
333 2570 374 2576 -
388 2550 403 2576 6
423 2555 499 2585 Luc.
522 2564 588 2594 xxi,
612 2554 663 2586 18.
688 2569 728 2575 -
749 2560 762 2586 7
782 2552 898 2595 Ephes.
915 2563 950 2595 n,
970 2562 1001 2585 2.
