1815 3253
370 203 612 234 mmmmm
644 206 688 233 m
721 204 925 234 PsALMUM
956 208 1103 236 cxxxi.
1337 198 1421 238 205

13 257 15 268 ⁴
40 291 60 315 »
94 272 277 332 quirunt
294 287 394 316 eum
415 275 446 317 ¹.
473 291 494 314 »
522 272 605 318 Ubi
627 271 794 317 dictum
817 283 906 329 est,
935 293 956 317 «
983 274 1364 320 Manducaverunt
1380 285 1423 320 ct

40 360 60 384 »
94 341 385 387 adoraverunt
414 357 563 387 omnes
590 341 745 387 divites
772 353 897 388 terrae
932 364 940 389 :
980 362 1000 386 »
1036 344 1097 388 ibi
1133 342 1299 388 dictum
1334 356 1419 401 est,

13 405 17 461 Ξ
39 430 60 455 «
94 412 238 456 Edent
260 428 470 472 pauperes
490 447 501 468 ‚
527 421 571 456 et
587 414 916 458 saturabuntur.
946 432 967 456 »
993 416 1136 467 Quare
1159 413 1338 474 quando
1360 416 1423 459 di-

35 482 141 528 vites
158 482 263 527 dicti
282 492 383 527 sunt
403 482 623 538 adorasse,
644 484 822 528 saturati
845 500 936 529 non
957 484 1060 528 dicti
1089 494 1219 542 sunt3
1245 486 1423 545 quando

0 561 7 579 ³
36 562 180 598 autem
201 568 413 613 pauperes
444 553 549 598 dicti
583 564 712 609 sunt,
738 554 918 599 saturati
940 553 1045 599 dicti
1067 557 1201 599 sunt?
1230 559 1285 600 Et
1307 556 1424 600 unde

35 624 235 668 saturati?
258 627 361 668 Haec
383 625 582 669 saturitas
598 660 609 679 ‚
632 624 811 680 fratres,
837 624 977 684 qualis
1002 627 1093 669 est?
1113 629 1226 670 Deus
1247 627 1337 685 ipse
1361 636 1425 671 est

34 695 169 755 panis.
197 696 324 740 Panis
345 705 396 740 ut
416 695 482 740 lac
505 696 630 740 nobis
654 697 777 741 fieret
793 731 804 752 ‚
826 695 1050 741 descendit
1085 697 1139 741 ad
1162 706 1347 755 terram3
1381 707 1424 742 et

34 766 93 810 ait
113 767 199 809 suis
213 801 223 820 ,
247 769 376 824 «Ego
394 782 489 811 sum
512 767 634 827 panis
652 767 774 812 vivus
789 803 800 823 ,
824 768 899 828 qui
920 768 975 812 de
997 767 1109 813 coelo
1130 767 1334 813 descendi
1349 772 1381 813 ².
1400 787 1420 811 »

37 836 141 880 Ideo
163 836 251 879 illic
267 837 313 880 in
329 837 521 892 Psalmo,
547 857 566 880 «
582 838 727 882 Edent
743 853 968 898 pauperes,
985 849 1028 884 et
1050 839 1379 884 saturabuntur.
1401 858 1420 881 »

37 909 98 951 De
120 922 209 966 quo
226 907 527 951 satiabuntur?
549 907 664 952 Audi
686 908 806 968 quod
818 910 1014 970 sequitur
1032 925 1040 951 ε
1066 909 1162 955 «Et
1178 910 1426 955 laudabunt

41 995 60 1019 »
95 978 332 1022 Dominum
351 978 427 1038 qui
448 979 680 1038 requirunt
701 994 817 1024 eum.
856 998 875 1021 »

93 1050 192 1092 XX.
217 1051 368 1093 Estote
385 1064 489 1108 ergo
510 1064 723 1109 pauperes
738 1085 749 1106 ‚
775 1059 909 1095 estote
930 1051 977 1094 in
998 1051 1206 1095 membris
1228 1051 1345 1096 illius
1365 1052 1427 1097 vi-

39 1116 157 1172 duae,
183 1133 273 1162 non
294 1119 347 1163 sit
368 1119 577 1163 auxilium
597 1129 791 1164 vestrum
817 1120 897 1164 nisi
923 1120 969 1164 in
991 1136 1080 1166 uno
1103 1125 1209 1166 Deo.
1236 1123 1427 1166 Pecunia

39 1186 146 1232 nihil
167 1197 256 1243 est,
280 1203 370 1233 non
390 1188 493 1233 inde
514 1188 721 1233 auxilium
743 1190 975 1243 habebitis.
1000 1190 1131 1236 Multi
1153 1201 1330 1252 propter
1354 1207 1428 1252 pe-

37 1257 208 1302 cuniam
226 1259 485 1318 praecipitati
507 1268 608 1303 sunt
625 1295 636 1315 ‚
672 1259 801 1304 multi
828 1270 1007 1320 propter
1029 1263 1259 1321 pecuniam
1282 1263 1426 1322 perie-

37 1337 139 1372 runt
159 1347 167 1372 :
188 1328 316 1373 multi
331 1338 509 1388 propter
526 1330 759 1389 pecuniam
777 1330 960 1376 multam
976 1333 1147 1391 quaesiti
1167 1343 1269 1377 sunt
1286 1349 1310 1377 a
1328 1349 1427 1393 rap-

38 1399 204 1443 toribus
231 1419 242 1456 3
267 1400 351 1443 tuti
371 1409 538 1455 essent,
559 1400 591 1444 si
610 1416 700 1444 non
720 1400 934 1445 haberent
955 1418 1089 1462 quare
1107 1413 1423 1463 quaererentur.

37 1469 164 1514 Multi
181 1469 236 1514 de
248 1471 393 1515 amicis
407 1471 728 1531 potentioribus
744 1483 1118 1532 praesumpserunt
1143 1493 1152 1518 ι
1174 1474 1428 1518 ceciderunt

38 1540 98 1585 illi
121 1540 175 1584 de
197 1541 356 1601 quibus
379 1552 774 1602 praesumpserunt,
796 1552 839 1587 et
857 1543 903 1586 in
918 1544 1151 1589 volveiunt
1176 1560 1248 1589 eos
1277 1545 1353 1605 qui
1371 1545 1426 1589 de

38 1626 82 1656 se
93 1613 700 1671 praesumpserunt.Respicite
711 1612 908 1672 exempla
924 1615 1090 1672 generis
1105 1615 1210 1659 hum
1217 1615 1428 1669 ani.Quid

39 1697 246 1741 magnum
268 1692 332 1726 est
349 1682 468 1742 quod
485 1682 608 1727 vobis
630 1681 820 1727 dicitur?
842 1685 939 1728 Non
957 1684 1099 1728 solum
1121 1685 1176 1729 de
1197 1686 1264 1730 his
1284 1687 1429 1746 Scrip-

44 1752 145 1796 turis
167 1768 215 1796 ea
240 1751 464 1813 loquimur
481 1787 492 1807 ,
518 1751 648 1811 legite
669 1768 718 1797 ea
740 1753 785 1797 in
817 1754 924 1797 orbe
950 1763 1174 1800 terrarum.
1207 1756 1429 1801 Attendite

41 1838 128 1868 non
149 1838 409 1882 praesumere
430 1821 486 1866 de
498 1822 683 1882 pecunia
698 1858 708 1878 ‚
724 1822 779 1867 de
802 1824 941 1869 amico
964 1825 1140 1870 homine
1154 1861 1164 1881 ‚
1191 1827 1246 1870 de
1262 1828 1430 1872 honore

19 1873 85 1938 let
99 1893 304 1954 jactantia
338 1893 498 1938 saeculi.
533 1892 654 1937 Tolle
687 1893 767 1937 ista
789 1895 934 1938 omnia
962 1910 970 1935 ε
996 1895 1072 1940 sed
1100 1896 1135 1940 si
1155 1897 1291 1941 habes
1321 1897 1427 1956 illa3

21 2007 23 2030 a
44 1979 121 2023 age
146 1967 236 2009 Deo
255 1966 432 2024 gratias,
464 1964 498 2008 si
514 1965 756 2009 contemnis
778 1964 865 2009 illa.
892 1965 934 2010 Si
956 1975 1103 2010 autem
1121 1967 1284 2012 inflaris
1302 1967 1426 2024 inde,

0 2039 3 2047 '
20 2034 23 2048 ⁴
44 2035 132 2081 noli
151 2036 374 2081 attendere
393 2036 571 2097 quando
590 2036 671 2080 eris
689 2035 838 2095 praeda
859 2036 1087 2081 hominum
1108 2058 1118 2094 3
1139 2038 1229 2098 jam
1255 2037 1430 2083 diabolo
1459 2087 1466 2089 b

0 2121 3 2128 ·
44 2107 188 2166 praeda
211 2123 269 2152 es.
298 2108 341 2152 Si
369 2117 515 2152 autem
535 2108 590 2152 de
614 2108 680 2151 his
702 2107 832 2151 rebus
854 2123 944 2152 non
966 2110 1292 2168 praesumpseris
1312 2144 1323 2165 ‚
1348 2110 1430 2154 eris

0 2169 3 2198 l
45 2176 88 2221 in
108 2178 311 2222 membris
337 2177 452 2222 illius
479 2177 625 2223 viduae
642 2212 654 2233 ‚
679 2193 778 2237 quae
801 2186 864 2222 est
885 2177 1103 2233 Ecclesia,
1137 2178 1192 2222 dc
1223 2195 1310 2240 qua
1337 2180 1433 2224 dic-

0 2240 5 2266 ³
45 2255 138 2292 tum
161 2256 224 2291 est
243 2282 254 2302 ‚
288 2266 310 2290 «
333 2247 520 2292 Viduam
558 2249 650 2308 ejus
685 2246 948 2292 benedicens
983 2248 1255 2293 benedicam.
1292 2269 1311 2291 »
1336 2251 1431 2294 Eris

0 2312 4 2338 '¹
47 2325 89 2360 et
108 2332 274 2376 pauper
288 2352 299 2372 ,
324 2315 379 2361 de
400 2316 600 2376 qualibus
617 2316 785 2363 dictum
806 2326 891 2373 est,
912 2336 933 2360 «
953 2321 1009 2363 Et
1023 2333 1233 2379 pauperes
1255 2321 1345 2380 ejus
1364 2336 1434 2365 sa-

50 2403 72 2428 »
104 2387 262 2430 turabo
282 2386 484 2446 panibus.
514 2405 533 2428 n

106 2459 267 2501 XXVI.
293 2456 542 2517 Aliquando
560 2454 706 2501 autem
722 2492 734 2513 ‚
758 2459 881 2519 quod
896 2474 986 2505 non
1008 2468 1072 2504 est
1093 2463 1431 2520 praetermitten-

23 2458 26 2494 l

24 2526 27 2586 Ι
100 2541 205 2575 'Psah
226 2553 293 2584 xxi,
316 2551 370 2584 27.
391 2558 432 2566 —
452 2548 463 2565 ²
484 2544 575 2575 Joan.
599 2552 642 2583 vi,
663 2541 716 2584 41.

25 2637 27 2658 A

25 2670 27 2688 l

26 2725 27 2749 1

12 0 15 23 ι

12 73 15 95 ι

14 233 15 255 1

13 274 15 296 l

14 363 16 398 Ι

0 2383 6 2410 'e

0 2454 6 2470 k
