1815 3253
330 270 387 311 46
761 280 795 310 s.
830 278 1061 311 Aucus‘nm
1092 282 1276 311 Emscom

331 367 352 390 »
386 347 484 393 vavi
506 347 654 392 oculos
671 363 788 393 meos
804 384 815 404 ,
840 349 917 409 qui
938 349 1107 394 habitas
1128 349 1175 393 in
1196 349 1325 394 coelo.
1348 367 1368 390 »
1391 347 1477 393 Ubi
1489 357 1592 393 sunt
1608 364 1712 408 ergo

329 418 484 463 scalae?
514 421 650 463 Tanta
685 420 799 462 enim
832 419 1058 464 intervalla
1090 419 1379 478 conspicimus
1405 419 1519 463 inter
1542 418 1712 467 'coelum

330 498 373 533 et
393 498 574 545 terram,
603 497 719 533 tanta
743 489 953 549 separatio
987 499 1050 534 θ5ῖ
1067 525 1077 545 ‚
1103 499 1146 534 θῖ
1168 499 1286 534 tanta
1319 489 1454 549 spatia
1474 489 1670 534 locorum
1697 507 1709 535 ι

328 558 433 604 illuc
461 559 663 605 volumus
685 559 937 617 ascendere3
962 560 1094 604 scalas
1116 575 1205 604 non
1227 559 1424 604 videmus
1451 577 1460 601 z
1493 558 1712 619 numquid

328 628 440 674 forte
463 630 652 674 fallimus
674 646 767 684 nos,
784 631 884 690 quia
902 631 1154 675 «Canticum
1173 631 1406 689 graduum,
1426 630 1473 673 id
1496 639 1582 685 est,
1599 632 1711 674 Can-

327 700 463 744 ticum
486 700 744 744 ascensionis
776 702 1031 744 cantamus?
1067 700 1351 744 Ascendimus
1382 701 1436 742 ad
1461 700 1622 743 coelum
1641 735 1651 753 ‚
1677 699 1713 743 si

327 770 564 827 cogitamus
589 773 724 813 Deum
741 805 751 823 ‚
796 770 872 829 qui
902 785 1100 814 ascensus
1131 770 1176 813 in
1199 769 1330 813 corde
1363 768 1482 813 fecit.
1509 768 1627 822 Quid
1648 778 1712 812 est

328 839 555 883 ascendere
578 839 624 883 in
647 838 804 883 corde?
828 840 1040 883 Proficere
1058 840 1103 882 in
1124 843 1276 883 Deum.
1314 840 1545 893 Quomodo
1572 839 1711 884 omnis

327 910 402 970 qui
423 909 595 964 deficit,
622 925 710 953 non
735 910 985 966 descendit,
1011 910 1086 954 sed
1108 910 1224 955 cadit
1248 930 1256 955 :
1277 911 1335 955 sic
1353 913 1492 955 omnis
1519 911 1594 970 qui
1610 926 1713 969 pro-

326 980 417 1024 ficit
437 1015 448 1034 ‚
486 979 678 1024 ascendit
705 999 714 1024 ι
735 979 810 1023 5θά
834 982 868 1023 si
890 981 948 1024 sic
972 980 1169 1039 proficiat
1184 1016 1195 1035 ,
1220 990 1268 1025 ut
1291 997 1379 1025 non
1404 981 1652 1040 superbiat,
1678 981 1712 1025 si

326 1051 384 1094 sic
406 1051 609 1095 ascendat
624 1086 634 1105 ‚
676 1059 724 1094 ut
745 1066 834 1094 non
856 1050 983 1094 cadat
1008 1070 1017 1095 :
1044 1051 1077 1094 si
1095 1061 1240 1095 autem
1265 1051 1534 1110 proficiendo
1556 1067 1710 1111 super-

326 1121 443 1176 hiat,
473 1121 746 1165 ascendendo
782 1122 939 1164 iterum
969 1120 1099 1166 cadit.
1137 1121 1221 1166 Sed
1254 1131 1303 1165 ut
1335 1138 1424 1166 non
1457 1122 1707 1181 superbiat,

326 1191 434 1251 quid
457 1191 589 1234 debet
606 1189 778 1234 facere?
801 1194 934 1235 Levet
955 1190 1103 1235 oculos
1119 1205 1216 1235 suos
1230 1191 1285 1235 ad
1303 1191 1423 1235 illum
1443 1192 1520 1251 qui
1542 1192 1711 1236 habitat

325 1263 370 1305 in
394 1261 507 1306 coelo
523 1297 533 1316 ‚
555 1277 643 1305 non
667 1276 711 1305 se
733 1261 943 1305 attendat.
969 1262 1119 1305 Omnis
1141 1262 1254 1305 enim
1273 1262 1485 1321 superbus
1507 1278 1551 1305 se
1573 1270 1710 1305 atten-

326 1331 418 1387 dit,
444 1341 487 1376 θῖ
509 1348 692 1390 magnus
719 1332 800 1375 sibi
835 1331 1007 1376 videtur
1028 1333 1103 1392 qui
1126 1333 1206 1376 sibi
1226 1332 1381 1391 placet.
1411 1332 1494 1376 Sed
1526 1332 1602 1392 qui
1628 1332 1710 1376 sibi

323 1402 467 1462 placet
492 1437 502 1456 ‚
529 1402 664 1446 stulto
685 1402 853 1445 homini
878 1402 1019 1460 placet
1045 1421 1054 1446 z
1081 1403 1182 1462 quia
1212 1402 1284 1446 ille
1311 1403 1401 1461 ipse
1423 1402 1579 1446 stultus
1611 1412 1675 1446 est
1695 1437 1705 1456 ‚

324 1488 425 1517 cum
448 1473 529 1516 s'ibi
549 1472 705 1532 placet.
735 1471 859 1532 Solus
880 1487 1054 1516 securus
1077 1472 1220 1531 placet
1239 1507 1250 1526 ⁷
1275 1473 1350 1531 qui
1370 1475 1458 1516 Deo
1480 1472 1636 1531 placet.
1654 1475 1710 1516 Et

324 1544 422 1604 quis
444 1553 507 1587 est
523 1544 597 1604 qui
611 1544 753 1602 placet
766 1547 856 1587 Deo
872 1543 986 1588 PCui
1003 1543 1213 1602 placuerit
1230 1546 1358 1587 Deus.
1377 1543 1609 1602 Displicere
1628 1543 1710 1587 sibi

325 1618 439 1660 Deus
460 1631 550 1659 non
572 1624 715 1674 potest
737 1630 746 1655 ε
777 1614 943 1673 placeat
966 1624 1008 1658 et
1032 1615 1133 1668 tibi,
1163 1624 1212 1658 ut
1234 1613 1401 1673 placeas
1420 1614 1497 1658 illi.
1527 1615 1611 1659 Sed
1629 1615 1709 1658 tihi

323 1685 397 1729 ille
418 1685 585 1744 placere
601 1700 690 1728 non
704 1684 888 1743 poterit,
912 1686 993 1728 nisi
1015 1694 1063 1727 tu
1086 1684 1166 1728 tibi
1188 1683 1471 1743 displicueris.
1498 1685 1541 1729 Si
1562 1695 1708 1729 autem
1768 1705 1770 1708 >

323 1754 523 1814 displices
541 1754 645 1809 tibi,
672 1753 775 1798 tolle
797 1764 874 1797 ate
892 1754 1084 1798 oculum.
1107 1753 1274 1813 thuid
1291 1763 1332 1797 te
1359 1755 1473 1797 enim
1497 1754 1708 1798 attendis?

328 1825 371 1870 Si
393 1825 508 1869 enim
531 1840 631 1869 vere
652 1834 695 1868 te
717 1823 903 1868 attendis
917 1859 928 1879 ‚
963 1824 1128 1868 invenis
1156 1825 1200 1868 in
1232 1834 1274 1868 ῖθ
1304 1824 1424 1884 quod
1446 1824 1526 1868 tibi
1557 1823 1708 1883 displi-

323 1905 442 1953 ceat3
466 1905 510 1939 θῖ
528 1895 634 1939 dicis
654 1898 745 1939 Deo
765 1930 775 1949 ‚
805 1913 825 1936 «
848 1898 1078 1938 Peccatum
1103 1910 1249 1939 meum
1278 1904 1377 1938 ante
1400 1911 1482 1955 me*
1501 1904 1565 1939 est
1591 1910 1704 1938 sem-

325 1983 347 2007 »
381 1969 500 2026 per1.
543 1984 563 2006 »
596 1969 827 2010 Peccatum
859 1974 983 2009 tuum
1017 1966 1071 2009 sit
1100 1976 1200 2010 ante
1225 1979 1262 2010 ιθ
1283 2002 1293 2022 ,
1329 1977 1497 2011 utnon
1526 1968 1579 2011 sit
1606 1977 1706 2011 ante

322 2041 463 2082 Deum
484 2056 493 2082 :
519 2046 561 2081 et
583 2045 631 2080 tu
646 2035 735 2080 noli
749 2051 838 2079 esse
851 2045 951 2079 ante
965 2045 1008 2079 te
1020 2072 1035 2092 ,
1050 2046 1099 2080 ut
1112 2038 1165 2080 sis
1184 2046 1284 2080 ante
1302 2041 1454 2081 Deum.
1474 2037 1706 2091 Quomodo

308 2109 436 2152 =enim
459 2107 660 2152 volumus
682 2115 832 2150 utnon
851 2122 873 2150 a
896 2107 1021 2151 nobis
1037 2116 1201 2152 avertat
1223 2106 1373 2151 faciem
1393 2112 1526 2163 Deus,
1546 2109 1604 2153 sic
1624 2124 1705 2153 vo-

322 2177 467 2221 lumus
490 2187 539 2221 ut
564 2185 729 2221 avertat
759 2176 913 2219 faciem
934 2192 957 2219 a
984 2177 1168 2235 peccatis
1195 2178 1350 2222 nostris
1375 2194 1383 2219 :
1410 2193 1511 2222 nam
1533 2188 1706 2221 utrum-

317 2262 408 2310 que
437 2246 500 2291 illi
521 2256 722 2291 cantatur
742 2245 787 2288 in
813 2245 989 2289 Psalmis
1011 2265 1020 2290 :
1050 2265 1070 2288 «
1091 2249 1156 2291 Ne
1178 2257 1342 2291 avertas
1365 2246 1517 2292 faciem
1549 2259 1662 2291 [uam
1681 2264 1705 2292 a

324 2335 346 2358 »
381 2319 490 2362 me2.
509 2335 529 2359 »
554 2320 646 2360 Vox
665 2325 729 2360 est
752 2314 928 2370 Psalmi,
955 2332 1038 2361 vox
1062 2326 1126 2360 est
1149 2332 1251 2375 ergo
1279 2327 1438 2362 nostra.
1464 2321 1520 2362 Et
1542 2317 1614 2361 ille
1628 2318 1704 2378 qui

321 2387 448 2441 dicit,
478 2405 498 2428 «
522 2389 593 2431 Ne'
619 2395 783 2430 avertas
810 2383 963 2429 faciem
987 2395 1103 2429 tuam
1130 2403 1153 2430 a
1171 2402 1260 2441 me,
1291 2405 1310 2428 >›
1335 2388 1435 2431 vide
1456 2387 1564 2447 quid
1587 2387 1704 2430 dieat

322 2458 406 2503 alio
427 2457 525 2502 loco
544 2476 552 2502 :
584 2475 603 2498 «
629 2460 788 2500 Averte
808 2456 959 2500 faciem
986 2466 1103 2500 tuam
1123 2473 1146 2500 a
1167 2459 1354 2516 peccatis
1371 2459 1520 2502 meisss.
1542 2476 1562 2498 »
1587 2457 1629 2501 Si
1639 2457 1701 2501 vis

320 2537 372 2572 ut
389 2536 554 2572 avertat
576 2526 726 2570 faciem
751 2541 872 2569 suam
897 2542 919 2570 a
937 2527 1122 2585 peccatis
1143 2528 1254 2584 tuis,
1274 2529 1429 2587 tuipse
1446 2544 1469 2571 a
1490 2536 1532 2571 te
1555 2535 1700 2571 averte

371 2621 375 2631 ·
407 2613 469 2641 run!
502 2612 880 2645 1<,5.—²1‹lixxvv.o
918 2628 954 2631 —
978 2609 990 2631 3
1009 2611 1041 2641 hl
1080 2622 1110 2645 L,
1134 2622 1167 2641 11

1778 957 1784 1103 ff

1772 1106 1780 1339 l
