1815 3253
368 202 450 242 136
787 211 820 239 s.
857 211 1086 242 Aucus'rtm
1118 215 1300 242 Emscom
1755 163 1758 266 l

366 279 574 332 fructum,
589 276 708 338 quod
723 286 784 321 est
806 279 989 322 charitas
1006 314 1017 334 ,
1035 279 1127 338 ipsa
1141 279 1345 324 columba
1363 279 1460 325 illos
1480 289 1671 340 reportat
1689 274 1742 327 ad
1755 269 1764 356 Ιὲ
1790 283 1814 325 sia

365 364 524 401 arcam,
543 357 586 392 et
603 348 784 392 veniunt
804 347 859 392 ad
876 349 1101 393 unitatem.
1119 350 1238 393 Tales
1260 365 1360 408 ergo
1382 350 1459 394 filii
1476 350 1638 395 debent
1656 365 1744 396 esse

1811 364 1815 372 ι

1791 365 1815 411 qil:

1810 417 1814 425 ι

370 437 391 460 «
426 422 477 463 In
495 419 679 463 circuitu
695 434 856 462 mensae
880 437 901 460 »
925 419 1124 472 Domini,
1155 439 1175 462 «
1195 418 1327 464 Velut
1353 420 1586 464 novellatio
1608 420 1744 465 oliva·¹
1792 427 1815 465 sed

368 507 389 530 »
425 504 537 532 rum.
556 506 576 529 »
598 488 793 532 Perfecta
818 503 882 531 res
899 497 982 542 est,
998 504 1153 547 magna
1176 489 1402 534 beatitudo
1429 509 1438 534 :
1455 491 1544 550 jam
1567 489 1664 549 quis
1684 489 1745 533 ibi

365 558 476 603 nolit
493 559 733 602 esse?Cum
749 557 904 602 videris
926 557 1114 618 aliquem
1136 558 1439 619 blasphemum
1461 560 1623 604 habere
1645 573 1759 636 uxo-j

365 644 456 672 rem
471 664 481 683 ‚
504 628 614 672 filios
634 663 644 683 ‚
670 636 848 686 nepotes
866 662 876 682 ‚
902 637 945 672 et
966 637 1009 671 te
1031 626 1141 672 forte
1162 645 1252 673 non
1269 630 1446 683 habere,
1471 629 1560 673 noli
1582 628 1718 673 zelare
1733 637 1759 686 :j

366 698 466 744 vide
484 699 584 759 quia
607 707 650 742 et
669 698 715 741 in
738 707 781 742 te
803 697 1070 757 completum
1090 707 1167 753 est,
1185 698 1260 742 sed.
1277 699 1540 758 spiritaliter.
1553 702 1621 743 An
1639 689 1759 765 forte}

367 785 457 813 non
480 785 523 814 es
544 769 590 812 in
619 768 853 812 membris?
878 768 921 812 Si
946 783 1034 812 non
1055 768 1116 812 ibi
1149 784 1214 823 es,
1244 768 1404 828 plange
1428 770 1529 829 quia
1551 784 1630 812 nec
1649 769 1759 824 hic‚'

365 855 447 883 nec
468 839 546 882 ibi.
578 839 619 882 Si
642 847 787 881 autem
804 837 894 893 ibi,
920 853 1094 882 securus
1116 847 1207 883 esto
1231 858 1240 884 :
1265 839 1367 898 quia
1400 840 1477 883 etsi
1497 839 1558 882 ibi
1591 847 1635 882 et
1656 846 1760 889 non!

365 910 437 954 hic
452 945 462 964 ‚
489 908 753 954 fructuosius
774 908 835 952 ibi
858 925 990 969 quam
1011 910 1097 954 hic.
1757 959 1759 968 γ

426 982 546 1024 XIV.
567 980 609 1024 Si
631 994 732 1037 ergo
750 979 979 1035 habemus,
1005 995 1140 1039 quare
1165 979 1375 1024 habemus
1389 981 1407 1022 ‘2
1422 979 1529 1032 Quia
1549 979 1750 1023 timemus
1777 1000 1779 1019 f

366 1050 617 1095 Dominum.
643 1068 663 1091 «
684 1051 798 1093 Ecce
815 1049 873 1092 sic
891 1048 1174 1094 benedicetur
1190 1050 1344 1102 homo,
1368 1049 1443 1109 qui
1466 1049 1589 1093 timet
1611 1048 1759 1102 Domi-i

371 1140 391 1163 »
427 1123 574 1165 num1.
599 1137 620 1161 »
642 1119 722 1164 Ille
745 1129 808 1164 est
835 1121 967 1164 homo
987 1155 998 1175 ‚
1038 1121 1113 1180 qui
1142 1129 1244 1164 sunt
1264 1121 1486 1176 homines3
1509 1129 1552 1164 et
1570 1119 1651 1179 ipsi
1673 1119 1779 1180 ho-„r

368 1192 529 1244 mines,
557 1191 686 1233 homo
714 1209 722 1233 :
749 1189 850 1249 quia
868 1189 995 1233 multi
1015 1205 1152 1233 unum
1170 1225 1180 1245 ,
1202 1190 1304 1249 quia
1326 1190 1521 1234 Christus
1543 1204 1670 1233 unus.

427 1262 524 1304 XV.
551 1279 570 1302 «
596 1259 831 1303 Benedicat
856 1269 895 1303 te
916 1260 1126 1304 Dominus
1150 1275 1199 1303 ex
1226 1260 1343 1304 Sion.
1368 1277 1388 1300 n
1411 1261 1614 1318 Coeperas
1638 1258 1760 1303 enimi

371 1330 617 1384 attendere,
646 1348 667 1372 «
698 1332 811 1373 Ecce
834 1330 891 1372 sic
923 1329 1208 1373 benedicetur
1238 1329 1371 1373 homo
1400 1329 1475 1388 qui
1506 1329 1631 1372 timet
1665 1331 1779 1378 Do-1'

374 1420 394 1441 »
430 1400 599 1444 minum
617 1403 649 1442 ².
679 1417 699 1440 »
725 1401 823 1442 Jam
844 1399 956 1442 sorte
978 1398 1093 1443 oculi
1116 1399 1180 1443 tui
1201 1399 1323 1443 ibant
1342 1414 1419 1459 per
1440 1397 1550 1453 illos,
1574 1398 1755 1458 quinon
1779 1423 1781 1437 1

371 1471 527 1515 timent
545 1469 802 1522 Dominum,
826 1477 869 1512 et
885 1467 1096 1513 videbant
1116 1469 1178 1512 ibi
1200 1484 1352 1512 uxores
1375 1468 1624 1522 foecundas,
1649 1468 1760 1514 filios.
1780 1480 1781 1487 ¹

371 1540 646 1585 abundantes
678 1539 861 1583 circuire
882 1554 1074 1583 mensam
1104 1539 1238 1598 patris
1260 1539 1342 1583 sui.
1364 1540 1515 1585 Nescio
1538 1555 1624 1599 qua
1646 1539 1752 1582 ibas.
1780 1563 1782 1575 ι

377 1630 396 1653 «
432 1609 667 1653 Benedicat
684 1618 727 1652 te
750 1608 980 1663 Dominus,
1005 1626 1025 1649 »
1047 1609 1122 1652 sed
1147 1627 1166 1650 «
1187 1611 1251 1652 Ex
1274 1609 1390 1653 Sion.
1415 1627 1436 1650 »
1447 1608 1546 1652 Noli
1564 1622 1755 1668 quaerere

371 1680 465 1725 illas
483 1678 824 1732 benedictiones,
846 1695 945 1738 quae
969 1695 1057 1723 non
1077 1688 1178 1723 sunt
1196 1695 1251 1722 ex
1273 1679 1389 1724 Sion.
1415 1681 1513 1724 Non
1536 1674 1759 1737 benedixit

373 1750 582 1795 Dominus
602 1748 728 1803 tales,
760 1749 913 1792 fratres
942 1749 1056 1792 mei?
1080 1748 1332 1793 Benedictio
1354 1749 1432 1792 ista
1455 1749 1629 1792 Domini
1659 1757 1722 1792 est

374 1830 448 1865 aut
465 1820 499 1862 si
520 1835 609 1863 non
628 1827 691 1862 est
707 1834 729 1861 a
748 1818 933 1862 Domino
950 1853 960 1872 ‚
987 1818 1083 1878 quis
1105 1819 1236 1863 ducet
1257 1833 1435 1862 uxorem
1448 1853 1459 1873 ‚
1490 1818 1523 1861 si
1546 1817 1656 1861 nolit
1677 1810 1764 1861 Do-'=

374 1890 549 1934 minus?
566 1889 668 1941 Quis
682 1889 815 1948 possit
833 1903 922 1932 esse
937 1904 1080 1943 sanus,
1102 1889 1135 1932 si
1155 1887 1292 1932 nollet
1307 1889 1537 1932 Dominus!
1558 1891 1645 1931 Aut
1663 1887 1754 1947 quis

373 1968 519 2020 posset
541 1973 629 2001 esse
652 1957 770 2001 dives
785 1992 795 2012 ,
815 1958 850 2001 si
872 1957 983 2002 nolit
999 1958 1238 2002 Dominus?
1260 1961 1341 2002 Dat
1364 1957 1453 2001 illa.
1483 1957 1567 2002 Sed
1587 1973 1675 2001 non
1696 1957 1764 2019 vi-v

378 2030 452 2074 des
469 2064 480 2083 ,
514 2029 615 2088 quia
640 2037 684 2072 et
712 2027 942 2086 pecoribus
969 2027 1118 2071 dedit?
1141 2031 1239 2073 Non
1258 2043 1361 2085 ergo
1387 2027 1442 2070 de
1468 2028 1570 2071 Sion
1597 2037 1661 2071 est
1682 2026 1759 2090 ista]

378 2098 642 2144 benedictio.
660 2117 679 2139 «
696 2096 931 2141 Benedicat
945 2107 986 2141 te
1004 2098 1213 2141 Dominus
1230 2112 1280 2140 ex
1297 2098 1421 2142 Sion:
1442 2106 1486 2141 et
1502 2097 1646 2141 videas
1662 2098 1760 2157 quae}

381 2188 401 2210 »
438 2170 551 2212 bona
576 2176 678 2211 sunt
699 2166 952 2210 Jerusalem.
984 2185 1002 2207 »
1025 2169 1132 2211 Nam
1158 2166 1230 2210 illa
1255 2167 1369 2210 bona
1399 2182 1486 2210 non
1510 2175 1612 2210 sunt
1632 2160 1759 2211 Jeruss

379 2239 526 2284 salem.
555 2239 626 2282 Vis
647 2237 793 2282 videre
813 2238 914 2297 quia
940 2253 1029 2281 non
1052 2247 1153 2281 sunt
1176 2237 1288 2280 bona
1307 2236 1577 2280 Jerusalem?
1596 2240 1650 2281 Et
1669 2237 1760 2294 avi-3

379 2310 462 2353 bus
495 2308 662 2352 dictum
697 2317 760 2351 est
786 2328 794 2352 :
822 2307 1075 2361 «Crescite,
1111 2316 1154 2350 et
1184 2306 1583 2366 multiplicamini3.
1622 2325 1641 2347 »
1679 2298 1759 2360 Prci

379 2393 537 2435 magno
568 2377 630 2420 vis
654 2377 815 2419 habere
837 2375 958 2436 quod
985 2376 1136 2419 avibus
1159 2375 1368 2419 donatum
1392 2378 1485 2419 est?
1520 2378 1635 2420 Voce
1664 2366 1759 2434 qui-i

380 2448 482 2492 dem
500 2447 575 2491 Dei
596 2445 806 2490 donatum
825 2455 902 2500 est,
923 2446 1019 2505 quis
1040 2445 1231 2489 nesciat?
1255 2445 1339 2490 Sed
1362 2454 1483 2490 utere
1506 2445 1631 2490 bonis
1652 2445 1759 2503 istis‚{

432 2538 442 2554 ¹
463 2531 544 2563 Psal.
566 2529 731 2570 cxxv11,4.
754 2546 794 2552 -
816 2529 922 2561 ²1bid.
945 2530 975 2561 5.
997 2542 1034 2552 -«
1054 2527 1067 2551 3
1089 2530 1168 2561 Gen.
1189 2540 1215 2569 1,
1233 2536 1287 2560 ¹29..

1793 505 1815 534 ΕΗ

1797 560 1815 603 vri
