1815 3253
0 0 20 98 ll

18 191 20 223 5
360 182 603 213 ENARRATIO
634 183 681 210 IN
712 181 916 210 rsALMUM
947 180 1127 208 cxxvm.
1343 165 1425 205 143

18 257 21 312 ξ
42 252 257 299 Abraham
282 248 474 294 Ecclesia
493 257 599 302 erat,
620 255 664 290 et
682 255 844 306 quanta
869 244 1048 305 pertulit
1072 243 1126 287 ab
1148 243 1323 303 iniquis,
1343 257 1427 287 no-

0 314 21 370 ’ξ
42 324 194 369 vimus.
223 324 275 364 In
296 319 388 364 solo
410 319 499 362 filio
521 317 663 362 fratris
678 318 770 377 ejus
788 320 884 370 Lot,
901 325 945 359 et
964 315 1009 358 in
1029 314 1160 359 domo
1178 314 1269 373 ejus
1291 313 1336 356 in
1357 315 1428 357 So-

19 376 180 447 ldomis
206 389 399 435 Ecclesia
430 397 548 443 erat,
577 396 620 431 et
650 386 830 447 pertulit
854 385 1145 431 Sodomorum
1178 382 1429 443 iniquitates

0 510 1 515 ,
19 453 21 500 ἶ
42 472 86 509 et
100 461 397 523 perversitates
412 461 424 485 ¹
441 494 452 514 ,
484 473 716 518 quousque
741 460 852 501 Deus
873 470 975 499 eum
997 454 1052 498 de
1070 452 1215 497 medio
1231 454 1427 512 ipsorum

41 533 253 578 liberavit.
274 531 419 591 Coepit
436 545 526 574 esse
546 538 589 573 et
608 529 654 572 in
677 526 843 588 populo
862 524 993 570 Isra'e'l
1016 524 1225 579 Ecclesia,
1247 522 1428 584 pertulit

44 604 310 648 Pharaonem
328 609 370 644 et
387 599 630 660 AEgyptios.
652 598 800 658 Coepit
816 606 859 641 et
879 597 926 640 in
942 596 1031 655 ipsa
1050 594 1259 649 Ecclesia,
1279 592 1326 638 id
1347 601 1426 648 est,

44 674 88 719 in
109 671 273 733 populo
296 670 428 716 Israel
449 685 656 714 numerus
678 683 766 713 esse
788 676 1036 712 sanctorum
1058 685 1068 711 ε
1092 668 1260 723 Moyses
1282 673 1325 708 et
1347 678 1432 708 cae-

0 782 6 790 .,
42 743 123 788 teri
147 742 282 787 sancti
311 740 588 801 pertulerunt
616 739 788 800 iniquos
823 736 1000 782 Judaeos
1028 735 1244 797 populum
1279 732 1427 779 Israel.

44 817 237 859 Ventum
270 822 331 858 est
365 821 409 856 et
426 812 482 856 ad
513 812 750 856 Dominum
778 819 977 854 nostrum
1001 811 1155 852 Jesum
1184 806 1430 859 Christum,

45 884 330 946 praedicatum
353 892 416 928 est
433 883 722 942 Evangelium
743 917 754 937 ,
779 881 888 926 dixit
912 882 957 925 in
980 877 1159 924 Psalmis
1180 896 1189 922 :
1214 895 1234 920 «
1251 881 1436 921 Annun-

50 974 70 998 »
107 956 206 1001 tiavi
235 964 276 999 et
307 953 481 998 locutus
513 969 642 1011 sum3
671 952 950 1012 multiplicati
980 959 1082 995 sunt
1115 964 1244 1008 super
1276 962 1435 991 nume-

51 1046 71 1068 »
107 1028 248 1071 rum2.
276 1045 296 1067 »
318 1024 436 1078 Quid
453 1033 537 1079 est,
559 1043 579 1066 «
607 1026 745 1084 Super
762 1036 996 1067 numerum
1014 1023 1032 1064 ‘2
1056 1037 1076 1061 »
1101 1023 1199 1064 Non
1216 1018 1355 1063 solum
1373 1016 1436 1060 illi

49 1096 348 1150 crediderunt,
373 1095 450 1155 qui
479 1095 701 1154 pertinent
731 1093 786 1138 ad
808 1107 1042 1136 numerum
1060 1099 1309 1135 sanctorum
1330 1109 1340 1145 3
1361 1088 1438 1131 sed

50 1177 94 1211 et
115 1182 244 1226 super
265 1180 498 1210 numerum
519 1165 739 1209 intrarunt
764 1180 776 1215 ;
800 1162 928 1207 multi
959 1161 1064 1222 justi
1085 1196 1095 1217 ,
1124 1160 1201 1205 sed
1223 1168 1265 1203 et
1292 1157 1440 1218 plures

50 1237 185 1297 iniqui
204 1258 214 1294 3
235 1246 278 1280 et
299 1235 575 1296 pertulerunt
591 1235 696 1296 justi
714 1235 901 1295 iniquos.
918 1231 1134 1287 Quando?
1153 1235 1205 1276 In
1227 1230 1435 1275 Ecclesia.

50 1307 274 1368 Numquid
302 1306 434 1351 modo
466 1305 630 1360 solum,
664 1322 716 1349 ex
741 1321 830 1365 quo
853 1311 1107 1358 enumerat,
1139 1318 1189 1346 ex
1212 1317 1300 1362 quo
1320 1315 1442 1345 com-

51 1380 293 1423 memorat?
312 1377 416 1421 Ideo
434 1392 489 1420 ne
509 1377 742 1420 miraretur
764 1375 895 1419 modo
917 1373 1133 1427 Ecclesia,
1159 1371 1229 1417 vel
1252 1387 1306 1415 ne
1329 1370 1444 1431 quis-

51 1463 183 1508 quam
214 1448 439 1491 miraretur
471 1447 517 1489 in
549 1445 764 1500 Ecclesia,
796 1444 946 1489 volens
977 1458 1067 1486 esse
1090 1442 1339 1486 membrum
1361 1441 1445 1484 bo-

53 1532 159 1561 num
183 1516 386 1561 Ecclesiae
406 1551 417 1571 ,
449 1515 597 1560 audiat
629 1524 673 1559 et
694 1516 831 1574 ipsam
853 1513 1091 1558 Ecclesiam
1113 1521 1299 1556 matrem
1322 1525 1444 1555 suam

54 1587 271 1631 dicentem
292 1586 375 1630 sibi
400 1604 409 1630 ε
435 1586 532 1630 Noli
554 1585 700 1628 mirari
719 1583 774 1629 ad
797 1584 876 1628 ista
891 1619 902 1639 ,
922 1583 1009 1639 fili3
1038 1601 1059 1625 «
1086 1584 1209 1642 Saepe
1227 1596 1448 1641 expugna-

60 1678 78 1699 »
111 1667 269 1702 verunt
285 1672 354 1701 me
377 1673 400 1700 a
412 1657 645 1716 juventute
668 1671 763 1699 mea
780 1657 812 1699 ³.
841 1673 863 1696 »

116 1730 197 1771 111.
215 1731 400 1786 Magnus
416 1727 597 1771 affectus
619 1727 676 1771 sic
698 1726 879 1785 coepisse
900 1722 1119 1768 Psalmum
1147 1743 1156 1768 ε
1187 1741 1208 1765 «
1233 1725 1357 1782 Saepe
1374 1737 1449 1765 ex-

22 1789 25 1866 :
60 1816 80 1839 »
114 1807 421 1857 pugnaverunt
441 1813 511 1841 me
542 1814 564 1841 a
583 1799 816 1858 juventute
841 1811 951 1840 mea.
978 1814 997 1836 »
1024 1795 1157 1848 Quasi
1180 1793 1448 1854 aliquidjam

58 1868 320 1930 loquebatur
342 1889 351 1914 :
376 1869 549 1914 videtur
571 1870 688 1912 enim
719 1884 808 1912 non
825 1867 1029 1926 coepisse,
1051 1866 1127 1910 sed
1155 1864 1444 1925 respondisse.

23 1941 25 1947 ⁴
60 1938 298 1998 Respondit
330 1948 475 1983 autem
493 1974 503 1994 ,
543 1938 735 1999 quibus?
768 1937 1074 1996 Cogitantibus
1097 1945 1139 1979 et
1162 1934 1412 1979 dicentibus
1438 1952 1447 1978 2

60 2012 231 2063 Quanta
262 2009 375 2054 mala
411 2009 668 2070 perferimus
683 2045 694 2065 ‚
729 2017 894 2070 quanta
932 2007 1133 2052 scandala
1168 2007 1452 2051 crebrescunt

60 2080 254 2141 quotidie
274 2116 285 2136 ,
306 2080 483 2141 quando
499 2081 638 2140 iniqui
656 2081 821 2124 intrant
836 2080 882 2123 in
899 2079 1140 2123 Ecclesiam
1163 2087 1205 2122 et
1228 2087 1452 2137 portamus

62 2155 164 2198 eos?
180 2152 458 2212 Respondeat
471 2162 616 2196 autem
633 2151 826 2196 Ecclesia
844 2150 899 2195 de
916 2151 1195 2210 quibusdam,
1220 2148 1267 2193 id
1288 2158 1376 2203 est,
1398 2146 1453 2191 de

61 2223 291 2268 fortiorum
313 2238 420 2267 voce
439 2221 700 2282 respondeat
721 2220 909 2282 querelis
942 2221 1215 2264 infirmorum
1234 2255 1244 2275 ,
1281 2229 1323 2263 et
1345 2234 1454 2263 con-

63 2294 238 2338 firment
269 2293 383 2336 firmi
402 2293 597 2337 infirmos
627 2302 670 2336 et
692 2291 875 2351 grandes
898 2290 1100 2351 parvulos
1120 2326 1130 2345 ,
1157 2300 1200 2334 et
1226 2289 1344 2333 dicat
1364 2292 1455 2333 Ec-

65 2363 191 2408 clesia
213 2383 221 2408 :
243 2383 263 2405 «
283 2366 404 2423 Saepe
422 2372 784 2423 expugnaverunt
806 2378 876 2406 me
899 2378 921 2405 a
935 2363 1168 2422 juventute
1190 2376 1300 2404 mea.
1330 2360 1455 2403 Dicat

69 2450 91 2475 »
124 2449 226 2501 vero
247 2433 378 2478 Israel
395 2453 404 2478 :
423 2436 546 2492 Saepe
563 2442 923 2492 expugnaverunt
935 2447 1004 2475 me
1026 2447 1048 2475 a
1061 2433 1294 2492 juventute
1312 2445 1452 2474 mea.»

24 2461 28 2628 ἶ
116 2525 126 2542 ¹
144 2520 224 2552 Gen.
251 2528 321 2561 xix,
336 2517 369 2560 4,
389 2533 433 2542 --
452 2524 466 2541 ²
484 2516 568 2550 Psal.
583 2527 699 2559 xxxix,
715 2517 749 2551 6,
766 2532 810 2541 ··—·
828 2515 842 2542 3
861 2517 907 2550 ld,
925 2527 1059 2557 cnvm,
1077 2524 1109 2549 2,
