1815 3253
372 227 614 258 ENAnnAno
647 231 692 258 m
725 229 927 259 Ρ3Λ1Μ111ν1
959 231 1101 258 011111·ο
1344 219 1423 259 461

41 292 201 353 putetis
219 294 309 352 jam
338 309 428 338 non
457 309 547 338 esse
575 295 655 339 nisi
681 296 862 355 peccati.
893 298 1038 356 Usque
1065 294 1174 340 adeo
1202 297 1318 340 enim
1345 297 1430 342 hoe

40 372 236 423 putatur,
264 373 313 407 ut
334 364 511 424 quando
533 366 725 410 sonuerit
741 365 796 409 de
816 364 972 410 divinis
994 366 1193 426 eloquiis,
1219 367 1430 411 continuo

39 436 94 479 sit
115 435 388 479 consuetudo
417 445 592 494 pectora
626 435 825 480 tundere.
863 436 980 480 Audi
1002 437 1102 496 quia
1128 446 1192 481 est
1220 446 1263 480 et
1292 437 1431 481 laudis

39 503 253 548 confessio
295 523 304 549 :
341 505 566 565 Numquid
602 507 811 551 Dominus
853 508 977 550 Jesus
1013 506 1208 551 Christus
1239 507 1432 551 habebat

38 577 299 634 peceatum?
319 577 376 620 Et
389 584 535 621 tamen
549 577 608 621 ait
638 596 647 622 :
678 596 698 620 α
719 577 942 622 Confiteor
962 577 1056 631 tibi,
1078 580 1222 631 Pater,
1245 577 1431 621 Domine

0 655 1 661 ¹
41 662 63 686 »
97 645 197 690 coeli
222 655 266 689 et
292 648 464 690 terrae1.
489 664 509 687 »
540 646 766 692 Confessio
792 656 856 691 est
877 662 980 706 ergo
1001 647 1047 691 in
1067 645 1214 691 laude.
1242 647 1433 691 Proinde

37 714 146 775 quid
169 715 494 775 accipiendum,
538 736 558 760 «
587 717 890 763 Confiteantur
919 716 1022 772 tibi,
1056 717 1262 772 Domine,
1287 718 1434 762 omnia

0 807 2 814 ·
41 802 61 826 »
97 800 227 844 opera
255 788 356 830 tua?
388 806 406 828 »
444 787 646 832 Laudent
683 797 722 833 te
750 788 894 833 omnia
921 803 1052 848 opera
1085 797 1176 832 tua.
1217 787 1302 833 Sed
1336 787 1433 832 talis

0 868 3 883 ¹
36 856 222 916 quaestio
245 856 357 901 redit
390 857 446 902 ad
478 857 672 915 laudem,
705 858 845 919 qualis
878 868 971 903 erat
998 859 1046 903 in
1072 857 1359 904 confessione.
1392 859 1436 904 Si

0 934 3 941 “
36 926 154 970 0111111
188 936 418 987 propterea
452 929 651 973 confiteri
687 945 778 974 non
812 938 1023 990 poterunt
1057 938 1196 986 terra,
1234 929 1350 988 ligna
1393 938 1438 974 et

0 995 4 1024 ²
37 1012 226 1057 quaeque
258 997 496 1055 insensata,
534 999 639 1060 quia
666 1016 820 1045 vocem
853 1016 945 1046 non
974 1000 1141 1046 habent
1171 999 1433 1056 confitendi,

0 1064 4 1074 '
36 1066 138 1113 ideo
152 1083 232 1112 nec
249 1068 497 1114 laudabunt
510 1105 521 1125 ,
541 1071 645 1130 quia
672 1086 826 1115 vocem
846 1087 938 1116 non
961 1071 1129 1116 habent
1148 1070 1434 1132 praedicandi.

43 1141 199 1183 Nonne
220 1147 369 1183 tamen
395 1139 542 1183 omnia
562 1149 649 1184 tres
677 1140 742 1184 illi
762 1141 887 1200 pueri
915 1150 1196 1198 enumerant,
1220 1141 1438 1186 deambu-

40 1208 178 1252 lantes
198 1209 312 1254 inter
333 1209 567 1254 flammas'
557 1210 775 1267 mnoxias,
802 1211 963 1272 quibus
985 1212 1175 1271 spatium
1208 1221 1322 1267 erat,
1348 1227 1439 1256 non

0 1288 6 1296 ¹
42 1278 185 1323 solum
209 1295 300 1324 non
322 1266 527 1336 ardendi,
553 1282 641 1325 sed
651 1281 781 1325 0113111
802 1281 1014 1326 laudandi
1036 1284 1208 1326 Deum?
1224 1283 1440 1327 Omnibus

44 1348 198 1394 dicunt
216 1366 240 1394 a
262 1349 513 1395 coelestibus
530 1366 669 1412 usque
691 1351 747 1396 ad
767 1361 960 1409 terrena,
985 1372 1005 1396 «
1026 1353 1293 1410 Benedicite,
1314 1355 1441 1412 hym-

49 1440 67 1463 »
103 1437 210 1466 num
233 1422 386 1477 dieite,
413 1431 456 1467 et
477 1423 793 1483 superexaltate
819 1439 922 1468 eum
952 1425 998 1469 in
1027 1425 1184 1471 saecula
1213 1430 1245 1469 2.
1274 1444 1294 1467 »
1327 1429 1441 1471 Eece

45 1491 269 1552 quomodo
286 1491 441 1537 dicunt
453 1493 686 1550 hymnum.
708 1497 845 1539 Nemo
861 1496 946 1540 hoc
963 1498 1136 1551 sentiat,
1153 1496 1273 1556 quod
1291 1507 1441 1542 mutus

0 1572 7 1580 '
43 1563 154 1623 lapis
166 1573 240 1608 aut
250 1573 422 1607 mutum
435 1564 597 1608 animal
607 1565 765 1609 habeat
776 1566 1271 1627 rationemintelligendi
1282 1571 1440 1613 Deum.

3 1652 8 1660 ·
48 1636 141 1678 Hoc
173 1634 249 1694 qui
288 1644 580 1694 putavelunt,
613 1634 804 1680 multum
839 1652 863 1681 a
892 1637 1074 1682 veritate
1109 1639 1438 1683 aberraveiunt.

0 1714 8 1722 ·
47 1708 162 1750 Deus
183 1705 402 1750 ordinavit
431 1706 600 1762 omnia,
633 1716 676 1751 et
697 1706 803 1752 feeit
824 1708 1008 1753 omnia:
1034 1709 1299 1770 quibusdam
1321 1710 1444 1755 dedit

0 1789 2 1803 ³
47 1791 224 1820 3011311111
247 1786 291 1821 01
318 1776 592 1821 intellectum
619 1786 663 1821 et
683 1778 1077 1834 immortalitatem,
1104 1780 1217 1824 sieut
1237 1780 1439 1839 Angelis·
1430 1813 1442 1832 ,

49 1847 312 1909 quibusdam
334 1847 456 1892 dedit
476 1863 650 1892 sensum
668 1857 711 1892 et
731 1848 1005 1894 intellectum
1028 1866 1129 1895 eum
1146 1851 1410 1896 mottalitate
1428 1886 1441 1907 ,

50 1919 161 1963 sicut
181 1918 434 1963 hominibus
453 1939 465 1977 3
484 1919 749 1979 quibusdam
776 1918 898 1964 dedit
918 1935 1094 1965 sensum
1117 1922 1331 1981 eorporis,
1363 1937 1446 1966 nec

0 2011 1 2015 =
51 1989 324 2034 intellectum
340 2024 351 2045 ,
377 2006 457 2035 nec
485 1990 857 2035 immortalitatem
883 1990 1027 2047 dedit,
1051 1992 1162 2038 sicut
1188 1993 1444 2053 pecoribus*⁷

51 2059 317 2121 quibusdam
333 2075 436 2105 vero
454 2076 535 2104 nec
549 2076 739 2117 sensum,
761 2076 841 2106 nec
858 2061 1146 2119 intellectum,
1165 2080 1245 2108 nec
1265 2064 1448 2109 immor-

53 2130 292 2185 talitatem,
324 2131 436 2175 sicut
466 2131 634 2187 herbis,
659 2131 811 2190 lignis,
842 2131 1062 2192 lapidibus
1089 2152 1098 2178 ε
1123 2142 1270 2178 tamen
1293 2144 1336 2179 et
1357 2135 1449 2195 ipsa

1 2231 6 2244 .
55 2203 101 2246 in
123 2217 281 2261 genere
295 2217 374 2247 suo
391 2202 537 2247 deesse
564 2218 655 2248 non
677 2212 875 2263 possunt,
901 2213 945 2248 et
962 2204 1167 2263 gradibus
1185 2206 1448 2266 quibusdam

55 2271 274 2317 ordinavit
294 2281 539 2317 creaturam
554 2307 566 2327 ,
596 2289 621 2317 a
641 2282 755 2317 terra
776 2289 916 2334 usque
940 2275 996 2319 ad
1028 2275 1214 2332 eoelum,
1246 2293 1270 2321 a
1296 2277 1449 2321 visibi-

55 2342 170 2388 libus
205 2342 261 2388 ad
297 2343 556 2398 invisibilia,
593 2359 618 2387 a
649 2344 908 2389 mortalibus
951 2345 1006 2390 ad
1038 2347 1314 2391 immortalia.
1362 2351 1450 2392 Ista

59 2415 277 2460 contextio
311 2424 543 2470 creaturae,
578 2415 659 2459 ista
696 2415 1011 2461 ordinatissima
1048 2417 1355 2477 pulchritudo,
1392 2419 1449 2463 ab

59 2486 155 2530 imis
183 2486 237 2530 ad
259 2501 426 2531 summa
459 2486 782 2540 conscendens,
807 2504 831 2532 a
863 2488 1042 2532 summis
1073 2489 1128 2533 ad
1157 2489 1244 2534 ima
1266 2489 1450 2534 descen-

112 2579 119 2594 ¹
141 2570 254 2604 Matth.
276 2582 323 2614 x1,
340 2571 392 2604 25.
410 2589 449 2595 —=
470 2577 482 2593 ²
502 2574 581 2604 Dan.
607 2580 653 2613 111,
676 2571 730 2603 88»
