1815 3253
368 177 451 214 260
807 185 841 215 s.
876 186 1107 217 Aucus‘nm
1137 189 1318 218 Emscom

363 250 469 296 leste
483 265 741 310 corporeum
757 260 807 295 ut
823 251 878 296 ab
892 252 985 311 ipso
996 253 1163 307 factum
1178 254 1483 313 acciperemus,
1499 251 1738 296 admonuit.

420 323 497 364 VI.
518 323 779 382 Quanquam
795 320 840 365 id
861 322 983 381 quod
1005 322 1063 366 ait
1088 341 1097 366 :
1127 341 1148 364 «
1171 323 1253 376 Qui
1270 322 1373 367 fecit
1391 322 1525 368 coelos
1545 322 1592 366 in
1612 319 1743 365 intel-

363 409 384 432 »
419 390 559 446 lectu,
587 410 608 434 »
632 391 731 447 vel,
762 391 874 436 sicut
907 391 978 436 alii
1006 391 1276 452 interpretati
1304 402 1436 438 sunt:
1466 411 1487 435 «
1511 395 1563 436 In
1584 390 1744 435 intelli-

362 479 383 502 »
419 461 561 519 gentia
579 497 590 517 ,
631 479 652 503 »
684 470 833 506 utrum
875 461 1011 507 coelos
1052 462 1344 521 intelligibiles
1383 463 1626 523 significare
1659 461 1743 506 hoc

358 531 491 576 modo
511 531 726 589 voluerit,
749 548 805 577 an
825 534 871 577 in
886 548 965 578 suo
982 532 1230 591 intellectu,
1253 534 1322 579 vel
1343 535 1388 578 in
1405 550 1482 580 sua
1503 532 1743 590 intelligen-

357 603 415 645 tia
438 601 589 647 fecisse
619 603 753 648 coelos
770 638 781 658 ‚
806 603 890 647 hoc
917 612 981 647 est
996 638 1007 658 ,
1039 603 1085 647 in
1121 618 1196 648 sua
1221 605 1438 664 Sapientia
1454 639 1465 660 ,
1498 603 1608 648 sicut
1639 601 1743 646 alibi

355 674 566 732 scriptum
589 683 652 718 est
673 694 682 719 ε
713 693 733 717 «
765 674 922 719 Omnia
954 674 1001 718 in
1025 674 1243 734 Sapientia
1265 674 1458 731 fecisti1,
1485 693 1506 717 »
1532 690 1583 720 eo
1610 672 1742 718 modo

355 744 579 788 insinuans
599 745 874 804 unigenitum
895 745 1113 801 Verbum,
1149 746 1286 806 quaeri
1317 755 1476 806 potest.
1505 744 1590 791 Sed
1610 745 1645 788 si
1681 744 1742 789 ita

352 823 440 869 est,
461 824 511 858 ut
531 815 576 858 in
605 831 684 860 suo
705 815 931 860 intellectu
952 814 1103 860 fecisse
1124 816 1384 876 accipiamus
1406 820 1546 862 Deum
1576 814 1737 870 coelos,

353 901 432 929 cur
453 895 625 930 tantum
646 887 701 931 de
734 886 856 932 coelis
886 888 970 932 hoc
999 888 1058 931 ait
1077 923 1088 944 ,
1119 903 1218 932 cum
1243 888 1385 933 omnia
1417 888 1463 931 in
1489 876 1639 931 eadem
1666 887 1740 931 Sa-

351 957 515 1016 pientia
537 956 718 1002 feeerit?
751 962 820 1002 An
841 959 902 1002 ibi
925 967 1096 1003 tantum
1119 958 1452 1018 exprimendum
1475 958 1561 1002 suit
1575 993 1586 1013 ,
1622 966 1672 1002 ut
1693 957 1740 1002 in

353 1028 518 1072 caeteris
540 1029 670 1072 etiam
692 1029 871 1073 tacitum
895 1039 1038 1088 posset
1059 1029 1241 1087 intelligi
1267 1048 1275 1074 ε
1301 1038 1352 1073 ut
1382 1029 1460 1073 iste
1489 1030 1542 1072 sit
1562 1043 1708 1073 sensus
1723 1061 1735 1084 ,

355 1118 375 1140 «
411 1098 497 1151 Qui
514 1098 618 1143 fecit
639 1099 773 1144 coelos
795 1100 841 1143 in
861 1099 1116 1155 intellectu,
1142 1100 1228 1153 Qui
1249 1099 1456 1144 fundavit
1484 1109 1644 1143 terram
1664 1114 1739 1143 su·
1794 1123 1798 1141 s

354 1187 375 1210 >›
411 1184 488 1228 per
510 1185 642 1229 aquas
667 1189 679 1217 ;
701 1189 722 1212 »
746 1179 795 1215 ut
815 1179 858 1215 et
878 1171 949 1214 hic
971 1170 1205 1215 subaudias
1224 1206 1235 1226 ‚
1267 1190 1287 1213 «
1318 1174 1368 1214 In
1390 1170 1630 1215 intellectu.
1658 1169 1739 1223 Qui
1796 1192 1799 1204 ·

354 1257 375 1280 >›
411 1238 514 1284 fecit
530 1239 761 1285 luminaria
782 1256 939 1300 magna
957 1240 1095 1296 solus,
1121 1241 1256 1285 solem
1277 1242 1323 1284 in
1344 1250 1602 1300 potestatem
1620 1239 1704 1285 diei
1723 1275 1734 1297 ‚
1760 1256 1768 1263 ·
1796 1275 1797 1280 ¹

409 1309 560 1354 lunam
582 1320 626 1355 et
649 1310 793 1355 stellas
821 1312 866 1355 in
889 1320 1150 1371 potestatem
1177 1312 1316 1356 noctis
1344 1331 1352 1357 :
1381 1330 1402 1353 »
1437 1313 1609 1372 utique,
1643 1331 1663 1353 «
1687 1314 1738 1356 In

354 1398 376 1422 >›
411 1380 664 1437 intellectu,
687 1400 708 1424 »
734 1383 957 1442 quomodo
982 1397 1082 1440 ergo
1106 1402 1126 1424 «
1158 1381 1305 1438 Solus,
1337 1400 1356 1424 »
1385 1383 1419 1427 si
1448 1384 1532 1427 hoc
1555 1392 1618 1427 est
1643 1400 1663 1424 «
1687 1384 1738 1427 In
1767 1425 1770 1443 ἒ

353 1327 364 1351 )

365 1329 374 1350 υ

353 1469 374 1492 »
410 1451 662 1507 intellectu,
691 1470 712 1493 »
741 1452 811 1497 vel
837 1471 857 1495 «
883 1455 934 1496 In
966 1451 1252 1511 intelligentia
1269 1487 1280 1508 ‚
1317 1470 1336 1494 »
1363 1452 1484 1513 quod
1507 1461 1571 1496 est
1592 1452 1637 1495 in
1662 1454 1736 1497 Sa-

351 1521 515 1580 pientia
529 1557 539 1577 ,
560 1521 605 1565 id
626 1531 704 1577 est,
724 1522 770 1566 in
788 1523 934 1567 Verbo
954 1523 1209 1582 unigenito?
1225 1526 1295 1568 An
1317 1524 1418 1583 quia
1443 1523 1626 1567 Trinitas
1648 1538 1736 1567 non

350 1602 452 1636 sunt
486 1602 570 1637 tres
597 1592 678 1649 dii,
715 1594 790 1637 sed
812 1609 924 1638 unus
953 1597 1088 1650 Deus⁷
1120 1593 1174 1638 ad
1206 1593 1253 1638 id
1273 1594 1458 1639 refertur
1479 1594 1600 1654 quod
1621 1592 1734 1638 solus
1763 1593 1765 1604 ⁴

351 1668 466 1709 Deus
489 1664 590 1708 feeit
605 1699 615 1719 ‚
641 1665 742 1725 quia
761 1680 850 1710 non
872 1675 1115 1712 creaturam
1137 1681 1214 1725 per
1235 1675 1476 1710 creaturam
1497 1665 1633 1709 fecit?

409 1738 510 1779 VII.
536 1735 617 1779 Sed
632 1735 739 1795 quid
762 1745 838 1792 est,
860 1737 977 1789 «Qui
998 1737 1188 1781 firmavit
1206 1745 1364 1780 terram
1387 1751 1516 1795 super
1537 1737 1729 1795 aquas?»

349 1806 544 1851 Obscura
565 1805 681 1849 enim
703 1806 887 1865 quaes-tio
905 1815 969 1850 est
987 1825 996 1850 ε
1017 1807 1117 1866 quia
1137 1815 1250 1849 terra
1274 1806 1443 1865 gravior
1467 1804 1659 1861 videtur,
1684 1812 1734 1849 ut
1756 1826 1759 1845 ;

350 1892 443 1921 non
462 1877 625 1936 portari
643 1876 785 1935 aquis,
811 1875 887 1920 sed
909 1892 1041 1936 aquas
1061 1876 1207 1935 potius
1230 1875 1646 1935 portal-ecredatur.
1673 1878 1733 1919 De
1754 1895 1758 1910 ε

352 1963 438 2008 qua
456 1962 501 1990 re
522 1962 577 1990 ne
594 1946 797 1991 adversus
818 1962 890 1991 eos
912 1947 987 2006 qui
1009 1961 1053 1990 se
1073 1954 1230 2006 putant
1246 1945 1326 1990 ista
1344 1946 1470 1990 certis
1494 1945 1733 1990 rationibus

349 2017 632 2077 comperisse⁷
662 2017 931 2062 contentiose
955 2018 1197 2076 Scripturas
1225 2025 1391 2060 nostras
1413 2014 1646 2060 defendere
1667 2016 1731 2061 v-i-

349 2090 556 2143 deamur,
581 2089 667 2133 sive
689 2088 798 2132 illud
825 2089 883 2132 ita
903 2122 914 2143 ‚
938 2088 1024 2133 sive
1047 2087 1170 2132 aliter
1191 2088 1244 2131 sit
1260 2122 1271 2141 ,
1295 2087 1506 2131 habemus
1537 2085 1657 2147 quod
1679 2085 1731 2131 de

348 2160 545 2219 proximo
567 2157 857 2215 intelligamus
877 2193 889 2213 ,
915 2166 1075 2202 terram
1097 2173 1196 2217 quae
1218 2157 1441 2201 habitatur
1462 2156 1517 2201 ab
1539 2156 1729 2200 homini·
1747 2173 1750 2200 1

348 2230 430 2273 bus
453 2265 464 2284 ‚
496 2238 539 2272 et
562 2229 778 2272 terrestria
804 2227 1000 2272 continet
1028 2227 1228 2271 animalia
1249 2262 1259 2282 ‚
1297 2243 1396 2287 quae
1422 2226 1505 2271 alio
1527 2226 1659 2271 modo
1685 2226 1730 2271 in

350 2299 579 2359 Scripturis
603 2299 721 2342 arida
754 2299 912 2344 dicitur
932 2333 943 2354 ‚
978 2294 1088 2342 sicut
1110 2298 1321 2357 scriptum
1344 2307 1408 2342 est
1433 2317 1442 2342 ι
1469 2305 1490 2340 i<
1514 2301 1730 2357 Appareat

349 2388 370 2412 η
406 2370 525 2415 arida
542 2406 552 2426 ,
579 2379 622 2414 et
646 2371 816 2415 vocavit
837 2373 950 2414 Deus
973 2369 1136 2413 aridam
1168 2377 1325 2412 terram
1341 2372 1382 2423 ²,
1408 2385 1428 2409 »
1451 2383 1581 2427 super
1600 2381 1744 2446 aquas3

349 2456 438 2485 esse
459 2440 703 2496 fundatam,
719 2440 840 2501 quod
857 2440 978 2500 aquis
994 2438 1397 2484 circumfluentibus
1417 2437 1723 2498 supereminet.
1739 2479 1741 2507 <

398 2533 406 2549 ¹
429 2526 507 2561 Psal.
535 2537 598 2566 cni,
618 2525 673 2568 24.
692 2543 735 2551 ·-
754 2533 767 2550 ²
787 2528 867 2560 Gen.
887 2537 909 2568 1,
927 2536 961 2568 9,
984 2536 1033 2559 10.
1737 2535 1739 2560 1

1801 0 1805 75 Ξ

1800 78 1803 132 ἓ

1799 134 1802 174 1

1797 187 1800 243 ‚l

1774 261 1776 263 ’
1794 262 1799 358 ἰ
