1815 3253
361 201 604 233 ENARRATIO
635 207 679 233 m
714 206 916 234 rsALMUM
948 207 1109 234 cxxxv.
1365 194 1448 233 263

18 292 23 319 1,
65 279 211 316 catum
232 285 410 315 suorum
426 279 683 331 reatumque
706 273 797 331 ejus
820 287 895 331 per
912 272 1192 331 baptismum.
1215 291 1233 313 a
1262 272 1346 324 Qui
1371 281 1455 315 tra-

66 359 90 384 »
123 341 246 385 duxit
266 341 481 400 populum
509 356 638 385 suum
675 342 721 384 in
754 341 939 386 deserto.
970 361 987 383 »
1015 340 1222 386 Traducit
1244 351 1286 385 et
1308 357 1385 386 nos
1407 342 1453 385 in

64 413 194 473 hujus
226 410 374 456 saeculi
414 410 613 458 ariditate
645 420 689 455 et
710 411 955 466 sterilitate,
990 427 1045 455 ne
1066 411 1111 455 in
1134 427 1183 455 ea
1205 427 1449 471 pereamus.

18 530 19 533 ,
69 502 90 526 «
123 484 207 536 Qui
228 483 438 542 percussit
462 497 581 541 reges
599 498 798 542 magnos,
828 492 871 527 et
892 482 1052 528 occidit
1080 498 1201 541 reges
1229 482 1363 527 fortes
1382 485 1450 525 ¹.»

65 555 258 599 Percutit
287 563 418 614 atque
441 553 603 598 occidit
624 555 752 598 etiam
780 569 804 597 a
832 553 958 597 nobis
988 552 1221 598 diabolicas
1242 562 1285 597 et
1306 553 1456 597 noxias

12 648 20 686 «Ι
62 633 310 685 potestates.
341 643 361 666 «
385 627 500 669 Seon
528 640 675 683 regem
698 624 1071 669 Aniorrhaeorum.
1100 642 1120 665 »
1147 625 1335 667 Germen
1360 624 1456 668 inu-

15 689 19 734 Ῐ
61 695 137 740 tile
159 695 229 740 vel
253 695 540 739 tentationem
563 695 777 739 calentem
798 730 809 750 ,
830 694 952 755 quod
971 694 1282 754 interpretatur
1307 697 1420 739 Seon
1442 714 1450 739 ε

61 780 208 823 regem
231 766 578 820 amaricantium,
605 764 726 826 quod
745 765 1056 824 interpretatur
1078 766 1450 809 Amorrhaeorum.

67 855 87 878 «
121 838 177 879 Et
194 837 259 893 Og
282 851 422 893 regem
449 838 603 880 Basan.
632 853 653 877 »
687 838 1027 881 Coacervantem
1049 872 1059 891 ,
1095 836 1214 896 quod
1242 837 1456 896 interpre-

63 914 179 950 tatur
200 906 267 963 Og
295 924 303 949 :
328 914 372 948 et
394 920 541 963 regem
576 904 844 952 confusionis
875 908 996 967 quod
1030 908 1340 966 interpretatur
1375 910 1458 950 Ba-

8 1002 13 1006 ·
63 984 154 1020 san.
186 974 301 1028 Quid
330 975 448 1018 enim
483 984 712 1020 coacervat
750 976 954 1021 diabolus
973 1013 984 1032 ,
1011 976 1093 1020 nisi
1125 976 1460 1021 confusionem?

11 1067 13 1069 >
68 1055 89 1090 ά
122 1049 178 1090 Et
211 1045 334 1090 dedit
355 1055 517 1090 terram
549 1061 702 1091 eorum
723 1048 1048 1103 haereditatem,
1073 1046 1372 1091 haereditatem
1401 1050 1461 1091 Is-

10 1144 13 1151 ·
67 1135 88 1159 n
122 1116 211 1161 rael
243 1131 368 1161 servo
398 1132 493 1161 suo.
521 1135 542 1159 »
568 1120 652 1161 Dat
674 1118 803 1162 etiam
827 1130 937 1178 quos
956 1118 1158 1163 diabolus
1178 1116 1457 1177 possidebat,

8 1211 12 1230 a
64 1187 364 1232 haereditatem
385 1188 538 1232 semini
559 1188 748 1232 Abrahae
765 1224 776 1243 ,
801 1188 923 1249 quod
938 1197 1001 1233 est
1021 1189 1233 1234 Christus.
1255 1208 1275 1231 «
1290 1188 1399 1242 Quia
1413 1188 1460 1232 in

68 1277 87 1300 »
122 1257 371 1308 humilitate
387 1267 533 1303 nostra
552 1274 720 1304 memor
741 1258 826 1304 fuit
847 1261 998 1304 nostri.
1020 1262 1078 1304 Et
1099 1259 1282 1303 redemit
1303 1271 1383 1303 nos
1404 1259 1460 1303 ab

65 1346 86 1371 n
121 1329 306 1373 inimicis
334 1329 554 1387 ,nostris22
580 1348 601 1371 »
639 1331 850 1389 sanguine
881 1331 1101 1389 Unigeniti
1131 1331 1213 1375 sui.
1238 1330 1364 1383 «Qui
1385 1329 1461 1374 dat

9 1423 11 1434 ε
67 1417 86 1440 n
122 1408 263 1443 eseam
285 1399 406 1454 omni
428 1400 548 1443 carni
569 1419 578 1444 ε
608 1418 628 1440 n
649 1400 733 1444 hoc
765 1410 852 1455 est,
881 1401 1002 1444 omni
1021 1400 1253 1444 hominum
1276 1401 1456 1459 generi,

5 1519 7 1522 ,
63 1484 153 1514 non
175 1478 348 1513 tantum
384 1468 675 1514 Israelitarum
691 1505 702 1526 ,
736 1470 813 1515 sed
843 1479 887 1515 et
909 1472 1116 1515 Gentium
1137 1490 1146 1516 :
1180 1471 1235 1514 de
1256 1486 1344 1530 qua
1366 1485 1460 1514 esca

63 1538 224 1583 dicitur
243 1559 252 1584 :
277 1541 422 1584 «Caro
443 1555 539 1583 mea
557 1555 658 1584 vere
679 1549 743 1584 est
762 1556 856 1584 esca
872 1542 904 1584 3.
926 1541 1209 1585 Confitemini
1231 1543 1322 1585 Deo
1338 1540 1457 1596 coeli,
1496 1559 1506 1569 ⁴

67 1627 88 1651 »
121 1610 331 1670 quoniam
363 1611 409 1654 in
450 1619 666 1654 aeternum
701 1611 996 1656 misericordia
1031 1613 1139 1672 ejus.
1178 1612 1462 1657 Confitemini

68 1698 89 1722 »
124 1681 310 1725 Domino
338 1680 647 1737 dominorum,
679 1682 888 1742 quoniam
913 1682 958 1726 in
979 1692 1193 1726 aeternum
1215 1683 1461 1727 misericor-

0 1741 1 1747 *
67 1769 88 1793 n
123 1750 193 1795 dia
209 1752 342 1810 ejus4.
368 1770 388 1792 »
413 1751 541 1804 Quod
562 1752 632 1797 hic
655 1753 713 1797 ait
738 1772 747 1797 ι
782 1772 802 1795 (ι
829 1756 920 1798 Deo
941 1753 1070 1808 coeli,
1091 1753 1222 1798 credo
1244 1753 1367 1798 aliter
1389 1752 1459 1798 di-

0 1835 4 1848 *
64 1836 161 1866 cere
182 1821 321 1866 voluit
336 1823 456 1882 quod
474 1838 604 1881 supra
623 1824 712 1883 jam
733 1822 925 1869 dixerat:
951 1843 970 1866 «
997 1827 1087 1869 Deo
1104 1824 1303 1869 deorum.
1319 1827 1462 1870 »Nam

0 1891 3 1916 ”
65 1891 185 1952 quod
198 1891 260 1936 ibi
276 1891 435 1936 deinde
449 1893 692 1953 subjunxit,
705 1894 790 1937 hoc
803 1895 932 1937 etiam
947 1894 1018 1938 hic
1036 1895 1235 1954 repetivit
1252 1914 1260 1939 ε
1276 1914 1295 1936 «
1313 1895 1463 1939 Confi-

0 1979 4 1998 ι
69 1979 90 2003 n
124 1963 275 2007 temini
293 1963 479 2007 Domino
499 1963 824 2008 dominorum.»
841 1965 926 2009 Sed
947 1965 1026 2009 etsi
1040 1974 1143 2009 sunt
1157 1966 1233 2026 qui
1254 1964 1463 2009 dicuntur

69 2051 90 2075 »
124 2034 199 2087 dii,
219 2035 489 2078 confitemini
508 2036 695 2080 Domino
712 2036 1009 2080 dominorum.
1024 2036 1145 2082 »Sed
1166 2037 1244 2081 etsi
1266 2046 1368 2081 sunt
1385 2038 1461 2097 qui

0 2099 5 2150 ,ἶ
67 2104 275 2150 dicuntur
296 2106 380 2161 dii,
406 2107 495 2150 sive
516 2107 562 2150 in
585 2108 721 2162 coelo,
747 2109 902 2153 sivein
931 2118 1058 2162 terra,
1083 2108 1460 2168 quemadmodum

66 2186 164 2220 sunt
183 2177 242 2220 dii
260 2175 387 2220 multi
405 2197 415 2234 ς
431 2186 475 2220 et
498 2178 669 2221 Domini
692 2178 848 2235 multi3
870 2178 945 2222 sed
963 2179 1088 2222 nobis
1108 2194 1221 2222 unus
1238 2187 1302 2222 est
1326 2182 1458 2234 Deus,

67 2249 192 2290 Pater
214 2262 265 2290 ex
286 2262 375 2306 quo
397 2245 542 2291 omnia
564 2257 609 2291 et
644 2263 722 2292 nos
757 2246 802 2291 iri
832 2249 976 2308 ipsum
995 2284 1006 2304 ‚
1041 2259 1084 2292 et
1112 2265 1226 2293 unus
1249 2249 1461 2293 Dominus

0 2327 1 2357 1
67 2319 189 2361 Jesus
212 2318 409 2362 Christus
425 2353 435 2372 ‚
457 2333 534 2377 per
556 2334 688 2378 quem
705 2320 851 2364 omnia
865 2354 876 2375 ,
898 2329 942 2363 et
964 2335 1043 2364 nos
1066 2336 1143 2380 per
1165 2321 1308 2379 ipsum
1326 2323 1340 2346 ⁵
1360 2339 1369 2365 :
1386 2320 1459 2365 cui

68 2388 346 2442 eonfitemur,
372 2406 392 2429 «
413 2388 631 2441 Quoniam
653 2389 700 2432 in
720 2399 936 2434 aeternum
958 2390 1251 2435 misericordia
1274 2392 1426 2452 ejus.»

115 2482 228 2516 ¹.Psal
248 2494 363 2524 cxxxv,
384 2484 439 2515 13-
445 2484 495 2516 18.
516 2501 559 2508 —-
578 2485 693 2518 ²Ibid
716 2496 776 2529 19-
780 2485 834 2527 24
853 2485 1037 2520 ——3Joan.
1057 2499 1106 2529 vi,
1129 2487 1184 2520 56.
1202 2504 1243 2511 —·
1263 2486 1279 2514 4
1298 2487 1381 2520 Ibid.
1401 2486 1457 2520 26.

71 2538 147 2561 -5
170 2550 183 2571 1
211 2540 283 2572 Cor.
304 2550 371 2580 vm,
389 2539 422 2580 5,
442 2543 506 2572 etc
