1815 3253
359 224 442 263 432
785 232 818 261 s.
855 231 1084 262 Auous'nm
1116 237 1297 265 EPISCOPI
1799 217 1805 277 1

1799 278 1805 292 1,

356 301 510 345 victus.
538 299 681 343 Primo
699 313 801 358 ergo
824 307 866 343 te
889 298 1048 343 subdas
1069 303 1182 357 Deo,
1208 299 1366 345 deinde
1383 299 1459 345 illo
1488 300 1673 346 docente
1694 311 1738 346 te
1769 346 1771 350 Α
1803 318 1805 330 1

356 378 400 414 et
420 368 651 429 adjuvante
669 367 902 428 praelieris,
926 378 969 413 et
987 368 1104 414 dicas
1121 405 1131 425 ‚
1153 389 1174 412 «
1198 371 1283 424 Qui
1305 370 1434 414 docet
1453 385 1608 415 manus
1621 387 1737 417 meas

357 456 378 480 »
412 440 456 483 in
482 438 678 499 praelium
695 474 706 494 ,
736 448 778 483 et
801 437 959 497 digitos
980 454 1098 484 meos
1121 439 1176 483 ad
1197 440 1376 485 bellum.
1406 459 1427 482 »

413 511 513 553 VII.
540 512 710 554 Etcum
731 507 938 568 praeliaris
959 545 969 565 ,
993 510 1102 570 quia,
1123 509 1230 553 dum
1260 509 1466 571 praeliaris
1481 545 1492 566 ‚
1519 511 1737 570 periclita-

354 579 433 634 ris,
459 578 529 624 dic
551 590 649 640 quae
670 588 935 638 sequuntur,
950 579 996 622 in
1012 579 1237 638 praeliandi
1251 579 1444 640 periculo
1457 582 1733 625 constitutus,

358 667 379 692 «
412 649 703 695 Misericordia
721 664 830 694 mea.
862 667 882 690 »
903 651 1001 694 Non
1018 649 1182 693 vincar.
1200 650 1318 703 Quid
1343 659 1407 694 est
1427 651 1511 695 hoc
1527 686 1538 706 ,
1561 670 1581 692 «
1604 651 1736 696 Mise-

356 736 377 760 »
413 720 598 764 ricordia
618 734 713 763 mea
729 721 770 760 ¹⁶?
791 736 810 759 »
829 719 999 763 Praebes
1021 719 1127 762 mihi
1149 719 1484 764 misericordiam
1502 755 1513 774 ‚
1539 729 1582 764 et
1602 720 1647 764 in
1667 735 1737 764 me

353 790 496 834 existis
509 790 746 834 misericors
765 810 777 845 3
797 805 852 833 an
873 788 1043 834 donasti
1071 789 1177 833 mihi
1200 799 1251 834 ut
1270 800 1314 835 et
1349 791 1440 850 ipse
1469 791 1549 834 sim
1572 790 1738 834 miseri-

352 862 480 905 cors?
500 864 563 905 De
578 860 699 905 nulla
721 861 836 905 enim
852 876 896 904 re
918 861 976 905 sic
994 861 1184 906 vincitur
1216 861 1417 906 inimicus
1433 897 1444 918 ,
1481 878 1614 922 quam
1637 877 1738 907 cum

353 931 650 976 misericordes
664 947 827 976 sumus.
849 931 1037 976 Omnino
1052 940 1174 990 parat
1190 931 1427 976 calumnias
1445 931 1500 976 ad
1520 932 1737 992 judicium

352 1011 396 1046 et
417 1018 506 1047 non
528 1011 666 1059 potest
688 1001 793 1046 falsa
816 1002 1025 1062 objicere,
1055 1003 1155 1062 quia
1176 1018 1266 1047 non
1293 1012 1356 1047 est
1378 1003 1496 1062 apud
1518 1018 1664 1063 quem.
1693 1001 1736 1048 si

351 1074 464 1117 enirn
479 1073 597 1133 apud
614 1073 832 1117 hominem
841 1073 1034 1132 judicem
1050 1073 1277 1118 nobiscum
1298 1083 1457 1132 ageret,
1473 1083 1618 1133 posset
1635 1089 1737 1118 eum

352 1143 605 1188 mentiendo
629 1143 776 1188 fallere
797 1179 807 1199 ,
829 1153 872 1188 et
893 1160 971 1188 nos
992 1159 1166 1202 gravare
1188 1145 1564 1189 criminationibus
1580 1144 1696 1189 falsis
1721 1159 1730 1185 z

350 1215 452 1275 quia
469 1231 572 1260 vero
589 1214 707 1275 apud
729 1218 856 1258 talem
866 1214 1058 1275 judicem
1081 1231 1207 1260 causa
1231 1225 1375 1260 nostra
1398 1231 1499 1260 cum
1531 1215 1607 1260 illo
1642 1224 1706 1260 est
1720 1248 1732 1271 ,

350 1285 427 1344 qui
448 1283 539 1328 falli
562 1300 652 1328 non
677 1293 847 1343 potest:
872 1284 972 1328 ideo
994 1286 1132 1328 ambit
1156 1294 1206 1328 ut
1220 1285 1275 1328 ad
1290 1295 1513 1343 peccatum
1539 1286 1732 1340 seducat,

350 1363 400 1398 ut
418 1355 577 1399 habeat
604 1370 704 1399 vera
733 1370 832 1414 quae
855 1354 1045 1414 objiciat.
1078 1357 1133 1398 Et
1155 1354 1234 1397 ubi
1267 1353 1378 1399 forte
1407 1354 1623 1415 aliquibus
1645 1356 1735 1414 ejus

348 1423 579 1469 fraudibus
597 1424 844 1469 succumbit
864 1424 1056 1468 humana
1075 1422 1304 1481 fragilitas,
1338 1434 1543 1486 sequatur
1564 1426 1610 1468 in
1626 1440 1735 1469 con-

348 1494 535 1540 fessione
560 1511 669 1555 opus
691 1493 963 1549 humilitatis,
989 1503 1239 1538 exerceatur
1255 1494 1301 1538 in
1338 1495 1542 1554 operibus
1569 1495 1735 1539 miseri·
1775 1521 1778 1531 ·

349 1566 508 1610 cordiae
531 1576 573 1610 et
596 1566 781 1626 pietatiS.
807 1565 963 1609 Omnia
986 1564 1210 1621 delentur,
1228 1581 1329 1609 cum
1353 1581 1405 1609 ex
1422 1581 1525 1610 vero
1544 1566 1675 1610 corde
1691 1574 1735 1610 et

347 1636 476 1695 plena
499 1635 658 1680 fiducia
680 1636 862 1679 dicimus
885 1635 946 1678 illi
963 1635 1038 1694 qui
1049 1634 1169 1679 videt
1183 1670 1194 1690 ,
1225 1654 1244 1676 «
1266 1635 1444 1679 Dimitte
1462 1635 1605 1692 nobis,
1624 1636 1735 1679 sicut
1805 1654 1815 1698 3

351 1724 372 1748 »
407 1716 451 1750 et
472 1723 550 1751 nos
565 1706 825 1750 dimittimus
842 1709 874 1749 2.
899 1723 919 1746 n
948 1705 1023 1749 Dic
1041 1713 1132 1749 toto
1155 1704 1286 1749 corde
1303 1740 1313 1760 ‚
1347 1704 1415 1749 dic
1435 1713 1525 1749 tota
1547 1704 1729 1759 fiducia,

348 1777 418 1820 dic
440 1793 613 1821 securus
632 1812 644 1832 ,
662 1776 839 1820 Dimitte
861 1775 1012 1830 nobis,
1043 1777 1154 1819 sicut
1181 1785 1224 1820 et
1244 1791 1323 1820 nos
1350 1776 1633 1833 dimittimus,
1658 1783 1733 1819 aut
1796 1814 1799 1820 .

345 1846 438 1891 noli
460 1846 702 1901 dimittere,
723 1846 757 1890 si
779 1862 868 1890 non
891 1845 1165 1890 dimittimus.
1192 1845 1322 1899 Quod
1339 1847 1417 1890 etsi
1439 1862 1528 1891 non
1545 1845 1728 1900 dixeris,

346 1917 445 1963 Noli
466 1917 686 1961 dimittere
702 1951 712 1971 ,
733 1916 767 1960 si
788 1932 879 1960 non
896 1915 1154 1960 dimittimus
1176 1932 1374 1976 :prorsus
1400 1933 1489 1961 non
1518 1916 1696 1960 dimittit
1715 1950 1727 1970 ‚
1796 1941 1815 1965 -,

346 1987 381 2032 si
404 2002 493 2032 non
513 1986 787 2030 dimittimus.
812 1988 963 2044 Neque
986 1986 1100 2029 enim
1124 1995 1174 2030 ut
1205 1996 1253 2030 tu
1287 1987 1341 2030 sis
1366 1986 1606 2045 impunitus
1629 2000 1730 2045 pec-

346 2067 498 2115 cator,
519 2057 599 2100 erit
620 2056 692 2100 ille
710 2055 894 2100 mendax
921 2057 1168 2115 promissor.
1196 2057 1293 2110 Vis,
1317 2056 1480 2115 inquit,
1506 2064 1556 2098 ut
1579 2055 1730 2099 dimit·
1791 2049 1794 2053 ⁸

349 2136 437 2171 tam
452 2129 469 2171 P
484 2127 678 2171 Dimitte.
705 2128 783 2169 Est
801 2124 920 2168 aliud
943 2141 1050 2184 opus
1073 2124 1374 2169 misericordiae
1399 2144 1406 2169 :
1434 2126 1506 2168 Vis
1529 2134 1579 2169 ut
1601 2124 1730 2169 dem?
1792 2176 1808 2191 η

345 2201 423 2241 Da.
456 2199 554 2241 Uno
571 2195 667 2240 loco
689 2195 879 2254 positum
894 2204 958 2238 est
979 2195 1024 2238 in
1051 2194 1288 2253 Evangelio
1319 2214 1338 2237 «
1364 2195 1542 2239 Dimitte
1560 2231 1570 2250 ,
1597 2205 1641 2240 et
1662 2196 1728 2240 di—

348 2286 368 2309 »
403 2269 602 2311 mittetur
619 2266 764 2322 vobis,
782 2265 904 2319 date,
926 2274 969 2308 et
985 2264 1162 2309 dabitur
1183 2266 1346 2310 vobisss.
1375 2285 1395 2308 n
1424 2265 1600 2326 Aliquid
1619 2302 1629 2321 ,
1656 2267 1727 2310 in·
1770 2279 1771 2282 ’

344 2340 440 2400 quit
459 2374 469 2394 ‚
487 2347 636 2383 contra
659 2346 701 2380 te
722 2345 866 2389 teneO,
885 2334 1051 2395 aliquid
1069 2345 1113 2379 et
1135 2345 1182 2379 tu
1199 2344 1349 2380 contra
1369 2336 1552 2380 alterum
1574 2345 1692 2380 tenes
1712 2355 1722 2382 z
1813 2335 1815 2340 ⁴

345 2410 534 2463 dimitte,
560 2417 604 2452 et
621 2407 809 2450 dimitto.
831 2404 1011 2465 Aliquid
1029 2405 1136 2464 petis
1153 2422 1176 2449 a
1197 2421 1287 2460 me,
1313 2406 1476 2466 aliquid
1491 2407 1599 2465 petit
1616 2406 1724 2450 alter

392 2572 400 2588 ¹
422 2563 500 2597 Psal.
523 2573 629 2604 cum,
648 2572 680 2594 2.
700 2578 741 2585 —-
758 2567 770 2584 ²
789 2559 901 2593 Matth.
924 2571 972 2601 vi,
996 2568 1046 2592 12.
1066 2576 1107 2582 —
1128 2557 1141 2583 3
1162 2561 1239 2592 Luc.
1259 2570 1306 2601 vi,
1330 2562 1383 2601 37.
