1815 3253
350 239 435 280 310
770 251 805 281 s.
840 251 1072 283 Aucusnm
1102 256 1284 285 Emscom

346 319 513 362 habens
528 353 539 373 ‚
559 318 682 364 nullo
703 319 821 375 loco,
844 320 967 366 nullo
984 330 1179 381 tempore
1198 322 1386 378 variata,
1408 336 1625 382 nusquam
1646 321 1726 366 ali-
1768 310 1770 312 ¹
1813 312 1815 315 .

349 397 414 432 ter
439 404 573 448 quam
606 389 677 433 hic
709 398 784 433 aut
810 390 898 445 ibi⁷
927 407 1155 452 nunquam
1191 392 1315 437 aliter
1340 407 1472 452 quam
1503 406 1621 436 nunc
1649 400 1726 436 aut

348 468 495 513 antea,
521 459 613 518 ipsa
629 469 693 503 est
713 459 876 505 locutio
893 461 984 506 Dei.
1006 462 1189 506 Locutio
1212 478 1314 507 vero
1342 461 1439 517 illa,
1470 477 1569 522 quae
1591 461 1725 506 fiebat

348 528 403 573 ad
429 532 610 587 Moysen
629 565 641 585 ‚
673 530 728 574 ad
749 531 971 575 hominem
993 532 1126 576 fiebat
1159 548 1237 591 per
1265 531 1452 590 syllabas
1470 567 1481 587 ,
1504 547 1582 591 per
1601 541 1724 576 tran-

342 608 515 643 seuntes
538 615 679 644 sonos.
708 603 806 646 Non
833 611 910 645 aut
932 602 1086 645 fierent
1105 602 1182 646 ista
1199 637 1210 656 ,
1240 603 1320 646 nisi
1348 605 1461 646 Deus
1490 610 1726 649 assumeret

345 670 477 714 talem
497 681 737 714 creaturam
751 706 763 726 ,
779 687 856 730 per
874 688 1006 732 quam
1022 673 1270 732 hujusmodi
1287 687 1529 716 sermonem
1544 681 1587 715 et
1599 687 1725 716 voces

343 740 602 798 emitteret.)
618 744 789 799 Moyses
803 752 975 787 sanctus
992 752 1171 788 noverat
1197 744 1321 787 istam
1352 742 1619 787 locutionem
1647 743 1725 786 Dei

343 812 569 869 assumptis
578 811 837 870 quibusdam
846 815 1061 872 corporeis
1074 829 1168 858 crea
1175 814 1278 857 turis
1290 813 1379 857 fieri
1393 822 1456 858 :et
1467 811 1726 857 desideravit

347 890 390 924 et
406 881 656 940 concupivit
676 883 823 926 videre
836 883 972 942 ipsam
994 884 1178 943 speciem
1198 884 1289 938 Dei,
1305 892 1348 928 et
1364 882 1560 942 loquenti
1577 897 1724 926 secum

352 954 441 995 Deo
463 952 571 994 dixit
587 986 597 1005 ‚
628 971 648 993 (ι
675 952 717 996 Si
738 953 885 996 inveni
909 954 1088 1012 gratiam
1111 963 1212 997 ante
1239 962 1304 1008 te,
1325 952 1505 997 ostende
1525 953 1630 996 mihi
1656 961 1724 996 te—

346 1039 367 1063 »
402 1022 650 1080 metipsum.
670 1040 691 1062 »
711 1024 823 1067 Cum
840 1023 924 1067 hoc
941 1024 1219 1067 vehementer
1233 1023 1571 1082 concupisceret,
1587 1030 1629 1065 et
1640 1022 1725 1066 hoc

341 1091 530 1152 quadam
552 1127 562 1146 ‚
596 1093 629 1135 si
651 1091 886 1136 dicendum
906 1102 995 1148 est,
1021 1095 1156 1137 amica
1183 1092 1471 1138 familiaritate
1486 1127 1497 1146 ‚
1527 1108 1613 1152 qua
1635 1092 1725 1151 ipse

341 1162 543 1221 dignatus
559 1171 622 1205 est
635 1198 646 1216 ‚
663 1172 918 1222 extorquere
940 1163 1070 1208 vellet
1085 1167 1196 1218 Deo,
1217 1173 1266 1207 ut
1282 1163 1446 1207 videret
1460 1164 1552 1221 ejus
1571 1165 1723 1222 maJ'es·

343 1241 476 1276 tatem
494 1242 536 1276 et
550 1232 706 1277 faciem
721 1268 732 1286 ‚
760 1233 983 1293 quomodo
999 1233 1085 1277 dici
1102 1242 1246 1292 potest
1266 1231 1394 1277 facies
1418 1233 1494 1276 Dei
1516 1247 1524 1272 ε
1555 1231 1614 1275 ait
1630 1231 1691 1276 illi
1708 1265 1721 1285 ,

350 1322 370 1345 «
404 1306 501 1347 Non
519 1312 640 1361 potes
656 1301 804 1346 videre
819 1303 975 1347 faciem
998 1318 1153 1346 meam.
1172 1306 1307 1347 Nemo
1321 1303 1436 1346 enim
1449 1301 1558 1346 vidit
1572 1300 1726 1345 faciem

344 1391 365 1415 »
401 1388 564 1427 meam,
601 1382 644 1416 et
675 1372 780 1416 vixit
811 1392 820 1417 ε
845 1372 919 1416 sed
938 1388 1096 1432 ponam
1121 1382 1164 1416 te
1187 1373 1231 1415 in
1269 1371 1474 1431 spelunca
1499 1381 1633 1430 petrae
1651 1407 1661 1426 ,
1682 1380 1725 1415 et

343 1461 365 1485 »
399 1445 592 1488 transibo
606 1479 616 1499 ‚
635 1453 677 1487 et
697 1459 858 1503 ponam
875 1459 1004 1503 super
1018 1453 1061 1487 te
1074 1459 1252 1487 manum
1267 1458 1408 1488 meam
1434 1462 1443 1487 ι
1463 1458 1564 1487 cum
1578 1452 1726 1487 autem

343 1533 363 1556 »
399 1516 609 1559 transiero
625 1549 635 1568 ,
672 1515 908 1573 posteriora
935 1530 1029 1558 mea
1051 1513 1218 1561 videbis
1237 1516 1268 1558 1.
1302 1532 1322 1555 »
1353 1517 1410 1558 Et
1423 1529 1477 1565 ¹ex
1497 1514 1562 1557 his
1585 1513 1724 1557 verbis

341 1595 495 1630 natum
518 1594 582 1629 est
603 1585 786 1629 alterum
815 1585 1001 1643 aenigma
1016 1620 1027 1640 ,
1047 1584 1093 1628 id
1119 1594 1183 1629 est
1202 1620 1213 1639 ‚
1247 1585 1431 1629 obscura
1451 1584 1651 1644 quaedam
1672 1584 1726 1627 fi-

342 1672 449 1715 gura
470 1671 632 1700 rerum.
658 1675 677 1698 «
701 1658 813 1700 Cum
835 1657 1064 1710 transiero,
1094 1657 1330 1715 posteriora
1354 1671 1449 1699 mea
1475 1654 1641 1699 videbis
1660 1690 1671 1709 ,
1700 1674 1721 1696 »

341 1727 446 1771 dicit
468 1730 605 1770 Deus:
628 1727 749 1786 quasi
771 1743 821 1770 ex
839 1726 920 1770 alia
943 1735 1065 1785 parte
1081 1727 1241 1770 habeat
1261 1725 1413 1769 faciem
1427 1760 1438 1780 ,
1459 1741 1510 1769 ex
1531 1724 1612 1769 alia
1627 1725 1725 1776 dor-

339 1812 449 1841 sum.
468 1797 593 1841 Absit
610 1812 633 1840 a
658 1796 783 1840 nobis
811 1796 896 1840 tale
925 1795 1090 1856 aliquid
1111 1796 1165 1839 de
1190 1795 1261 1839 illa
1295 1796 1517 1856 Majestate
1547 1795 1720 1839 sentire.

338 1870 448 1912 Nam
465 1867 541 1926 qui
563 1867 647 1911 hoc
670 1866 800 1910 sentit
816 1867 871 1910 de
886 1869 976 1910 Deo
995 1901 1005 1920 ‚
1023 1865 1130 1926 quid
1145 1867 1183 1909 ei
1203 1865 1404 1925 prodest,
1423 1864 1543 1924 quod
1562 1864 1724 1924 templa

338 1938 480 1982 clausa
503 1939 629 1981 sunt?
651 1936 823 1981 Idolum
845 1937 891 1979 in
921 1936 1051 1981 corde
1078 1952 1156 1980 suo
1193 1935 1390 1980 fabricat.
1419 1938 1528 1981 Sunt
1550 1950 1652 1993 ergo
1677 1935 1724 1979 in

284 2048 287 2053 .
335 2008 420 2052 illis
433 2008 574 2052 verbis
595 2023 753 2066 magna
769 2008 987 2065 mysteria.
1010 2007 1293 2067 Loquebatur
1311 2007 1534 2060 Dominus,
1552 2015 1601 2049 ut
1615 2005 1719 2061 dixi,

335 2094 414 2138 per
437 2088 680 2122 creaturam
698 2112 708 2131 ‚
729 2077 950 2137 quomodo
972 2077 1102 2121 vellet
1123 2076 1286 2120 famulo
1308 2092 1400 2119 suo.
1421 2075 1645 2121 Intellecta
1660 2084 1724 2119 est

337 2149 424 2193 illic
435 2164 619 2208 persona
640 2149 772 2207 ipsius
790 2148 960 2192 Domini
973 2157 1015 2191 et
1034 2147 1263 2191 Salvatoris
1275 2147 1409 2190 nostri
1427 2149 1529 2190 Jesu
1544 2146 1719 2193 Christi.

340 2219 422 2272 Qui
440 2218 617 2278 quidem
635 2217 876 2261 secundum
891 2215 1076 2261 formam
1092 2217 1184 2271 Dei,
1198 2233 1282 2276 qua
1297 2215 1473 2276 aequalis
1488 2225 1552 2260 est
1569 2216 1719 2265 Patri2.

345 2287 550 2333 Similiter
567 2286 703 2331 oculis
731 2287 931 2330 humanis
953 2286 1176 2330 invisibilis
1198 2296 1261 2330 est
1281 2321 1292 2341 ,
1325 2287 1436 2330 sicut
1457 2295 1498 2330 et
1514 2289 1653 2330 Pater.
1681 2286 1724 2330 Si

338 2358 455 2401 enim
478 2357 684 2416 sapientia
707 2358 898 2400 humana
913 2356 1049 2400 videri
1069 2355 1204 2400 oculis
1223 2371 1312 2400 non
1334 2365 1496 2415 potest,
1515 2356 1660 2401 Virtus
1680 2364 1724 2401 et

334 2428 551 2486 Sapientia
574 2428 650 2471 Dei
676 2427 813 2471 videri
839 2426 974 2470 oculis
1004 2427 1168 2470 carneis
1191 2427 1358 2485 potest?
1382 2425 1467 2470 Sed
1495 2425 1597 2485 quia
1626 2434 1720 2469 erat

329 2497 539 2542 Dominus
552 2505 801 2556 opportuno
816 2505 1008 2554 tempore
1023 2510 1196 2540 carnem
1208 2503 1503 2555 suscepturus,
1519 2504 1566 2539 ut
1579 2493 1716 2539 oeulis

382 2589 392 2605 ¹
413 2582 512 2614 Exod.
529 2592 641 2624 xxxm,
657 2582 750 2624 9-23.
769 2597 810 2604 -
830 2588 843 2604 ²
861 2581 973 2623 Philip.
999 2592 1037 2622 ιι,
1055 2581 1088 2612 6.
