1815 3253
330 287 416 327 462
761 296 794 325 s.
830 296 1061 328 Anaus‘mm
1091 301 1276 330 Enscom

327 364 455 418 dens,
492 377 707 424 nusquam
734 363 997 424 interrupta,
1033 365 1110 410 sed
1141 367 1417 412 dissimilibus
1443 377 1708 429 temperata,

325 442 416 478 tota
445 432 596 478 laudat
629 437 782 477 Deum.
811 437 955 488 Quare
986 451 1090 494 ergo
1124 445 1214 481 tota
1237 437 1390 482 laudat
1419 442 1582 484 Deum?
1603 441 1711 494 Quia

324 519 425 548 cum
447 520 542 549 eam
568 504 812 550 consideras
841 515 884 550 et
905 505 1134 566 pulchram
1154 507 1275 552 vides
1290 543 1301 564 ,
1329 518 1379 553 tu
1397 510 1441 553 in
1463 509 1536 554 illa
1559 510 1711 555 laudas

322 576 484 619 Deum..
504 577 599 620 Vox
628 574 829 635 quaedam
854 585 918 620 est
948 585 1079 621 mutae
1109 579 1449 639 terrae,·species
1471 589 1611 636 terrae,
1642 591 1712 626 at-

323 643 465 689 tendis
499 653 543 689 et
568 645 689 690 vides
721 646 811 705 ejus
843 646 1051 705 speciem,
1084 646 1204 691 vides
1239 649 1329 709 ejus
1365 650 1679 695 fecunditatem
1692 686 1710 707 ,

320 714 440 759 vides
476 716 568 775 ejus
604 716 735 771 vires,
775 716 998 776 quomodo
1033 717 1255 777 concipiat
1288 732 1450 776 semen,
1487 719 1717 780 quomodo<

320 785 579 845 plerumque
602 787 756 830 afferat
787 786 910 847 quod
937 801 1028 832 non
1059 796 1125 832 est
1157 788 1416 833 seminatum
1447 808 1457 834 z
1490 789 1637 845 vides,
1669 799 1714 835 et

320 855 664 901 consideratione
691 866 768 901 tua
799 866 1010 917 tanquam
1031 858 1268 916 interrogas
1297 873 1422 916 eam,
1451 867 1494 902 et
1521 860 1623 919 ipsa
1639 859 1713 904 in-

320 926 497 986 quisit-io
518 926 799 984 interrogatio
815 936 893 971 est.
915 929 1028 973 Cum
1043 936 1188 972 autem
1207 929 1451 988 inquisieris
1468 928 1686 974 admirans
1697 965 1709 986 ,

320 1005 367 1040 et
380 1006 672 1055 perscrutatus
690 995 843 1052 fueris,
869 1006 913 1041 et
933 1012 1138 1056 magnam
1161 999 1266 1053 vim,
1291 1012 1494 1056 magnam
1517 999 1713 1059 pulchri-

319 1063 519 1112 tudinem
538 1103 549 1123 ,
587 1066 928 1128 praeclaramque
970 1068 1176 1111 virtutem
1221 1068 1462 1123 inveneris,
1501 1069 1713 1129 quoniam

320 1138 438 1197 apud
460 1152 503 1182 se
533 1147 580 1182 et·
602 1153 627 1182 a
646 1153 690 1181 se
710 1138 873 1181 habere
900 1137 1013 1181 hanc
1035 1137 1242 1181 virtutem
1266 1145 1356 1182 non
1377 1147 1544 1197 posset3
1569 1139 1713 1183 conti-
1782 1188 1783 1198 ἶ

316 1223 406 1252 nuo
421 1208 498 1252 tibi
516 1208 692 1252 venitin
705 1216 915 1261 mentem,
933 1207 1036 1267 quia
1059 1222 1149 1251 non
1169 1207 1350 1267 potuita
1372 1223 1416 1251 se
1429 1223 1542 1263 esse,
1561 1208 1718 1253 nisiab.
1780 1214 1782 1258 ὲ

316 1278 393 1323 illo
413 1281 631 1324 Creatore.
668 1281 728 1322 Et
751 1278 835 1322 hoc
867 1278 988 1338 quod
1019 1277 1066 1320 in
1098 1293 1148 1321 ea
1175 1277 1401 1332 invenisti,
1426 1293 1510 1322 vox
1537 1277 1710 1323 confes-

317 1349 447 1393 sionis
475 1348 606 1408 ipsius
623 1356 708 1401 est,
734 1356 784 1391 ut
804 1346 1242 1391 laudesCreatorem.
1267 1348 1423 1391 Nonne
1439 1348 1711 1393 considerata
1778 1359 1781 1411 J
1814 1375 1815 1382 κ

316 1419 519 1463 universa>
539 1417 866 1478 pulchritudine
889 1415 1052 1460 mundi·
1066 1416 1220 1476 hujus,
1253 1425 1474 1476 tanquam*
1487 1433 1575 1462 una
1602 1433 1709 1463 voce

315 1489 397 1533 tibi
417 1489 578 1548 species
605 1489 698 1548 ipsa
718 1486 952 1546 respondet
977 1505 986 1530 :
1012 1489 1111 1531 Non
1135 1501 1205 1530 me
1236 1501 1314 1544 ego
1337 1486 1446 1543 feci,
1472 1487 1547 1531 sed
1568 1490 1711 1532 Deus?
1776 1523 1779 1554 f

372 1562 493 1603 XIV.
529 1562 663 1618 Ergo,
693 1577 713 1600 «
732 1557 1037 1603 Confiteantur
1054 1555 1158 1611 tibi,
1179 1556 1384 1611 Domine,
1411 1557 1556 1601 omnia
1578 1572 1708 1617 opera
1776 1563 1778 1576 '

317 1649 338 1672 »
373 1640 475 1685 tua,
511 1639 556 1674 et
586 1629 722 1674 sancti
754 1628 820 1672 tui
841 1626 1105 1672 benedicant
1138 1635 1196 1670 te.
1230 1644 1251 1668 »
1285 1628 1342 1670 Ut
1372 1627 1417 1670 in
1439 1627 1708 1672 confessione

313 1716 497 1760 operum
518 1711 697 1746 tuorum
718 1699 855 1743 sancti
883 1698 948 1742 tui
979 1707 1022 1742 te
1045 1696 1337 1752 benedicant,
1365 1698 1446 1757 ipsi
1474 1699 1609 1742 sancti
1641 1699 1707 1743 tui
1774 1691 1777 1704 ’

312 1773 543 1832 inspiciant
563 1781 805 1818 creaturam
825 1770 1126 1815 confitentem.
1153 1771 1211 1812 Et
1226 1767 1401 1812 illorum
1429 1784 1583 1813 vocem
1602 1768 1710 1814 audi·
1772 1802 1775 1842 ἑ
1814 1778 1815 1793 ³

310 1844 657 1891 benedicentem.
695 1842 870 1887 Etenim
907 1855 1008 1885 cum
1045 1839 1184 1885 sancti
1222 1839 1292 1883 tui>
1328 1839 1596 1884 benedicunt
1630 1850 1715 1897 te,-

311 1915 419 1975 quid
449 1915 626 1959 dicunt?
653 1933 673 1956 «
707 1913 900 1958 Gloriam
935 1911 1058 1970 regni
1093 1911 1158 1954 tui
1187 1909 1356 1966 dicent,
1389 1920 1432 1954 et
1461 1912 1709 1970 potentiam¹
1770 1927 1773 1972 j
1804 1904 1807 1909 ¹

312 2003 348 2027 »v
368 1996 490 2030 tuam
513 1986 751 2046 loquentur
773 1987 803 2027 ¹.
833 2002 853 2025 »
880 1986 1022 2036 Quam
1042 1984 1336 2041 potensDeus
1351 2016 1362 2036 ,
1387 1982 1460 2041 qui
1482 1982 1585 2026 fecit
1613 1991 1702 2026 ter-

310 2057 429 2102 ram!
466 2072 599 2117 quam
631 2061 786 2115 potens
818 2057 959 2108 Deus,
1001 2052 1077 2112 qui
1113 2051 1311 2110 implevit
1343 2060 1503 2095 terram
1545 2052 1696 2096 bonis!
1768 2116 1799 2121 1

309 2144 440 2188 quam
464 2137 619 2188 potens
641 2130 753 2171 Deus
768 2161 778 2181 ,
812 2125 890 2185 qui
917 2123 1038 2168 dedit
1060 2123 1171 2167 vitas
1193 2132 1289 2166 tuas
1310 2122 1504 2180 proprias
1531 2123 1698 2166 anima·
1731 2162 1748 2177 η,
1800 2140 1809 2193 .’

307 2198 442 2242 libus!
469 2214 602 2259 quam
627 2206 781 2257 potens
805 2198 933 2248 Deus,
960 2194 1036 2253 qui
1058 2192 1221 2236 semina
1239 2190 1406 2235 diversa
1428 2191 1548 2235 dedit
1568 2192 1699 2236 visce-
1766 2251 1768 2258 A

307 2270 426 2313 ribus
448 2278 573 2313 terrae
588 2303 599 2323 ,
623 2277 673 2311 ut
691 2265 983 2325 germinarent
1004 2272 1169 2307 tantam
1185 2262 1438 2305 varietatem
1460 2262 1692 2318 fruticum,

309 2349 474 2383 tantam
513 2337 697 2398 speciem
733 2334 968 2379 arborum!
1009 2348 1142 2393 quam
1185 2341 1338 2391 potens
1376 2335 1516 2387 Deus,
1561 2348 1694 2393 quam

309 2427 492 2470 magnus
515 2409 656 2453 Deus!
690 2410 756 2451 Tu
786 2408 1024 2462 interroga,
1052 2413 1248 2448 creatura
1276 2403 1530 2462 respondet!
1563 2414 1606 2448 et
1638 2403 1694 2448 de

309 2481 602 2542 responsione,
614 2489 822 2538 tanquam
835 2491 915 2520 con
922 2475 1102 2519 sessione
1115 2483 1339 2529 creaturae,
1355 2482 1420 2529 tu,
1436 2483 1582 2519 sancte
1594 2474 1688 2529 Dei,

308 2551 529 2598 benedicis
548 2553 686 2594 Deum
700 2583 711 2603 ,
731 2556 775 2592 et
795 2546 1036 2606 potentiam
1055 2544 1260 2605 loqueris.

357 2645 366 2660 ¹
394 2636 472 2670 Psal.
490 2646 592 2676 cxuv,
615 2645 666 2666 11.
