1815 3253
345 190 430 227 372
783 192 818 222 S.
852 194 1083 223 AUGUSTINI
1116 196 1295 223 EPISCOPI

342 263 500 308 Adhuc
522 260 687 304 bellum
711 258 914 304 adversus
935 275 1004 303 me
1023 274 1147 318 gero,
1171 260 1370 305 nondum
1391 273 1487 303 sum
1505 266 1621 303 totus
1634 258 1723 301 ins-
1765 308 1768 311 Δ

343 340 535 377 tauratus
552 329 608 375 ad
627 329 861 386 imaginem
882 328 1154 374 fabricatoris
1171 330 1280 386 mei,
1308 329 1423 389 coepi
1450 327 1656 387 resculpi,
1681 335 1728 371 et

339 418 390 446 ex
412 417 462 446 ea
483 410 606 461 parte
639 414 726 459 qua
753 397 985 455 reformor,
1009 397 1208 459 displicet
1239 399 1346 444 mihi
1379 398 1499 459 quod
1530 396 1725 442 deforme

338 475 542 529 est.Ergo
553 469 752 531 quandiu
766 468 826 512 ita
835 483 948 525 sum,
966 468 1073 529 quid
1086 470 1268 529 spcr0?«
1285 468 1441 514 Infelix
1467 484 1547 528 ego
1570 468 1720 523 homo,

339 561 359 585 »
394 543 491 603 quis
513 557 582 586 me
603 540 809 584 liberabit
830 540 885 584 de
902 555 1083 599 corpore
1113 541 1262 585 mortis
1297 541 1458 601 hujus?
1484 540 1630 584 Gratia
1646 539 1724 583 Dei

339 631 360 654 »
395 628 473 672 per
494 615 644 656 Jesum
665 610 889 656 Christum
912 610 1146 655 Dominum
1169 620 1366 655 nostrum
1382 613 1413 655 ¹.
1437 628 1457 652 »
1483 610 1629 654 Gratia
1644 609 1724 654 Dei

334 699 436 742 quae
450 682 587 741 coepit
601 682 693 741 jam
710 679 952 740 resculpere
963 714 975 736 ,
997 680 1132 739 gratia
1150 681 1228 725 Dei
1247 697 1346 741 quae
1368 679 1563 725 infundit
1579 679 1724 725 suavi-

336 761 468 796 tatem
484 786 496 807 ,
521 759 572 795 ut
588 750 680 810 jam
702 764 779 808 per
792 749 1044 795 interiorem
1059 750 1283 795 hominem
1306 749 1616 795 condelecteris
1636 750 1723 809 legi

332 823 410 867 Dei
436 841 445 867 :
470 820 572 866 inde
596 829 753 865 caetera
773 820 1047 865 sanabuntur
1062 855 1074 876 ‚
1108 820 1228 865 unde
1251 830 1294 865 et
1329 822 1410 865 ista
1430 830 1576 865 sanata
1602 829 1719 866 sunt.

332 894 467 937 Geme
485 892 630 936 adhuc
646 888 922 946 vulneratus,
947 891 1106 949 castiga
1129 899 1196 946 te,
1219 890 1396 950 displice
1417 890 1512 935 tibi.

388 964 542 1006 XVI.«
576 963 676 1006 Non
696 959 756 1004 sic
780 974 927 1019 pugno
943 994 954 1016 ‚
989 960 1133 1021 inquit
1149 995 1161 1016 ‚
1200 961 1322 1021 quasi
1357 964 1499 1005 aerem
1522 960 1720 1019 caedens3

335 1051 354 1073 »
389 1031 465 1076 sed
487 1031 649 1089 castigo
681 1044 838 1088 corpus
865 1045 1012 1074 meum
1034 1038 1078 1074 et
1101 1030 1148 1074 in
1177 1031 1428 1075 servitutem
1457 1029 1631 1088 redigo,
1661 1044 1718 1073 ne

333 1120 353 1144 »
388 1100 502 1146 forte
523 1100 615 1144 aliis
648 1098 888 1159 praedicans
909 1099 999 1160 ipse
1023 1100 1234 1159 reprobus
1265 1100 1460 1146 inveniar
1474 1103 1506 1143 ².
1535 1117 1554 1140 »
1580 1101 1722 1146 Num-

330 1172 440 1233 quid
467 1172 544 1232 qui
569 1171 748 1228 castigat
778 1185 958 1230 corpus,
995 1170 1088 1216 odit
1128 1174 1311 1231 corpus?
1340 1171 1383 1216 Si
1418 1171 1514 1231 quis
1546 1171 1723 1229 castigat

331 1259 504 1288 servum
520 1277 532 1298 ‚
557 1242 650 1287 odit
661 1243 860 1287 servum?
874 1242 918 1286 Si
938 1242 1034 1302 quis
1051 1244 1251 1287 verberat
1265 1241 1421 1297 filium,
1446 1242 1539 1286 odit
1552 1240 1723 1286 filium?

329 1317 386 1358 Et
406 1322 457 1357 ut
477 1311 644 1373 aliquid
665 1311 939 1371 conjunctius
970 1311 1227 1372 eloquamur
1242 1347 1254 1368 ‚
1270 1328 1370 1357 caro
1403 1321 1479 1356 tua
1506 1320 1720 1371 tanquam

331 1385 491 1444 conjux
506 1393 582 1427 tua
603 1392 682 1427 est.
702 1385 796 1427 Hoc
816 1383 908 1441 ipse
923 1382 1156 1441 Apostolus
1172 1382 1298 1438 dicit,
1323 1401 1343 1424 «
1361 1385 1499 1428 Nemo
1520 1398 1718 1442 unquam

333 1473 354 1497 »
389 1468 565 1499 carnem
594 1469 718 1497 suam
755 1451 856 1497 odio
878 1452 1059 1507 habuit,
1099 1451 1176 1496 sed
1208 1452 1346 1496 nutrit
1380 1461 1424 1496 et
1455 1452 1574 1498 fovet
1595 1468 1717 1509 eam*,
1769 1482 1772 1491 ι

331 1545 351 1568 »
388 1526 499 1570 sicut
521 1533 564 1568 et
575 1524 771 1570 Christus
794 1522 1035 1567 Ecclesiam
1048 1524 1080 1567 ³.
1106 1543 1125 1564 υ
1144 1525 1272 1568 Certe
1285 1539 1384 1568 caro
1397 1531 1605 1584 tanquam
1618 1539 1719 1568 con-

321 1597 403 1658 jux
425 1605 513 1651 est,
534 1605 577 1640 et
598 1610 728 1639 nemo
751 1609 928 1639 carnem
958 1609 1078 1638 suam
1101 1594 1203 1639 odio
1235 1595 1383 1639 habet.
1417 1597 1580 1639 Tamen
1610 1593 1720 1654 quid

329 1667 413 1712 alio
430 1667 554 1711 loco?
571 1667 718 1711 «Caro
739 1664 1008 1724 concupiscit
1030 1664 1234 1710 adversus
1251 1665 1466 1724 spiritum,
1486 1674 1529 1709 et
1544 1665 1719 1725 spiritus
1770 1712 1771 1715 ,

333 1757 355 1780 >›
391 1737 597 1783 adversus
616 1737 846 1781 carnem4P
866 1753 886 1776 »
908 1735 1190 1795 Concupiscit
1210 1735 1412 1780 adversus
1426 1744 1484 1791 te,
1512 1745 1719 1796 tanquam

333 1810 492 1869 conjux
511 1818 586 1852 tua
610 1826 620 1853 2
645 1822 741 1852 ama
761 1815 804 1850 et
825 1806 983 1865 castiga
999 1841 1010 1861 ‚
1038 1805 1178 1851 donec
1204 1806 1281 1851 fiat
1310 1807 1356 1850 in
1387 1822 1476 1850 una
1507 1807 1718 1851 reforma·
1762 1822 1766 1831 ·

334 1880 453 1924 tione
474 1894 562 1923 una
590 1876 838 1922 concordia.
865 1875 1051 1929 Quando
1074 1875 1192 1921 istud
1227 1877 1338 1920 erit?
1367 1880 1564 1930 Quonam
1585 1876 1717 1922 modo
1761 1888 1764 1894 '

332 1951 513 2006 clamas,
539 1968 559 1991 «
584 1947 744 1993 Infelix
756 1962 835 2006 ego
856 1948 1010 2003 homo,
1037 1948 1133 2007 quis
1155 1963 1225 1991 me
1240 1947 1441 1991 liberabit
1462 1948 1516 1991 de
1537 1963 1717 2008 corpore
1766 1959 1767 1962 ’
1791 1965 1793 1970 ·

333 2041 355 2064 »
379 2021 531 2066 mortis
551 2020 681 2079 hujus
695 2020 736 2060 5?
760 2036 781 2059 »
806 2017 1033 2078 Numquid
1054 2017 1321 2077 separabitur
1338 2034 1362 2061 a
1376 2027 1416 2062 te
1436 2018 1519 2062 hoc
1541 2033 1713 2077 corpus,

331 2101 376 2136 et
397 2100 503 2135 tunc
526 2104 701 2133 securus
723 2088 829 2132 eris?
847 2091 904 2132 Et
926 2086 1034 2147 quid
1061 2096 1124 2131 est
1140 2122 1151 2142 ‚
1180 2106 1200 2129 «
1232 2090 1284 2130 In
1306 2087 1624 2147 nobismetipsis
1644 2089 1714 2131 in-

334 2180 355 2203 »
391 2159 661 2219 gemiscimus
678 2193 689 2213 ,
724 2157 1002 2216 adoptionem
1037 2165 1331 2215 expectantes,
1369 2157 1715 2217 redemptionem

334 2249 356 2272 η
390 2229 581 2288 corporis
601 2226 794 2272 nostri⁰P
832 2245 853 2268 »
885 2229 1129 2285 Reparatur
1161 2241 1264 2285 ergo
1302 2243 1326 2271 a
1360 2226 1622 2272 mortalitate
1660 2226 1715 2272 ad

332 2299 699 2345 immortalitatem
713 2333 724 2353 ‚
749 2306 792 2341 et
809 2299 900 2358 jam
917 2313 1007 2341 non
1028 2297 1210 2352 resistit,
1235 2298 1337 2357 quia
1355 2314 1443 2342 non
1466 2307 1528 2342 est
1549 2308 1728 2344 morta·v
1785 2331 1790 2359 :

331 2371 428 2416 litas
450 2387 548 2430 quac
570 2369 751 2413 resistat.
785 2371 1018 2426 Propterea
1046 2368 1206 2426 castiga
1228 2384 1384 2427 corpus
1406 2377 1530 2413 tuum
1549 2389 1559 2425 3
1581 2369 1713 2414 modo

379 2472 388 2488 ¹
410 2469 502 2498 Rom.
522 2474 578 2505 vn,
597 2463 718 2495 22-25.
738 2479 780 2485 —
799 2469 811 2484 ²
829 2473 843 2493 1
865 2463 935 2494 Cor.
953 2471 1000 2500 ix,
1020 2460 1129 2494 26.-
1145 2460 1158 2485 3
1177 2462 1292 2503 Ephes.
1312 2472 1344 2502 v,
1364 2471 1417 2504 29.
1439 2479 1479 2484 —
1499 2461 1594 2496 4Gal.
1615 2473 1647 2504 v,
1660 2473 1711 2505 17.

332 2535 374 2547 -c
389 2519 403 2544 ⁵
426 2523 518 2553 Rom.
537 2530 592 2561 vu,
611 2518 666 2559 24.
688 2535 725 2541 —
747 2516 762 2540 <5
782 2518 828 2550 ld.
848 2527 920 2555 vux,
939 2517 992 2549 23.
