1815 3253
364 176 446 216 *ἔμω
767 186 816 214 is.
852 186 1064 217 AucusTM
1097 191 1277 218 Eriscori

361 251 469 311 quid
491 251 620 294 finem
640 251 770 295 habet
788 252 833 295 in
848 260 1043 311 tempore
1062 287 1073 308 ‚
1098 254 1340 313 quamlibet
1361 253 1542 313 longum
1565 255 1640 310 sit,
1665 255 1743 300 diu

360 337 452 366 non
473 330 550 365 est.
581 340 601 363 «
624 320 809 365 Psallam
826 325 915 366 Deo
938 337 1034 366 meo
1056 323 1250 382 quandiu
1270 339 1382 368 sum.
1407 342 1427 366 »

420 395 498 437 IX.
526 393 706 437 Interim
725 393 853 448 bene,
877 391 1076 437 laudabis
1091 394 1325 439 Dominum
1347 395 1392 438 in
1409 394 1496 439 vita
1517 404 1608 451 tua,
1633 396 1744 455 psal-

359 462 411 507 lis
429 462 483 507 de
505 462 655 509 futuro
672 467 763 508 Deo
785 472 862 508 tuo
877 464 1075 524 quandiu
1091 479 1149 508 es.
1169 467 1305 510 Bene:
1322 465 1539 525 quidquid
1550 466 1620 510 hic
1637 481 1745 525 prae-

361 536 622 580 sumendum
646 544 733 591 est,
758 535 812 579 de
834 534 909 580 illo
926 551 1063 595 spera.
1084 537 1182 581 Non
1204 551 1282 581 nos
1298 535 1467 581 deserat
1487 552 1582 597 spes
1604 537 1645 581 in
1665 537 1745 581 ista
1788 582 1789 586 ,

361 606 708 665 peregrinatione
729 615 772 649 et
793 606 1048 661 tentatione,
1066 606 1112 649 in
1132 605 1222 650 istis
1238 607 1590 666 improbitatibus
1611 616 1655 652 et
1675 608 1744 651 in-

360 676 477 720 sidiis
499 677 691 731 inimici,
725 676 1183 736 circumstrepentibus
1210 675 1406 738 undique
1430 677 1744 722 tentationibus

359 747 530 803 saeculi,
567 747 764 807 undique
785 748 832 791 in
870 747 1092 792 laboribus
1121 758 1164 792 et
1197 749 1430 806 angoribus
1466 749 1740 793 constitutos.

359 817 476 871 Quid
498 833 600 877 ergo
624 816 830 862 faciemus
848 820 866 862 P
887 818 1005 863 Audi
1034 818 1142 878 quid
1163 828 1372 879 sequatur
1392 838 1401 864 ε
1426 838 1446 861 «
1470 818 1614 865 Nolite
1635 835 1744 864 con-

361 905 382 929 »
417 886 549 932 fidere
574 889 619 931 in
654 888 881 947 principes.
919 906 938 930 »
966 891 1159 944 Fratres,
1196 904 1405 948 magnum
1426 889 1651 948 negotium
1672 889 1744 933 hic

359 959 594 1019 accipimus
611 980 622 1017 3
641 959 788 1004 divina
814 976 897 1004 vox
914 969 1001 1015 est,
1027 969 1070 1004 et
1091 959 1275 1019 desuper
1294 970 1417 1004 sonat
1438 961 1579 1005 nobis.
1611 959 1745 1005 Modo

358 1030 473 1074 enim
494 1031 638 1075 nescio
663 1046 749 1090 qua
766 1030 1017 1075 infirmitate
1040 1030 1182 1075 anima
1204 1031 1395 1075 humana
1407 1066 1424 1087 ,
1443 1030 1620 1091 quando
1646 1029 1745 1074 fue-

358 1101 413 1144 rit
435 1100 642 1145 tribulata
658 1136 669 1156 ,
691 1100 761 1145 hic
783 1099 981 1160 desperat
1003 1103 1058 1145 de
1081 1101 1287 1157 Domino,
1311 1111 1354 1146 et
1369 1101 1466 1146 vult
1483 1117 1744 1161 praesumere

357 1170 412 1215 de
445 1172 636 1216 homine.
672 1172 848 1216 Dicatur
876 1171 1043 1215 homini
1073 1171 1118 1216 in
1147 1171 1380 1217 assliCtione
1408 1172 1552 1232 aliqua
1581 1173 1743 1217 consti-
1781 1213 1782 1217 ,
1810 1194 1813 1202 ·

361 1250 456 1286 tuto
472 1276 483 1296 ,
508 1244 586 1285 Est
612 1240 791 1300 quidam
814 1242 946 1285 homo
978 1257 1161 1300 magnus
1178 1276 1189 1297 ‚
1227 1257 1304 1300 per
1326 1257 1457 1302 quem
1477 1242 1610 1301 possis
1630 1242 1743 1286 libe·

357 1313 442 1357 rari
465 1328 476 1356 .·
502 1312 692 1367 arridet,
715 1311 901 1371 gaudet,
927 1313 1120 1369 erigitur.
1148 1312 1278 1365 Quod
1294 1312 1328 1356 si
1351 1311 1521 1357 dicatur
1542 1313 1604 1357 illi
1631 1333 1640 1358 ;
1667 1315 1743 1358 Li-
1780 1313 1781 1317 ’
1810 1338 1813 1343 <

356 1382 481 1427 berat
504 1391 548 1426 te
576 1385 690 1426 Deus
716 1401 725 1426 :
763 1382 885 1442 quasi
907 1381 1206 1442 desperatione
1237 1382 1441 1440 frigescit.
1471 1383 1743 1428 Promittitur
1778 1394 1779 1442 ζ
1808 1407 1811 1413 ·

355 1452 565 1497 auxilium
583 1451 802 1507 mortalis,
823 1461 865 1496 et
889 1451 1050 1511 gaudes
1076 1471 1086 1496 ε
1113 1452 1382 1511 promittitur
1397 1453 1674 1509 immortalis,
1699 1463 1743 1498 et

357 1523 487 1568 tristis
505 1539 549 1568 es
566 1525 584 1567 Ξ)
606 1522 882 1567 Promittitur
904 1522 982 1566 tibi
1002 1521 1122 1582 quod
1142 1521 1296 1566 liberet
1317 1532 1360 1567 te
1382 1531 1527 1567 tecum
1547 1524 1742 1568 liberan-

354 1594 460 1649 duS,
493 1603 537 1638 et
564 1603 775 1653 tanquam
808 1592 955 1652 aliquo
978 1607 1134 1650 magno
1156 1591 1313 1637 auxilio
1335 1592 1499 1638 exultas
1523 1612 1532 1638 2
1555 1595 1740 1653 promit-
1776 1613 1777 1619 ¹

357 1664 461 1708 titur
482 1663 554 1708 ille
575 1664 808 1718 liberator,
834 1662 911 1723 qui
942 1661 1175 1706 liberatore
1193 1678 1284 1708 non
1318 1662 1511 1722 indiget‚
1543 1673 1586 1708 et
1617 1665 1740 1724 quasi
1774 1676 1776 1730 ᾗ

355 1734 412 1778 ad
443 1733 650 1779 fabellam
681 1733 895 1793 desperas.
921 1735 999 1776 Vae
1029 1732 1188 1778 talibus
1218 1733 1552 1791 cogitationibus
1576 1753 1583 1778 :
1609 1734 1738 1793 longe
1774 1731 1775 1761 }

353 1804 683 1864 peregrinantur
705 1822 713 1848 :
738 1818 839 1857 vere
862 1802 1012 1846 misera
1033 1812 1077 1847 et
1099 1818 1257 1862 magna
1279 1818 1393 1847 mors
1413 1804 1459 1847 in
1480 1804 1552 1847 eis.
1572 1807 1740 1863 Appro-
1772 1829 1774 1849 ς
1807 1831 1815 1837 .,

351 1875 517 1935 pinqua
534 1909 545 1930 9
574 1873 718 1933 incipe
750 1872 1019 1928 desiderare,
1054 1872 1197 1932 incipe
1224 1888 1418 1933 quaerere
1441 1883 1483 1917 et
1505 1889 1738 1932 agnoscere
1772 1864 1773 1876 ¹

351 1961 469 2001 eum,
493 1960 619 2005 aquo
635 1942 776 1988 factus
792 1958 850 1987 es.
870 1945 968 1988 Non
990 1942 1107 1987 enim
1129 1942 1297 1987 deseret
1318 1959 1426 2003 opus
1448 1959 1574 1987 suum
1591 1979 1602 1999 ‚
1625 1945 1660 1988 si
1681 1945 1736 1988 ab

351 2031 481 2076 opere
504 2030 581 2059 suo
611 2030 702 2058 non
725 2013 961 2057 deseratur.
988 2016 1204 2059 Converte
1224 2028 1327 2072 ergo
1349 2014 1404 2057 ad
1426 2023 1468 2057 te
1490 2013 1612 2057 illum
1631 2049 1641 2069 ‚
1666 2015 1739 2059 cui

350 2087 456 2132 dicis
489 2106 498 2131 :
534 2105 554 2129 «
581 2084 792 2130 Laudabo
821 2084 1057 2129 Dominum
1087 2084 1132 2127 in
1160 2084 1248 2127 vita
1279 2098 1396 2138 mea,
1427 2083 1608 2142 psallam
1644 2088 1736 2130 Deo
1768 2089 1771 2144 J
1809 2115 1812 2120 -

352 2175 372 2199 >›
408 2172 506 2201 meo
540 2154 738 2216 quandiu
767 2170 877 2198 sum.
917 2172 936 2194 »
969 2156 1119 2197 Monet
1151 2153 1267 2196 enim
1299 2168 1377 2197 nos
1405 2154 1497 2212 jam
1530 2154 1735 2213 impletus
1767 2175 1769 2183 ¹

349 2235 471 2271 tanto
501 2225 654 2285 spiritu
676 2225 754 2268 iste
770 2258 781 2278 ,
812 2232 854 2267 et
879 2222 984 2267 dicit
1007 2223 1130 2282 quasi
1156 2222 1283 2281 longe
1306 2225 1481 2268 remotis
1497 2259 1509 2279 ,
1540 2233 1583 2268 et
1602 2224 1734 2285 longe
1766 2233 1769 2274 ζ
1789 2254 1813 2278 χ

348 2294 749 2356 peregrinantibus,
770 2302 814 2337 et
832 2308 921 2336 non
937 2292 1078 2336 solum
1101 2296 1241 2336 Deum
1262 2308 1352 2337 non
1375 2293 1619 2338 volentibus
1633 2294 1732 2339 lau·
1765 2326 1767 2362 {
1806 2292 1813 2298 ⁹

349 2368 474 2422 dare,
498 2366 574 2410 sed
601 2364 800 2410 nondum
816 2363 885 2409 vel
905 2363 959 2407 de
979 2367 1067 2408 Deo
1089 2364 1363 2423 sperantibus
1386 2383 1394 2409 :
1423 2383 1442 2406 «
1462 2364 1604 2410 Nolite
1621 2381 1730 2411 con-
1796 2399 1801 2404 ,

351 2458 370 2481 >›
406 2436 539 2482 fidere
561 2437 605 2481 in
629 2435 862 2496 principes,
885 2443 927 2479 et
953 2435 998 2477 in
1029 2434 1139 2479 filios
1168 2434 1421 2492 hominum,
1447 2436 1609 2495 quibus
1638 2438 1765 2482 non⁴
