1815 3253
0 248 12 303 ¹.
361 256 602 287 ΕΝΛιιΜΤῐο
634 258 680 285 nv
712 255 915 286 PsALMUM
946 255 1131 284 cxxxvu.
1345 243 1429 282 297

49 325 235 386 superba
250 339 340 369 non
362 332 525 369 norunt
549 322 888 368 tribulationem.
913 325 1011 367 Non
1031 329 1216 376 norunt,
1231 320 1427 380 inquam,

49 395 372 441 tribulationem
389 429 400 449 ,
418 393 473 437 de
494 409 581 454 qua
608 392 768 438 dicitur
788 392 872 438 alio
892 391 1013 447 loco,
1041 410 1060 434 «
1089 390 1430 435 'l'ribulationem

51 485 72 509 »
107 475 148 510 et
170 465 366 510 dolorem
383 464 553 517 inveni,
579 473 622 508 et
640 479 800 508 nomen
817 463 984 507 Domini
1006 461 1204 506 invocavi
1220 463 1249 504 ¹.
1272 479 1292 502 »
1315 461 1431 514 Quid

47 537 162 582 enim
184 551 416 595 magnum,
449 536 491 579 si'
508 533 730 579 tribulatio
748 543 790 578 te
825 534 1042 577 inveniat?
1081 533 1124 577 Si
1159 530 1326 592 aliquid
1350 546 1432 590 po-

47 615 130 661 tes,
157 615 205 650 tu
227 607 375 650 inveni
392 605 734 650 tribulationem.
760 607 815 648 Et
837 604 935 664 quis
953 613 1038 658 est,
1069 602 1236 662 inquis,
1261 602 1337 662 qui
1360 602 1431 645 in-

46 676 192 721 veniat
214 675 572 721 tribulationem?
596 684 671 720 aut
688 675 783 735 quis
795 673 915 718 illam
933 673 1001 718 vel
1014 674 1208 733 quaerat?
1221 675 1272 716 In
1286 670 1431 716 medio

47 746 343 792 tribulationis
362 756 448 802 est,
474 756 517 790 et
534 747 670 791 nescis
687 748 704 790 Ξ)
723 745 821 789 Vita
843 745 922 789 ista
944 759 1074 804 parva
1098 742 1322 788 tribulatio
1339 743 1433 786 est?

49 817 204 862 Sinon
238 826 302 861 est
339 816 592 871 tribulatio,
630 832 718 860 non
758 824 822 860 est
854 814 1145 875 peregrinatio
1177 833 1185 858 :
1220 814 1254 857 si
1284 822 1431 857 autem

46 888 334 947 peregrinatio
355 897 419 931 est
434 896 509 931 aut
526 902 679 946 parum
698 888 885 946 patriam
907 885 1068 943 diligis,
1091 893 1166 929 aut
1182 885 1273 928 sine
1295 884 1432 928 dubio

48 957 279 1002 tribularis.
306 957 411 1010 Quis
435 958 551 1000 enim
575 973 664 1001 non
686 956 950 1013 tribuletur,
975 972 1064 1000 non
1085 971 1130 1000 se
1147 971 1237 999 esse
1257 970 1358 999 cum
1381 969 1433 999 eo

48 1027 166 1088 quod
183 1027 425 1072 desiderat?
445 1026 527 1072 Sed
551 1027 669 1071 unde
688 1028 769 1070 tibi
786 1043 876 1071 non
890 1026 1067 1071 videtur
1083 1027 1162 1070 ista
1179 1025 1433 1069 tribulatio?

48 1099 153 1152 Quia
168 1114 258 1143 non
280 1114 411 1143 amas.
432 1103 542 1143 Ama
565 1098 744 1142 alteram
766 1098 899 1142 vitam
920 1133 930 1152 ,
957 1106 1001 1141 et
1029 1086 1195 1140 videbis
1219 1096 1322 1155 quia
1354 1095 1433 1139 ista

47 1169 134 1213 vita
155 1169 379 1213 tribulatio
401 1179 464 1214 est
487 1189 495 1214 :
522 1183 799 1230 quacumque
821 1167 1105 1227 prosperitate
1122 1166 1314 1225 fulgeat,
1340 1166 1434 1226 qui-

48 1239 236 1284 buslibet
253 1239 416 1285 deliciis
434 1240 631 1285 abundet
651 1252 782 1300 atque
797 1239 1096 1297 circumfluat3
1119 1237 1297 1298 quando
1318 1253 1433 1282 non-

45 1309 151 1354 dum
173 1319 238 1354 est
258 1309 369 1354 illud
388 1310 596 1370 gaudium
618 1311 709 1355 sine
726 1310 816 1354 ulla
849 1309 1090 1353 tentatione
1122 1308 1430 1362 certissimum,

46 1380 168 1441 quod
188 1381 314 1425 nobis
336 1382 382 1425 in
403 1382 490 1425 fine
506 1391 647 1426 servat
668 1385 782 1426 Deus
799 1417 809 1436 ,
835 1381 927 1425 sine
945 1380 1080 1424 dubio
1108 1379 1334 1424 tribulatio
1352 1388 1429 1422 est.

46 1454 162 1509 Ergo
195 1451 489 1511 intelligamus
521 1463 564 1497 et
591 1453 720 1512 hujus
752 1451 1110 1505 tribulationem,
1137 1449 1314 1505 fratres,
1345 1469 1365 1491 «
1393 1451 1433 1494 Si

50 1539 69 1562 »
105 1521 387 1566 ambulavero
401 1523 445 1566 in
457 1522 602 1567 medio
619 1522 928 1576 tribulationis,
947 1521 1181 1566 vivificabis
1194 1536 1279 1564 me.
1297 1539 1317 1561 »
1337 1523 1433 1565 Non

47 1592 106 1636 sic
123 1591 210 1647 ait,
235 1602 442 1653 tanquam
464 1594 628 1638 diceret
644 1629 655 1649 ,
683 1594 725 1638 Si
746 1593 858 1638 forte
875 1594 1069 1637 evenerit
1085 1593 1191 1636 mihi
1208 1590 1434 1638 tribulatio

6 1674 13 1708 ἱ
48 1661 189 1722 aliqua
205 1662 442 1718 ,liberabis
459 1664 562 1708 inde
578 1679 662 1708 me.
699 1663 784 1709 Sed
806 1662 1057 1723 quomodo?
1088 1663 1131 1708 Si
1153 1662 1436 1707 ambulavero

50 1751 71 1775 »
103 1733 150 1776 in
171 1733 315 1778 medio
334 1734 625 1779 tribulationis
641 1770 651 1790 ,
677 1734 917 1779 vivificabis
951 1750 1021 1778 me
1049 1753 1058 1779 :
1087 1752 1106 1775 υ
1133 1733 1179 1778 id
1197 1743 1261 1777 est
1277 1769 1288 1788 ,
1314 1733 1436 1778 aliter

8 1819 16 1849 ;Ἰ
46 1818 135 1848 non
146 1803 384 1849 vivificabis
400 1820 470 1848 me
481 1840 492 1859 ,
513 1805 595 1849 nisi
610 1805 653 1848 in
668 1804 812 1848 medio
826 1804 1117 1848 tribulationis
1135 1804 1432 1849 ambulavero.

0 1910 1 1913 ,
50 1890 71 1917 ι(
107 1875 150 1919 Si
173 1875 454 1920 amb'ulavero
490 1876 536 1919 in
556 1875 703 1920 medio
734 1875 1027 1919 tribulationis
1047 1910 1058 1930 ‚
1089 1875 1325 1920 vivificabis
1346 1891 1432 1919 me.

0 1959 24 2040 ι,
50 1963 70 1987 n
104 1948 181 1989 Vae
203 1945 447 1991 ridentibus
468 1968 480 2003 3
507 1965 527 1988 »
555 1947 675 1991 Beati
697 1946 896 2006 lugentes
911 1948 944 1990 ².
976 1966 996 1988 «
1020 1946 1063 1991 Si
1088 1946 1369 1991 ambulavero
1390 1947 1436 1991 in

0 2030 24 2087 ·=
51 2033 71 2057 ι)
104 2015 249 2061 medio
275 2016 563 2061 tribulationis
581 2053 591 2072 ,
621 2017 860 2062 vivificabis
884 2033 969 2062 me.
998 2036 1018 2059 »

103 2089 228 2158 xyst.
272 2107 292 2129 «
329 2090 468 2148 Super
502 2089 611 2132 iram
649 2089 924 2133 inimicorum
967 2103 1165 2133 meorum
1208 2087 1438 2133 extend-isti

0 2181 3 2189 ·
53 2174 72 2198 »
104 2172 282 2202 manum
304 2167 442 2213 tuam,
470 2168 514 2203 et
535 2158 702 2203 salvum
725 2174 795 2203 me
818 2159 920 2204 fecit
937 2159 1110 2204 dextera
1133 2168 1223 2203 tua.
1251 2160 1439 2204 Saeviant

0 2252 4 2260 ·
50 2227 230 2283 inimici,
256 2228 364 2289 quid
397 2239 578 2288 possunt
608 2228 750 2274 facere
780 2230 968 2274 inimici?
990 2231 1224 2274 Pecuniam
1257 2229 1434 2285 tollere,

0 2312 4 2340 ι
50 2297 261 2358 expoliare
276 2334 287 2353 ,
327 2300 596 2359 proscribere
618 2335 628 2355 ,
668 2300 715 2344 in
750 2300 926 2344 exilium
957 2302 1129 2345 mittere
1149 2337 1159 2356 ,
1208 2300 1432 2345 doloribus

0 2393 6 2401 ·
50 2370 361 2429 tormentisque
378 2370 592 2428 cruciare3
613 2369 666 2414 ad
689 2379 972 2430 postremum,
995 2372 1027 2415 si
1045 2371 1239 2431 permissi
1255 2369 1434 2426 fuerint,

0 2473 3 2481 .
50 2446 92 2482 et
102 2439 297 2483 occidere
316 2459 324 2483 :
345 2440 562 2501 numquid
575 2440 870 2500 amplius9Tu
893 2451 1038 2486 autem
1062 2442 1281 2486 Domine«
1299 2444 1438 2500 Super

0 2524 4 2552 ι
54 2525 74 2549 »
105 2508 213 2552 iram
233 2510 508 2555 inimicorum
524 2507 730 2555 meorum
761 2512 989 2556 extendisti
1015 2527 1195 2556 manum
1223 2521 1344 2556 tuam
1372 2531 1381 2556 ε
1412 2529 1432 2552 »

96 2599 105 2615 ¹
128 2593 210 2627 Psal.
229 2606 316 2637 cxxv,
337 2596 371 2629 3.
387 2613 429 2619 —
449 2603 462 2619 ²
481 2598 560 2628 Luc.
580 2607 629 2635 w,
647 2604 685 2628 21
714 2599 749 2628 et
764 2596 819 2628 25.
