<?xml version="1.0" encoding="UTF-8"?>
<!DOCTYPE html PUBLIC "-//W3C//DTD XHTML 1.0 Transitional//EN"
    "http://www.w3.org/TR/xhtml1/DTD/xhtml1-transitional.dtd">
<html xmlns="http://www.w3.org/1999/xhtml" xml:lang="en" lang="en">
 <head>
  <title>
</title>
<meta http-equiv="Content-Type" content="text/html;charset=utf-8" />
  <meta name='ocr-system' content='tesseract 3.04.00' />
  <meta name='ocr-capabilities' content='ocr_page ocr_carea ocr_par ocr_line ocrx_word'/>
</head>
<body>
  <div class='ocr_page' id='page_1' title='image "./operaomniaaccura12auguuoft_0224.png"; bbox 0 0 1815 3253; ppageno 0'>
   <div class='ocr_carea' id='block_1_1' title="bbox 344 171 1264 213">
    <p class='ocr_par' dir='ltr' id='par_1_1' title="bbox 344 171 1264 213">
     <span class='ocr_line' id='line_1_1' title="bbox 344 171 1264 213; baseline 0.002 -3"><span class='ocrx_word' id='word_1_1' title='bbox 344 171 428 211; x_wconf 78' lang='lat'>214</span> <span class='ocrx_word' id='word_1_2' title='bbox 754 186 788 212; x_wconf 87' lang='lat' dir='ltr'>s.</span> <span class='ocrx_word' id='word_1_3' title='bbox 823 182 1051 212; x_wconf 67' lang='lat' dir='ltr'>Aucus-nm</span> <span class='ocrx_word' id='word_1_4' title='bbox 1081 185 1264 213; x_wconf 77' lang='lat' dir='ltr'>131³1scom</span> 
     </span>
    </p>
   </div>
   <div class='ocr_carea' id='block_1_2' title="bbox 323 243 1815 2177">
    <p class='ocr_par' dir='ltr' id='par_1_2' title="bbox 323 243 1815 2140">
     <span class='ocr_line' id='line_1_2' title="bbox 346 243 1775 308; baseline 0.004 -16"><span class='ocrx_word' id='word_1_5' title='bbox 346 264 497 308; x_wconf 82' lang='lat' dir='ltr'>gerens</span> <span class='ocrx_word' id='word_1_6' title='bbox 520 251 557 306; x_wconf 79' lang='lat'>13</span> <span class='ocrx_word' id='word_1_7' title='bbox 577 257 767 293; x_wconf 73' lang='lat' dir='ltr'>tentatus</span> <span class='ocrx_word' id='word_1_8' title='bbox 784 249 830 293; x_wconf 91' lang='lat' dir='ltr'>in</span> <span class='ocrx_word' id='word_1_9' title='bbox 847 250 993 294; x_wconf 87' lang='lat' dir='ltr'>multis</span> <span class='ocrx_word' id='word_1_10' title='bbox 1008 285 1019 305; x_wconf 95' lang='lat'>,</span> <span class='ocrx_word' id='word_1_11' title='bbox 1047 260 1089 295; x_wconf 88' lang='lat' dir='ltr'>et</span> <span class='ocrx_word' id='word_1_12' title='bbox 1111 252 1312 295; x_wconf 89' lang='lat' dir='ltr'>inventus</span> <span class='ocrx_word' id='word_1_13' title='bbox 1333 266 1487 296; x_wconf 81' lang='lat' dir='ltr'>aurum</span> <span class='ocrx_word' id='word_1_14' title='bbox 1508 251 1715 297; x_wconf 86' lang='lat' dir='ltr'>obrizum.</span> <span class='ocrx_word' id='word_1_15' title='bbox 1770 243 1775 259; x_wconf 32' lang='grc' dir='ltr'>λ</span> 
     </span>
     <span class='ocr_line' id='line_1_3' title="bbox 345 320 1719 381; baseline 0.003 -19"><span class='ocrx_word' id='word_1_16' title='bbox 345 323 483 372; x_wconf 86' lang='lat' dir='ltr'>Quam</span> <span class='ocrx_word' id='word_1_17' title='bbox 509 320 680 379; x_wconf 89' lang='lat' dir='ltr'>quietus</span> <span class='ocrx_word' id='word_1_18' title='bbox 700 329 805 371; x_wconf 82' lang='lat' dir='ltr'>erat,</span> <span class='ocrx_word' id='word_1_19' title='bbox 822 321 895 380; x_wconf 87' lang='lat' dir='ltr'>qui</span> <span class='ocrx_word' id='word_1_20' title='bbox 919 329 961 364; x_wconf 87' lang='lat' dir='ltr'>et</span> <span class='ocrx_word' id='word_1_21' title='bbox 982 320 1094 365; x_wconf 89' lang='lat' dir='ltr'>inter</span> <span class='ocrx_word' id='word_1_22' title='bbox 1113 321 1259 366; x_wconf 86' lang='lat' dir='ltr'>leones</span> <span class='ocrx_word' id='word_1_23' title='bbox 1277 336 1451 366; x_wconf 83' lang='lat' dir='ltr'>securus</span> <span class='ocrx_word' id='word_1_24' title='bbox 1472 323 1590 366; x_wconf 76' lang='lat' dir='ltr'>erat?</span> <span class='ocrx_word' id='word_1_25' title='bbox 1606 325 1719 381; x_wconf 83' lang='lat' dir='ltr'>Ergo</span> 
     </span>
     <span class='ocr_line' id='line_1_4' title="bbox 342 389 1720 451; baseline 0.004 -18"><span class='ocrx_word' id='word_1_26' title='bbox 342 391 387 434; x_wconf 89' lang='lat' dir='ltr'>in</span> <span class='ocrx_word' id='word_1_27' title='bbox 410 391 586 434; x_wconf 88' lang='lat' dir='ltr'>nomine</span> <span class='ocrx_word' id='word_1_28' title='bbox 609 389 815 444; x_wconf 78' lang='lat' dir='ltr'>Danielis,</span> <span class='ocrx_word' id='word_1_29' title='bbox 841 391 916 451; x_wconf 90' lang='lat' dir='ltr'>qui</span> <span class='ocrx_word' id='word_1_30' title='bbox 939 391 1068 435; x_wconf 87' lang='lat' dir='ltr'>etiam</span> <span class='ocrx_word' id='word_1_31' title='bbox 1093 409 1113 434; x_wconf 91' lang='lat'>«</span> <span class='ocrx_word' id='word_1_32' title='bbox 1137 393 1214 435; x_wconf 86' lang='lat' dir='ltr'>Vir</span> <span class='ocrx_word' id='word_1_33' title='bbox 1234 391 1544 436; x_wconf 83' lang='lat' dir='ltr'>desideriorum</span> <span class='ocrx_word' id='word_1_34' title='bbox 1566 395 1583 419; x_wconf 80' lang='lat'><strong>2</strong></span> <span class='ocrx_word' id='word_1_35' title='bbox 1608 409 1628 433; x_wconf 72' lang='lat'>&gt;2</span> <span class='ocrx_word' id='word_1_36' title='bbox 1658 401 1720 438; x_wconf 86' lang='lat' dir='ltr'>est</span> 
     </span>
     <span class='ocr_line' id='line_1_5' title="bbox 343 460 1775 522; baseline 0.002 -18"><span class='ocrx_word' id='word_1_37' title='bbox 343 460 598 520; x_wconf 87' lang='lat' dir='ltr'>appellatus,</span> <span class='ocrx_word' id='word_1_38' title='bbox 624 462 699 505; x_wconf 90' lang='lat' dir='ltr'>sed</span> <span class='ocrx_word' id='word_1_39' title='bbox 721 462 873 521; x_wconf 87' lang='lat' dir='ltr'>utique</span> <span class='ocrx_word' id='word_1_40' title='bbox 895 470 1109 505; x_wconf 83' lang='lat' dir='ltr'>castorum</span> <span class='ocrx_word' id='word_1_41' title='bbox 1126 471 1256 522; x_wconf 88' lang='lat' dir='ltr'>atque</span> <span class='ocrx_word' id='word_1_42' title='bbox 1277 471 1541 516; x_wconf 85' lang='lat' dir='ltr'>sanctorum,</span> <span class='ocrx_word' id='word_1_43' title='bbox 1558 461 1719 520; x_wconf 80' lang='lat' dir='ltr'>signifi·</span> <span class='ocrx_word' id='word_1_44' title='bbox 1768 464 1775 514; x_wconf 63' lang='grc' dir='ltr'>,ἰ</span> 
     </span>
     <span class='ocr_line' id='line_1_6' title="bbox 343 530 1770 591; baseline 0.001 -16"><span class='ocrx_word' id='word_1_45' title='bbox 343 540 498 576; x_wconf 86' lang='lat' dir='ltr'>cantur</span> <span class='ocrx_word' id='word_1_46' title='bbox 518 531 628 575; x_wconf 88' lang='lat' dir='ltr'>servi</span> <span class='ocrx_word' id='word_1_47' title='bbox 651 530 751 586; x_wconf 88' lang='lat' dir='ltr'>Dei,</span> <span class='ocrx_word' id='word_1_48' title='bbox 782 531 837 574; x_wconf 89' lang='lat' dir='ltr'>de</span> <span class='ocrx_word' id='word_1_49' title='bbox 858 531 1015 591; x_wconf 84' lang='lat' dir='ltr'>quibus</span> <span class='ocrx_word' id='word_1_50' title='bbox 1044 530 1203 575; x_wconf 87' lang='lat' dir='ltr'>dicitur</span> <span class='ocrx_word' id='word_1_51' title='bbox 1229 551 1239 576; x_wconf 90' lang='lat'>:</span> <span class='ocrx_word' id='word_1_52' title='bbox 1278 551 1298 574; x_wconf 87' lang='lat'>«</span> <span class='ocrx_word' id='word_1_53' title='bbox 1332 533 1446 576; x_wconf 87' lang='lat' dir='ltr'>Ecce</span> <span class='ocrx_word' id='word_1_54' title='bbox 1474 547 1607 591; x_wconf 86' lang='lat' dir='ltr'>quam</span> <span class='ocrx_word' id='word_1_55' title='bbox 1637 532 1717 577; x_wconf 90' lang='lat' dir='ltr'>bo-</span> <span class='ocrx_word' id='word_1_56' title='bbox 1768 583 1770 588; x_wconf 72' lang='lat'>,</span> 
     </span>
     <span class='ocr_line' id='line_1_7' title="bbox 347 601 1716 661; baseline 0.001 -17"><span class='ocrx_word' id='word_1_57' title='bbox 347 620 368 644; x_wconf 86' lang='lat'>&gt;›</span> <span class='ocrx_word' id='word_1_58' title='bbox 403 617 510 645; x_wconf 92' lang='lat' dir='ltr'>num</span> <span class='ocrx_word' id='word_1_59' title='bbox 534 610 578 644; x_wconf 89' lang='lat' dir='ltr'>et</span> <span class='ocrx_word' id='word_1_60' title='bbox 604 617 734 661; x_wconf 86' lang='lat' dir='ltr'>quam</span> <span class='ocrx_word' id='word_1_61' title='bbox 753 601 1000 661; x_wconf 82' lang='lat' dir='ltr'>jucundum</span> <span class='ocrx_word' id='word_1_62' title='bbox 1027 601 1224 646; x_wconf 84' lang='lat' dir='ltr'>habitare</span> <span class='ocrx_word' id='word_1_63' title='bbox 1252 601 1405 646; x_wconf 84' lang='lat' dir='ltr'>fratres</span> <span class='ocrx_word' id='word_1_64' title='bbox 1437 602 1484 646; x_wconf 90' lang='lat' dir='ltr'>in</span> <span class='ocrx_word' id='word_1_65' title='bbox 1515 617 1669 646; x_wconf 89' lang='lat' dir='ltr'>unum.</span> <span class='ocrx_word' id='word_1_66' title='bbox 1696 614 1716 645; x_wconf 73' lang='lat'>&#39;&gt;›</span> 
     </span>
     <span class='ocr_line' id='line_1_8' title="bbox 344 671 1720 732; baseline 0.001 -15"><span class='ocrx_word' id='word_1_67' title='bbox 344 676 396 717; x_wconf 89' lang='lat' dir='ltr'>In</span> <span class='ocrx_word' id='word_1_68' title='bbox 416 673 592 717; x_wconf 85' lang='lat' dir='ltr'>nomine</span> <span class='ocrx_word' id='word_1_69' title='bbox 617 673 702 716; x_wconf 85' lang='lat' dir='ltr'>Job</span> <span class='ocrx_word' id='word_1_70' title='bbox 729 673 996 731; x_wconf 82' lang='lat' dir='ltr'>significatur</span> <span class='ocrx_word' id='word_1_71' title='bbox 1021 687 1109 716; x_wconf 82' lang='lat' dir='ltr'>una</span> <span class='ocrx_word' id='word_1_72' title='bbox 1133 671 1206 717; x_wconf 82' lang='lat' dir='ltr'>illa</span> <span class='ocrx_word' id='word_1_73' title='bbox 1238 672 1293 716; x_wconf 90' lang='lat' dir='ltr'>dc</span> <span class='ocrx_word' id='word_1_74' title='bbox 1319 672 1592 726; x_wconf 89' lang='lat' dir='ltr'>molendino,</span> <span class='ocrx_word' id='word_1_75' title='bbox 1623 687 1720 732; x_wconf 87' lang='lat' dir='ltr'>quae</span> 
     </span>
     <span class='ocr_line' id='line_1_9' title="bbox 342 741 1736 797; baseline 0.001 -9"><span class='ocrx_word' id='word_1_76' title='bbox 342 755 595 788; x_wconf 82' lang='lat' dir='ltr'><strong>assumetur.</strong></span> <span class='ocrx_word' id='word_1_77' title='bbox 618 743 816 787; x_wconf 83' lang='lat' dir='ltr'>Habebat</span> <span class='ocrx_word' id='word_1_78' title='bbox 832 743 947 786; x_wconf 90' lang='lat' dir='ltr'>enim</span> <span class='ocrx_word' id='word_1_79' title='bbox 964 758 1159 797; x_wconf 80' lang='lat' dir='ltr'>uxorem,</span> <span class='ocrx_word' id='word_1_80' title='bbox 1182 742 1374 786; x_wconf 81' lang='lat' dir='ltr'>habebat</span> <span class='ocrx_word' id='word_1_81' title='bbox 1387 741 1512 797; x_wconf 90' lang='lat' dir='ltr'>filios,</span> <span class='ocrx_word' id='word_1_82' title='bbox 1532 743 1736 789; x_wconf 48' lang='lat' dir='ltr'>habebat*</span> 
     </span>
     <span class='ocr_line' id='line_1_10' title="bbox 340 813 1766 878; baseline 0 -20"><span class='ocrx_word' id='word_1_83' title='bbox 340 815 499 858; x_wconf 87' lang='lat' dir='ltr'>multas</span> <span class='ocrx_word' id='word_1_84' title='bbox 519 814 688 858; x_wconf 88' lang='lat' dir='ltr'>divitias</span> <span class='ocrx_word' id='word_1_85' title='bbox 711 816 754 871; x_wconf 79' lang='lat'>33</span> <span class='ocrx_word' id='word_1_86' title='bbox 778 823 821 858; x_wconf 88' lang='lat' dir='ltr'>et</span> <span class='ocrx_word' id='word_1_87' title='bbox 842 823 933 870; x_wconf 81' lang='lat' dir='ltr'>tam</span> <span class='ocrx_word' id='word_1_88' title='bbox 964 814 1100 858; x_wconf 84' lang='lat' dir='ltr'>multa</span> <span class='ocrx_word' id='word_1_89' title='bbox 1129 814 1321 858; x_wconf 83' lang='lat' dir='ltr'>habebat</span> <span class='ocrx_word' id='word_1_90' title='bbox 1348 814 1393 857; x_wconf 88' lang='lat' dir='ltr'>in</span> <span class='ocrx_word' id='word_1_91' title='bbox 1420 814 1503 858; x_wconf 88' lang='lat' dir='ltr'>isto</span> <span class='ocrx_word' id='word_1_92' title='bbox 1533 813 1716 870; x_wconf 80' lang='lat' dir='ltr'>saeculo,</span> <span class='ocrx_word' id='word_1_93' title='bbox 1764 872 1766 878; x_wconf 91' lang='lat'>.</span> 
     </span>
     <span class='ocr_line' id='line_1_11' title="bbox 341 883 1718 944; baseline 0.001 -16"><span class='ocrx_word' id='word_1_94' title='bbox 341 894 391 928; x_wconf 95' lang='lat' dir='ltr'>ut</span> <span class='ocrx_word' id='word_1_95' title='bbox 413 883 613 928; x_wconf 87' lang='lat' dir='ltr'>diabolus</span> <span class='ocrx_word' id='word_1_96' title='bbox 635 885 718 929; x_wconf 91' lang='lat' dir='ltr'>hoc</span> <span class='ocrx_word' id='word_1_97' title='bbox 740 885 778 928; x_wconf 93' lang='lat' dir='ltr'>ei</span> <span class='ocrx_word' id='word_1_98' title='bbox 800 885 1020 944; x_wconf 76' lang='lat' dir='ltr'>objiceret,</span> <span class='ocrx_word' id='word_1_99' title='bbox 1046 884 1148 944; x_wconf 90' lang='lat' dir='ltr'>quia</span> <span class='ocrx_word' id='word_1_100' title='bbox 1170 899 1259 929; x_wconf 89' lang='lat' dir='ltr'>non</span> <span class='ocrx_word' id='word_1_101' title='bbox 1276 884 1422 942; x_wconf 84' lang='lat' dir='ltr'>gratis,</span> <span class='ocrx_word' id='word_1_102' title='bbox 1447 883 1522 927; x_wconf 88' lang='lat' dir='ltr'>sed</span> <span class='ocrx_word' id='word_1_103' title='bbox 1543 893 1718 942; x_wconf 77' lang='lat' dir='ltr'>propter</span> 
     </span>
     <span class='ocr_line' id='line_1_12' title="bbox 338 951 1718 1015; baseline 0 -17"><span class='ocrx_word' id='word_1_104' title='bbox 338 970 388 998; x_wconf 89' lang='lat' dir='ltr'>ea</span> <span class='ocrx_word' id='word_1_105' title='bbox 409 971 508 1015; x_wconf 80' lang='lat' dir='ltr'>quae</span> <span class='ocrx_word' id='word_1_106' title='bbox 530 964 775 1014; x_wconf 78' lang='lat' dir='ltr'>acceperat,</span> <span class='ocrx_word' id='word_1_107' title='bbox 797 951 967 999; x_wconf 83' lang='lat' dir='ltr'>colebat</span> <span class='ocrx_word' id='word_1_108' title='bbox 985 958 1140 998; x_wconf 88' lang='lat' dir='ltr'>Deum.</span> <span class='ocrx_word' id='word_1_109' title='bbox 1167 957 1259 998; x_wconf 89' lang='lat' dir='ltr'>Hoc</span> <span class='ocrx_word' id='word_1_110' title='bbox 1276 954 1438 1014; x_wconf 83' lang='lat' dir='ltr'>objecit</span> <span class='ocrx_word' id='word_1_111' title='bbox 1455 953 1718 998; x_wconf 80' lang='lat' dir='ltr'>adversarius</span> 
     </span>
     <span class='ocr_line' id='line_1_13' title="bbox 338 1022 1815 1083; baseline 0 -15"><span class='ocrx_word' id='word_1_112' title='bbox 338 1034 487 1069; x_wconf 87' lang='lat' dir='ltr'>sancto</span> <span class='ocrx_word' id='word_1_113' title='bbox 510 1025 603 1069; x_wconf 81' lang='lat' dir='ltr'>viro</span> <span class='ocrx_word' id='word_1_114' title='bbox 630 1044 638 1070; x_wconf 93' lang='lat'><strong>:</strong></span> <span class='ocrx_word' id='word_1_115' title='bbox 663 1025 772 1069; x_wconf 82' lang='lat' dir='ltr'>etin</span> <span class='ocrx_word' id='word_1_116' title='bbox 804 1025 1115 1069; x_wconf 74' lang='lat' dir='ltr'>tentationibus</span> <span class='ocrx_word' id='word_1_117' title='bbox 1142 1024 1228 1067; x_wconf 89' lang='lat' dir='ltr'>suis</span> <span class='ocrx_word' id='word_1_118' title='bbox 1256 1024 1465 1083; x_wconf 79' lang='lat' dir='ltr'>probatus</span> <span class='ocrx_word' id='word_1_119' title='bbox 1493 1032 1557 1067; x_wconf 91' lang='lat' dir='ltr'>est</span> <span class='ocrx_word' id='word_1_120' title='bbox 1587 1039 1719 1083; x_wconf 87' lang='lat' dir='ltr'>quam</span> <span class='ocrx_word' id='word_1_121' title='bbox 1764 1022 1766 1027; x_wconf 71' lang='grc'>’</span> <span class='ocrx_word' id='word_1_122' title='bbox 1812 1062 1815 1072; x_wconf 84' lang='grc'><strong>,</strong></span> 
     </span>
     <span class='ocr_line' id='line_1_14' title="bbox 336 1094 1771 1156; baseline 0.001 -17"><span class='ocrx_word' id='word_1_123' title='bbox 336 1096 466 1154; x_wconf 82' lang='lat' dir='ltr'>gratis</span> <span class='ocrx_word' id='word_1_124' title='bbox 483 1096 568 1140; x_wconf 85' lang='lat' dir='ltr'>Job</span> <span class='ocrx_word' id='word_1_125' title='bbox 590 1095 752 1140; x_wconf 85' lang='lat' dir='ltr'>coleret</span> <span class='ocrx_word' id='word_1_126' title='bbox 772 1099 932 1151; x_wconf 87' lang='lat' dir='ltr'>Deum,</span> <span class='ocrx_word' id='word_1_127' title='bbox 953 1105 996 1140; x_wconf 87' lang='lat' dir='ltr'>et</span> <span class='ocrx_word' id='word_1_128' title='bbox 1017 1112 1106 1140; x_wconf 89' lang='lat' dir='ltr'>non</span> <span class='ocrx_word' id='word_1_129' title='bbox 1127 1104 1305 1155; x_wconf 82' lang='lat' dir='ltr'>propter</span> <span class='ocrx_word' id='word_1_130' title='bbox 1325 1094 1399 1139; x_wconf 84' lang='lat' dir='ltr'>illa</span> <span class='ocrx_word' id='word_1_131' title='bbox 1420 1111 1520 1155; x_wconf 87' lang='lat' dir='ltr'>quae</span> <span class='ocrx_word' id='word_1_132' title='bbox 1543 1111 1718 1155; x_wconf 82' lang='lat' dir='ltr'>accepe-</span> <span class='ocrx_word' id='word_1_133' title='bbox 1768 1149 1771 1156; x_wconf 22' lang='grc' dir='ltr'><strong>μ</strong></span> 
     </span>
     <span class='ocr_line' id='line_1_15' title="bbox 339 1161 1810 1227; baseline 0.003 -17"><span class='ocrx_word' id='word_1_134' title='bbox 339 1175 404 1210; x_wconf 84' lang='lat' dir='ltr'>rat</span> <span class='ocrx_word' id='word_1_135' title='bbox 423 1166 497 1210; x_wconf 88' lang='lat' dir='ltr'>sed</span> <span class='ocrx_word' id='word_1_136' title='bbox 519 1175 695 1226; x_wconf 83' lang='lat' dir='ltr'>propter</span> <span class='ocrx_word' id='word_1_137' title='bbox 712 1181 812 1210; x_wconf 85' lang='lat' dir='ltr'>eum</span> <span class='ocrx_word' id='word_1_138' title='bbox 835 1167 911 1227; x_wconf 90' lang='lat' dir='ltr'>qui</span> <span class='ocrx_word' id='word_1_139' title='bbox 937 1166 1131 1211; x_wconf 82' lang='lat' dir='ltr'>dederat.</span> <span class='ocrx_word' id='word_1_140' title='bbox 1153 1166 1328 1211; x_wconf 84' lang='lat' dir='ltr'><strong>Amissis</strong></span> <span class='ocrx_word' id='word_1_141' title='bbox 1350 1166 1497 1226; x_wconf 87' lang='lat' dir='ltr'>itaque</span> <span class='ocrx_word' id='word_1_142' title='bbox 1517 1166 1718 1211; x_wconf 84' lang='lat' dir='ltr'>omnibus</span> <span class='ocrx_word' id='word_1_143' title='bbox 1762 1161 1769 1226; x_wconf 45' lang='grc' dir='ltr'><strong>ἦ</strong></span> <span class='ocrx_word' id='word_1_144' title='bbox 1805 1203 1810 1214; x_wconf 38' lang='lat' dir='ltr'>t</span> 
     </span>
     <span class='ocr_line' id='line_1_16' title="bbox 338 1230 1814 1296; baseline 0.001 -17"><span class='ocrx_word' id='word_1_145' title='bbox 338 1237 564 1296; x_wconf 87' lang='lat' dir='ltr'>repentina</span> <span class='ocrx_word' id='word_1_146' title='bbox 604 1236 838 1281; x_wconf 84' lang='lat' dir='ltr'>afflictione</span> <span class='ocrx_word' id='word_1_147' title='bbox 881 1246 924 1280; x_wconf 88' lang='lat' dir='ltr'>et</span> <span class='ocrx_word' id='word_1_148' title='bbox 959 1237 1198 1281; x_wconf 84' lang='lat' dir='ltr'>tentatione</span> <span class='ocrx_word' id='word_1_149' title='bbox 1215 1272 1226 1291; x_wconf 96' lang='lat'>,</span> <span class='ocrx_word' id='word_1_150' title='bbox 1262 1236 1410 1280; x_wconf 81' lang='lat' dir='ltr'>amissa</span> <span class='ocrx_word' id='word_1_151' title='bbox 1436 1237 1714 1292; x_wconf 78' lang='lat' dir='ltr'>haereditate,</span> <span class='ocrx_word' id='word_1_152' title='bbox 1762 1230 1766 1289; x_wconf 67' lang='lat'>³3</span> <span class='ocrx_word' id='word_1_153' title='bbox 1809 1231 1814 1239; x_wconf 40' lang='lat'>¹</span> 
     </span>
     <span class='ocr_line' id='line_1_17' title="bbox 339 1306 1763 1367; baseline 0 -17"><span class='ocrx_word' id='word_1_154' title='bbox 339 1307 500 1350; x_wconf 87' lang='lat' dir='ltr'>amissis</span> <span class='ocrx_word' id='word_1_155' title='bbox 516 1306 788 1362; x_wconf 79' lang='lat' dir='ltr'>haeredibus,</span> <span class='ocrx_word' id='word_1_156' title='bbox 814 1307 903 1351; x_wconf 86' lang='lat' dir='ltr'>sola</span> <span class='ocrx_word' id='word_1_157' title='bbox 925 1308 1111 1367; x_wconf 81' lang='lat' dir='ltr'>conjuge</span> <span class='ocrx_word' id='word_1_158' title='bbox 1135 1307 1216 1351; x_wconf 89' lang='lat' dir='ltr'>sibi</span> <span class='ocrx_word' id='word_1_159' title='bbox 1233 1306 1397 1361; x_wconf 78' lang='lat' dir='ltr'>relicta,</span> <span class='ocrx_word' id='word_1_160' title='bbox 1423 1322 1511 1351; x_wconf 90' lang='lat' dir='ltr'>non</span> <span class='ocrx_word' id='word_1_161' title='bbox 1535 1306 1589 1350; x_wconf 85' lang='lat' dir='ltr'>ad</span> <span class='ocrx_word' id='word_1_162' title='bbox 1610 1321 1718 1350; x_wconf 91' lang='lat' dir='ltr'>con-</span> <span class='ocrx_word' id='word_1_163' title='bbox 1761 1363 1763 1367; x_wconf 15' lang='lat'><strong>¹</strong></span> 
     </span>
     <span class='ocr_line' id='line_1_18' title="bbox 332 1376 1718 1437; baseline 0.001 -16"><span class='ocrx_word' id='word_1_164' title='bbox 332 1376 604 1432; x_wconf 76' lang='lat' dir='ltr'>solationem,</span> <span class='ocrx_word' id='word_1_165' title='bbox 629 1377 705 1421; x_wconf 90' lang='lat' dir='ltr'>sed</span> <span class='ocrx_word' id='word_1_166' title='bbox 726 1378 781 1421; x_wconf 85' lang='lat' dir='ltr'>ad</span> <span class='ocrx_word' id='word_1_167' title='bbox 803 1377 1086 1421; x_wconf 86' lang='lat' dir='ltr'>tentationem</span> <span class='ocrx_word' id='word_1_168' title='bbox 1102 1412 1113 1431; x_wconf 95' lang='lat'>,</span> <span class='ocrx_word' id='word_1_169' title='bbox 1138 1378 1198 1421; x_wconf 89' lang='lat' dir='ltr'>ait</span> <span class='ocrx_word' id='word_1_170' title='bbox 1219 1377 1339 1437; x_wconf 87' lang='lat' dir='ltr'>quod</span> <span class='ocrx_word' id='word_1_171' title='bbox 1364 1377 1519 1420; x_wconf 85' lang='lat' dir='ltr'>nostris</span> <span class='ocrx_word' id='word_1_172' title='bbox 1545 1395 1554 1421; x_wconf 89' lang='lat'>:</span> <span class='ocrx_word' id='word_1_173' title='bbox 1584 1395 1604 1418; x_wconf 89' lang='lat'>«</span> <span class='ocrx_word' id='word_1_174' title='bbox 1629 1379 1718 1423; x_wconf 88' lang='lat' dir='ltr'>Do-</span> 
     </span>
     <span class='ocr_line' id='line_1_19' title="bbox 335 1447 1783 1506; baseline 0.001 -16"><span class='ocrx_word' id='word_1_175' title='bbox 335 1466 355 1489; x_wconf 83' lang='lat'>»</span> <span class='ocrx_word' id='word_1_176' title='bbox 390 1448 534 1492; x_wconf 92' lang='lat' dir='ltr'>minus</span> <span class='ocrx_word' id='word_1_177' title='bbox 558 1448 678 1492; x_wconf 91' lang='lat' dir='ltr'>dedit</span> <span class='ocrx_word' id='word_1_178' title='bbox 694 1483 705 1503; x_wconf 92' lang='lat'>,</span> <span class='ocrx_word' id='word_1_179' title='bbox 731 1448 940 1492; x_wconf 91' lang='lat' dir='ltr'>Dominus</span> <span class='ocrx_word' id='word_1_180' title='bbox 964 1447 1166 1504; x_wconf 72' lang='lat' dir='ltr'>abstulit,</span> <span class='ocrx_word' id='word_1_181' title='bbox 1185 1448 1297 1492; x_wconf 85' lang='lat' dir='ltr'>sicut</span> <span class='ocrx_word' id='word_1_182' title='bbox 1318 1448 1504 1492; x_wconf 89' lang='lat' dir='ltr'>Domino</span> <span class='ocrx_word' id='word_1_183' title='bbox 1527 1447 1713 1506; x_wconf 79' lang='lat' dir='ltr'>placuit,</span> <span class='ocrx_word' id='word_1_184' title='bbox 1760 1453 1761 1456; x_wconf 74' lang='grc'>’</span> <span class='ocrx_word' id='word_1_185' title='bbox 1782 1503 1783 1506; x_wconf 12' lang='lat'>¹</span> 
     </span>
     <span class='ocr_line' id='line_1_20' title="bbox 337 1518 1787 1563; baseline 0.001 -2"><span class='ocrx_word' id='word_1_186' title='bbox 337 1535 358 1560; x_wconf 63' lang='lat'>³)</span> <span class='ocrx_word' id='word_1_187' title='bbox 392 1519 451 1562; x_wconf 89' lang='lat' dir='ltr'>ita</span> <span class='ocrx_word' id='word_1_188' title='bbox 471 1519 636 1562; x_wconf 82' lang='lat' dir='ltr'>factum</span> <span class='ocrx_word' id='word_1_189' title='bbox 659 1527 722 1562; x_wconf 82' lang='lat' dir='ltr'>est</span> <span class='ocrx_word' id='word_1_190' title='bbox 747 1537 756 1563; x_wconf 78' lang='lat' dir='ltr'>z</span> <span class='ocrx_word' id='word_1_191' title='bbox 781 1519 835 1562; x_wconf 91' lang='lat' dir='ltr'>sit</span> <span class='ocrx_word' id='word_1_192' title='bbox 858 1534 1018 1563; x_wconf 90' lang='lat' dir='ltr'>nomen</span> <span class='ocrx_word' id='word_1_193' title='bbox 1036 1519 1209 1563; x_wconf 91' lang='lat' dir='ltr'>Domini</span> <span class='ocrx_word' id='word_1_194' title='bbox 1235 1518 1511 1562; x_wconf 85' lang='lat' dir='ltr'>benedictum</span> <span class='ocrx_word' id='word_1_195' title='bbox 1527 1519 1558 1561; x_wconf 82' lang='lat'>4.</span> <span class='ocrx_word' id='word_1_196' title='bbox 1583 1535 1602 1559; x_wconf 88' lang='lat'>»</span> <span class='ocrx_word' id='word_1_197' title='bbox 1628 1521 1716 1562; x_wconf 83' lang='lat' dir='ltr'>Im—</span> <span class='ocrx_word' id='word_1_198' title='bbox 1758 1525 1787 1558; x_wconf 51' lang='grc' dir='ltr'><strong><em>Ν</em></strong></span> 
     </span>
     <span class='ocr_line' id='line_1_21' title="bbox 331 1589 1787 1649; baseline -0.001 -17"><span class='ocrx_word' id='word_1_199' title='bbox 331 1589 496 1648; x_wconf 89' lang='lat' dir='ltr'>pletum</span> <span class='ocrx_word' id='word_1_200' title='bbox 522 1599 585 1633; x_wconf 89' lang='lat' dir='ltr'>est</span> <span class='ocrx_word' id='word_1_201' title='bbox 606 1590 653 1633; x_wconf 89' lang='lat' dir='ltr'>in</span> <span class='ocrx_word' id='word_1_202' title='bbox 681 1589 879 1649; x_wconf 83' lang='lat' dir='ltr'>eoquod</span> <span class='ocrx_word' id='word_1_203' title='bbox 906 1589 1102 1649; x_wconf 90' lang='lat' dir='ltr'>quotidie</span> <span class='ocrx_word' id='word_1_204' title='bbox 1123 1598 1369 1644; x_wconf 88' lang='lat' dir='ltr'>cantamus,</span> <span class='ocrx_word' id='word_1_205' title='bbox 1397 1589 1432 1632; x_wconf 92' lang='lat' dir='ltr'>si</span> <span class='ocrx_word' id='word_1_206' title='bbox 1453 1598 1497 1633; x_wconf 89' lang='lat' dir='ltr'>et</span> <span class='ocrx_word' id='word_1_207' title='bbox 1525 1589 1716 1633; x_wconf 82' lang='lat' dir='ltr'>moribus</span> <span class='ocrx_word' id='word_1_208' title='bbox 1756 1613 1758 1618; x_wconf 87' lang='lat'><em>·</em></span> <span class='ocrx_word' id='word_1_209' title='bbox 1785 1611 1787 1630; x_wconf 57' lang='lat' dir='ltr'><em>a</em></span> 
     </span>
     <span class='ocr_line' id='line_1_22' title="bbox 329 1659 1759 1718; baseline 0.001 -14"><span class='ocrx_word' id='word_1_210' title='bbox 329 1666 616 1704; x_wconf 80' lang='lat' dir='ltr'>consonemus</span> <span class='ocrx_word' id='word_1_211' title='bbox 644 1679 653 1704; x_wconf 75' lang='grc' dir='ltr'>ε</span> <span class='ocrx_word' id='word_1_212' title='bbox 682 1679 703 1702; x_wconf 93' lang='lat'>«</span> <span class='ocrx_word' id='word_1_213' title='bbox 728 1659 986 1704; x_wconf 87' lang='lat' dir='ltr'>Benedicam</span> <span class='ocrx_word' id='word_1_214' title='bbox 1010 1660 1245 1704; x_wconf 86' lang='lat' dir='ltr'>Dominum</span> <span class='ocrx_word' id='word_1_215' title='bbox 1274 1660 1320 1703; x_wconf 92' lang='lat' dir='ltr'>in</span> <span class='ocrx_word' id='word_1_216' title='bbox 1349 1659 1468 1704; x_wconf 91' lang='lat' dir='ltr'>omni</span> <span class='ocrx_word' id='word_1_217' title='bbox 1495 1668 1710 1718; x_wconf 82' lang='lat' dir='ltr'>tempore,</span> <span class='ocrx_word' id='word_1_218' title='bbox 1755 1696 1759 1706; x_wconf 76' lang='grc'><em>,</em></span> 
     </span>
     <span class='ocr_line' id='line_1_23' title="bbox 330 1729 1787 1790; baseline 0.002 -19"><span class='ocrx_word' id='word_1_219' title='bbox 330 1747 351 1771; x_wconf 89' lang='lat'>»</span> <span class='ocrx_word' id='word_1_220' title='bbox 386 1745 556 1789; x_wconf 80' lang='lat' dir='ltr'>semper</span> <span class='ocrx_word' id='word_1_221' title='bbox 576 1730 670 1774; x_wconf 87' lang='lat' dir='ltr'>laus</span> <span class='ocrx_word' id='word_1_222' title='bbox 694 1731 785 1790; x_wconf 83' lang='lat' dir='ltr'>ejus</span> <span class='ocrx_word' id='word_1_223' title='bbox 805 1730 851 1774; x_wconf 93' lang='lat' dir='ltr'>in</span> <span class='ocrx_word' id='word_1_224' title='bbox 883 1745 956 1774; x_wconf 86' lang='lat' dir='ltr'>ore</span> <span class='ocrx_word' id='word_1_225' title='bbox 984 1745 1084 1775; x_wconf 91' lang='lat' dir='ltr'>meo</span> <span class='ocrx_word' id='word_1_226' title='bbox 1115 1732 1147 1774; x_wconf 85' lang='lat'>⁵.</span> <span class='ocrx_word' id='word_1_227' title='bbox 1185 1749 1206 1772; x_wconf 87' lang='lat'>»</span> <span class='ocrx_word' id='word_1_228' title='bbox 1241 1733 1358 1789; x_wconf 83' lang='lat' dir='ltr'>Ergo</span> <span class='ocrx_word' id='word_1_229' title='bbox 1384 1730 1430 1773; x_wconf 90' lang='lat' dir='ltr'>in</span> <span class='ocrx_word' id='word_1_230' title='bbox 1457 1729 1546 1774; x_wconf 89' lang='lat' dir='ltr'>istis</span> <span class='ocrx_word' id='word_1_231' title='bbox 1576 1730 1713 1774; x_wconf 84' lang='lat' dir='ltr'>tribus</span> <span class='ocrx_word' id='word_1_232' title='bbox 1754 1730 1787 1771; x_wconf 47' lang='grc' dir='ltr'>,Α</span> 
     </span>
     <span class='ocr_line' id='line_1_24' title="bbox 323 1800 1788 1871; baseline 0 -27"><span class='ocrx_word' id='word_1_233' title='bbox 323 1801 574 1844; x_wconf 84' lang='lat' dir='ltr'>nominibus</span> <span class='ocrx_word' id='word_1_234' title='bbox 607 1801 844 1859; x_wconf 84' lang='lat' dir='ltr'>significata</span> <span class='ocrx_word' id='word_1_235' title='bbox 874 1804 977 1845; x_wconf 88' lang='lat' dir='ltr'>sunt</span> <span class='ocrx_word' id='word_1_236' title='bbox 1007 1801 1088 1845; x_wconf 86' lang='lat' dir='ltr'>tria</span> <span class='ocrx_word' id='word_1_237' title='bbox 1124 1816 1279 1859; x_wconf 87' lang='lat' dir='ltr'>genera</span> <span class='ocrx_word' id='word_1_238' title='bbox 1311 1801 1561 1855; x_wconf 90' lang='lat' dir='ltr'>hominum,</span> <span class='ocrx_word' id='word_1_239' title='bbox 1593 1809 1638 1844; x_wconf 88' lang='lat' dir='ltr'>et</span> <span class='ocrx_word' id='word_1_240' title='bbox 1667 1800 1713 1846; x_wconf 85' lang='lat' dir='ltr'>in</span> <span class='ocrx_word' id='word_1_241' title='bbox 1770 1807 1788 1871; x_wconf 37' lang='grc' dir='ltr'>’ἵ</span> 
     </span>
     <span class='ocr_line' id='line_1_25' title="bbox 323 1870 1581 1931; baseline 0.001 -17"><span class='ocrx_word' id='word_1_242' title='bbox 323 1870 407 1914; x_wconf 87' lang='lat' dir='ltr'>illis</span> <span class='ocrx_word' id='word_1_243' title='bbox 429 1871 566 1915; x_wconf 78' lang='lat' dir='ltr'>tribus</span> <span class='ocrx_word' id='word_1_244' title='bbox 589 1887 736 1915; x_wconf 86' lang='lat' dir='ltr'>rursus</span> <span class='ocrx_word' id='word_1_245' title='bbox 758 1871 804 1914; x_wconf 91' lang='lat' dir='ltr'>in</span> <span class='ocrx_word' id='word_1_246' title='bbox 828 1872 1086 1930; x_wconf 81' lang='lat' dir='ltr'>Evangelio,</span> <span class='ocrx_word' id='word_1_247' title='bbox 1112 1888 1209 1931; x_wconf 80' lang='lat' dir='ltr'>quae</span> <span class='ocrx_word' id='word_1_248' title='bbox 1231 1871 1581 1915; x_wconf 86' lang='lat' dir='ltr'>commemoravi.</span> 
     </span>
     <span class='ocr_line' id='line_1_26' title="bbox 382 1927 1774 2002; baseline 0.001 -18"><span class='ocrx_word' id='word_1_249' title='bbox 382 1943 459 1984; x_wconf 91' lang='lat' dir='ltr'>VI.</span> <span class='ocrx_word' id='word_1_250' title='bbox 486 1940 603 1993; x_wconf 88' lang='lat' dir='ltr'>Quid</span> <span class='ocrx_word' id='word_1_251' title='bbox 631 1956 732 1998; x_wconf 79' lang='lat' dir='ltr'>ergo</span> <span class='ocrx_word' id='word_1_252' title='bbox 761 1940 915 1985; x_wconf 86' lang='lat' dir='ltr'>dicunt</span> <span class='ocrx_word' id='word_1_253' title='bbox 935 1941 998 1985; x_wconf 87' lang='lat' dir='ltr'>illi</span> <span class='ocrx_word' id='word_1_254' title='bbox 1021 1942 1099 2002; x_wconf 88' lang='lat' dir='ltr'>qui</span> <span class='ocrx_word' id='word_1_255' title='bbox 1127 1941 1253 1986; x_wconf 89' lang='lat' dir='ltr'>nobis</span> <span class='ocrx_word' id='word_1_256' title='bbox 1277 1943 1331 1985; x_wconf 88' lang='lat' dir='ltr'>de</span> <span class='ocrx_word' id='word_1_257' title='bbox 1358 1940 1535 1984; x_wconf 88' lang='lat' dir='ltr'>nomine</span> <span class='ocrx_word' id='word_1_258' title='bbox 1560 1956 1713 1985; x_wconf 88' lang='lat' dir='ltr'>mona·</span> <span class='ocrx_word' id='word_1_259' title='bbox 1771 1927 1774 1945; x_wconf 55' lang='lat'><strong>⁹</strong></span> 
     </span>
     <span class='ocr_line' id='line_1_27' title="bbox 323 2011 1768 2067; baseline 0.001 -13"><span class='ocrx_word' id='word_1_260' title='bbox 323 2012 507 2055; x_wconf 87' lang='lat' dir='ltr'>chorum</span> <span class='ocrx_word' id='word_1_261' title='bbox 531 2012 772 2056; x_wconf 79' lang='lat' dir='ltr'>insultant?</span> <span class='ocrx_word' id='word_1_262' title='bbox 794 2015 993 2056; x_wconf 78' lang='lat' dir='ltr'>Fottasse</span> <span class='ocrx_word' id='word_1_263' title='bbox 1020 2013 1179 2057; x_wconf 83' lang='lat' dir='ltr'>dicturi</span> <span class='ocrx_word' id='word_1_264' title='bbox 1201 2021 1328 2067; x_wconf 91' lang='lat' dir='ltr'>sunt,</span> <span class='ocrx_word' id='word_1_265' title='bbox 1354 2011 1489 2055; x_wconf 79' lang='lat' dir='ltr'>nostti</span> <span class='ocrx_word' id='word_1_266' title='bbox 1516 2027 1606 2055; x_wconf 84' lang='lat' dir='ltr'>non</span> <span class='ocrx_word' id='word_1_267' title='bbox 1633 2027 1711 2055; x_wconf 80' lang='lat' dir='ltr'>vo—</span> <span class='ocrx_word' id='word_1_268' title='bbox 1763 2031 1768 2039; x_wconf 50' lang='lat' dir='ltr'>v</span> 
     </span>
     <span class='ocr_line' id='line_1_28' title="bbox 323 2066 1710 2177; baseline -0.001 -52"><span class='ocrx_word' id='word_1_269' title='bbox 323 2091 479 2125; x_wconf 80' lang='lat' dir='ltr'>cantur</span> <span class='ocrx_word' id='word_1_270' title='bbox 501 2066 918 2177; x_wconf 68' lang='lat' dir='ltr'>Ciicumcelliones·</span> <span class='ocrx_word' id='word_1_271' title='bbox 942 2098 1017 2127; x_wconf 87' lang='lat' dir='ltr'>vos</span> <span class='ocrx_word' id='word_1_272' title='bbox 1042 2082 1138 2127; x_wconf 89' lang='lat' dir='ltr'>illos</span> <span class='ocrx_word' id='word_1_273' title='bbox 1159 2082 1217 2126; x_wconf 87' lang='lat' dir='ltr'>ita</span> <span class='ocrx_word' id='word_1_274' title='bbox 1239 2081 1464 2140; x_wconf 84' lang='lat' dir='ltr'>appellatis</span> <span class='ocrx_word' id='word_1_275' title='bbox 1481 2090 1710 2126; x_wconf 77' lang='lat' dir='ltr'>contume-</span> 
     </span>
    </p>
   </div>
   <div class='ocr_carea' id='block_1_3' title="bbox 305 2458 1701 2555">
    <p class='ocr_par' dir='ltr' id='par_1_3' title="bbox 305 2458 1701 2555">
     <span class='ocr_line' id='line_1_29' title="bbox 360 2458 1701 2503; baseline 0.001 -13"><span class='ocrx_word' id='word_1_276' title='bbox 360 2463 371 2480; x_wconf 85' lang='lat'><em>¹</em></span> <span class='ocrx_word' id='word_1_277' title='bbox 401 2460 481 2490; x_wconf 87' lang='lat' dir='ltr'>Dan.</span> <span class='ocrx_word' id='word_1_278' title='bbox 501 2469 547 2497; x_wconf 83' lang='lat' dir='ltr'>vt,</span> <span class='ocrx_word' id='word_1_279' title='bbox 567 2466 623 2499; x_wconf 77' lang='lat'>22,</span> <span class='ocrx_word' id='word_1_280' title='bbox 649 2462 682 2490; x_wconf 86' lang='lat' dir='ltr'>et</span> <span class='ocrx_word' id='word_1_281' title='bbox 699 2469 769 2501; x_wconf 73' lang='lat' dir='ltr'>nv,</span> <span class='ocrx_word' id='word_1_282' title='bbox 791 2458 842 2491; x_wconf 86' lang='lat'>30.</span> <span class='ocrx_word' id='word_1_283' title='bbox 864 2475 906 2483; x_wconf 88' lang='lat'>-·—</span> <span class='ocrx_word' id='word_1_284' title='bbox 923 2465 937 2482; x_wconf 75' lang='lat'>²</span> <span class='ocrx_word' id='word_1_285' title='bbox 959 2461 1038 2492; x_wconf 81' lang='lat' dir='ltr'>Dan.</span> <span class='ocrx_word' id='word_1_286' title='bbox 1059 2470 1091 2503; x_wconf 83' lang='lat' dir='ltr'>x,</span> <span class='ocrx_word' id='word_1_287' title='bbox 1122 2471 1172 2492; x_wconf 87' lang='lat'>11.</span> <span class='ocrx_word' id='word_1_288' title='bbox 1194 2475 1236 2483; x_wconf 90' lang='lat'>—-</span> <span class='ocrx_word' id='word_1_289' title='bbox 1254 2458 1267 2483; x_wconf 84' lang='lat'>3</span> <span class='ocrx_word' id='word_1_290' title='bbox 1284 2459 1358 2492; x_wconf 83' lang='lat' dir='ltr'>Job.</span> <span class='ocrx_word' id='word_1_291' title='bbox 1385 2470 1408 2500; x_wconf 90' lang='lat'>1,</span> <span class='ocrx_word' id='word_1_292' title='bbox 1435 2467 1470 2500; x_wconf 86' lang='lat'>2,</span> <span class='ocrx_word' id='word_1_293' title='bbox 1490 2459 1521 2492; x_wconf 82' lang='lat'>3.</span> <span class='ocrx_word' id='word_1_294' title='bbox 1544 2458 1701 2492; x_wconf 76' lang='lat' dir='ltr'>—4sob.</span> 
     </span>
     <span class='ocr_line' id='line_1_30' title="bbox 305 2511 798 2555; baseline 0.006 -11"><span class='ocrx_word' id='word_1_295' title='bbox 305 2522 329 2554; x_wconf 82' lang='lat'>1,</span> <span class='ocrx_word' id='word_1_296' title='bbox 347 2521 403 2546; x_wconf 83' lang='lat'>21.</span> <span class='ocrx_word' id='word_1_297' title='bbox 423 2528 466 2537; x_wconf 90' lang='lat'>-·</span> <span class='ocrx_word' id='word_1_298' title='bbox 484 2511 499 2537; x_wconf 83' lang='lat'>⁵</span> <span class='ocrx_word' id='word_1_299' title='bbox 518 2513 605 2547; x_wconf 84' lang='lat' dir='ltr'>Psal.</span> <span class='ocrx_word' id='word_1_300' title='bbox 630 2523 740 2555; x_wconf 79' lang='lat' dir='ltr'>xxxin,</span> <span class='ocrx_word' id='word_1_301' title='bbox 764 2521 798 2547; x_wconf 82' lang='lat'>2.</span> 
     </span>
    </p>
   </div>
   <div class='ocr_carea' id='block_1_4' title="bbox 1724 0 1815 3253">
    <p class='ocr_par' dir='ltr' id='par_1_4' title="bbox 1724 0 1815 3253">
     <span class='ocr_line' id='line_1_31' title="bbox 1724 0 1815 3253; baseline 0 0"><span class='ocrx_word' id='word_1_302' title='bbox 1724 0 1815 3253; x_wconf 95' lang='lat' dir='ltr'> </span> 
     </span>
    </p>
   </div>
  </div>
 </body>
</html>
