1815 3253
384 225 626 257 munna-10
658 228 704 255 nv
736 224 939 255 rsALMnM
969 227 1117 254 cxxx1.
1373 215 1453 253 201

16 326 18 330 -
79 317 99 341 »
133 295 416 343 custodierint
445 294 585 353 legem
616 308 780 347 meam,
811 301 855 336 et
882 292 1085 336 mandata
1111 306 1207 335 mea
1234 292 1329 336 haec
1360 307 1460 351 quae

80 388 100 412 »
134 367 302 413 docebo
324 382 415 421 ρος,
442 365 704 410 servaverint
722 364 796 408 filii
815 364 878 408 tui
892 384 902 419 3
918 373 961 407 et
980 363 1057 406 filii
1070 377 1220 406 eorum
1243 362 1461 407 sedebunt

79 457 99 481 »
134 453 263 497 super
285 435 428 481 sedem
456 444 576 479 tuam
603 454 611 479 :
632 453 651 475 »
681 434 725 478 id
748 444 835 488 cst,
858 434 926 477 hic
949 434 1030 477 erit
1052 431 1220 476 fructus
1239 432 1458 491 ipsorum,

76 517 125 553 ut
146 507 323 552 sedeant
345 521 473 565 super
483 504 628 549 sedem
650 514 784 548 tuam.
801 503 934 548 Modo
947 502 1059 546 enim
1073 537 1084 556 ,
1109 502 1284 555 fratres,
1311 517 1460 546 omnes

77 579 150 639 qui
171 577 417 621 laboramus
438 576 484 619 in
495 575 683 630 Christo,
698 590 846 620 omnes
861 574 937 634 qui
948 572 1318 617 contremiscimus
1332 572 1461 617 verba

76 648 208 709 ipsius
222 683 234 704 ,
252 647 328 709 qui
350 645 765 707 quomodocumque
787 659 996 690 conamur
1025 642 1167 687 facere
1187 643 1461 687 voluntatem

75 720 230 779 ipsius,
266 727 310 761 et
343 717 664 776 ingemiscimus
701 724 896 776 petentes
931 723 981 759 ut
1017 713 1193 774 adjuvet
1224 729 1302 758 nos
1319 748 1329 768 ‚
1371 729 1460 773 quo

75 789 333 848 impleamus
364 786 485 847 quod
516 787 670 848 jubet,
708 784 926 845 numquid
949 786 1037 846 jam
1075 784 1276 828 sedemus
1306 784 1351 827 in
1378 783 1461 827 illis

76 859 250 904 sedibus
269 856 551 902 beatitudinis
565 893 575 912 ‚
600 873 700 918 quae
722 856 849 901 nobis
863 855 1207 916 promittuntur?
1229 857 1327 899 Non
1351 873 1360 899 z
1386 853 1460 898 sed

75 927 279 974 mandata
302 936 499 972 tenentes
529 943 753 987 speramus
775 928 859 972 hoc
881 926 1095 971 futurum.
1123 928 1218 985 Ipsa
1241 940 1336 984 spes
1361 934 1462 969 tan-

76 1014 206 1060 quam
226 999 270 1042 in
292 997 388 1042 filiis
411 998 527 1042 dicta
548 1006 614 1042 est
635 1017 644 1042 z
665 998 766 1057 quia
784 997 972 1042 hominis
994 997 1040 1040 in
1067 997 1149 1040 hac
1169 996 1258 1040 vita
1278 995 1462 1039 viventis

76 1085 170 1130 spes
200 1069 277 1113 filii
311 1078 435 1124 sunt,
468 1068 637 1113 fructus
673 1068 750 1112 filii
777 1076 894 1112 sunt.
933 1071 1164 1126 Propterea
1187 1075 1231 1110 et
1261 1066 1461 1110 homines

76 1149 326 1186 excusantes
341 1139 563 1185 avaritiam
576 1153 715 1194 suam,
727 1138 883 1182 dicunt
895 1153 939 1181 se
952 1136 1050 1181 filiis
1064 1137 1151 1181 suis
1163 1151 1331 1181 servare
1343 1135 1464 1195 quod

76 1220 275 1268 servant3
299 1219 343 1255 et
363 1209 560 1255 nolentes
581 1209 683 1253 dare
708 1208 851 1268 inopi,
877 1207 1046 1268 pietatis
1068 1208 1245 1252 nomine
1264 1222 1309 1251 se
1331 1222 1463 1250 excu-

77 1291 202 1338 sant,
228 1282 330 1342 quia
351 1280 430 1325 filii
459 1296 612 1325 eorum
644 1295 739 1341 spes
767 1294 919 1324 eorum
942 1288 1058 1323 sunt.
1084 1280 1246 1323 Omnes
1266 1278 1464 1322 homines

77 1353 194 1397 enim
215 1352 292 1412 qui
315 1350 557 1396 secundum
577 1351 661 1395 hoc
676 1349 884 1395 saeculum
900 1350 1056 1394 vivunt
1075 1368 1083 1394 :
1109 1364 1231 1408 spem
1253 1363 1375 1392 suam
1397 1346 1466 1391 di-

77 1432 183 1468 cunt
203 1457 215 1478 ‚
241 1422 351 1467 filios
376 1435 581 1481 generare
597 1430 642 1465 et
662 1420 923 1480 relinquere.
947 1419 1051 1464 Ideo
1074 1419 1251 1463 nomine
1274 1418 1465 1462 filiorum

77 1508 197 1553 spem
218 1493 355 1552 ipsam
376 1492 537 1551 posuit,
564 1499 608 1535 et
623 1491 708 1547 ait,
728 1509 749 1533 «
775 1490 818 1536 Si
837 1490 1123 1535 custodierint
1144 1489 1222 1533 filii
1244 1489 1309 1533 tui
1330 1497 1465 1532 testa-

80 1582 101 1606 »
136 1573 334 1607 mentum
365 1577 541 1617 meum,
565 1571 609 1606 et
633 1561 882 1606 testimonia
904 1576 999 1606 mea
1034 1561 1129 1605 haec
1163 1575 1264 1620 quae
1295 1559 1465 1604 docebo

22 1631 23 1635 ’
81 1652 103 1676 »
136 1633 258 1691 illos3
278 1642 321 1677 et
337 1632 416 1676 filii
437 1647 590 1677 eorum
612 1631 831 1676 sedebunt
851 1631 897 1675 in
931 1640 1145 1675 aeternum
1167 1645 1297 1689 super
1319 1628 1465 1674 sedem

22 1714 24 1744 ÷
81 1722 102 1746 »
135 1713 256 1748 tuam
283 1722 292 1749 ε
317 1721 338 1745 »
363 1702 410 1747 id
440 1711 530 1758 est,
567 1701 675 1747 tales
702 1700 871 1746 fructus
894 1700 1125 1745 habebunt
1142 1735 1153 1755 ‚
1190 1709 1241 1744 ut
1272 1715 1370 1760 spes
1394 1714 1467 1743 eos

23 1811 25 1827 ,
80 1790 167 1820 non
191 1774 312 1819 fallat
328 1809 339 1829 ‚
353 1783 404 1818 ut
420 1772 525 1818 illuc
541 1774 720 1817 veniant
734 1789 823 1833 quo
840 1781 1015 1832 sperant
1031 1787 1076 1816 se
1090 1779 1312 1816 venturos,
1332 1769 1468 1815 Modo

24 1882 25 1895 ,
81 1861 183 1906 ergo
208 1855 419 1907 tanquam
447 1854 591 1905 patres
624 1854 752 1899 sunt,
786 1844 985 1888 homines
1021 1843 1112 1902 spei
1140 1842 1302 1886 futurae
1325 1860 1334 1886 ε
1366 1856 1468 1885 cum

24 1941 25 1958 ι
82 1927 225 1962 autem
246 1917 392 1976 adepti
414 1915 578 1961 fuerint
597 1914 718 1976 quod
751 1924 954 1975 sperant,
976 1913 1055 1957 filii
1079 1923 1207 1970 sunt3
1232 1912 1335 1972 quia
1356 1911 1467 1956 illud

82 1986 200 2048 quod
233 1987 560 2047 adipiscuntur,
591 1995 857 2046 pepererunt
878 1994 922 2029 et
949 1992 1266 2043 generaverunt
1287 1983 1332 2026 in
1360 1998 1468 2042 ope-

82 2058 199 2102 ribus
218 2058 318 2102 suis.
345 2061 401 2101 Et
422 2058 506 2102 hoc
526 2056 610 2100 illis
632 2066 827 2101 servatur
848 2056 894 2099 in
916 2064 1162 2116 posterum,
1188 2054 1291 2114 quia
1313 2062 1357 2098 et
1378 2053 1468 2113 ipsa

82 2129 305 2188 posteritas
326 2128 371 2171 in
387 2127 484 2172 filiis
507 2126 715 2187 appellari
739 2127 863 2172 solet.

138 2200 238 2242 XX.
264 2201 354 2242 Aut
374 2197 409 2241 si
429 2197 540 2242 filios
562 2198 674 2257 ipsos
698 2198 895 2242 homines
916 2195 1073 2256 accipis
1089 2231 1099 2251 ‚
1131 2194 1328 2254 intellige
1351 2202 1394 2238 et
1416 2192 1471 2238 de

83 2268 182 2328 ipsis
195 2267 378 2322 dictum,
403 2286 422 2309 «
443 2268 484 2312 Si
501 2267 785 2313 custodierint
798 2266 875 2310 filii
892 2268 955 2311 tui
974 2275 1285 2311 testamentum
1302 2279 1468 2319 meum,

87 2355 108 2380 »
141 2346 184 2382 et
205 2337 452 2381 testimonia
472 2353 568 2382 mea
599 2338 693 2382 haec
721 2353 820 2398 quae
855 2336 1025 2381 docebo
1053 2351 1125 2380 eos
1152 2355 1160 2380 :
1189 2354 1209 2377 n
1236 2345 1287 2380 ut
1318 2335 1397 2379 iste
1419 2334 1473 2378 sit

26 2449 29 2477 ¹.
86 2422 252 2463 sensus,
282 2426 302 2449 «
330 2408 372 2452 Si
393 2406 678 2452 custodierint
699 2407 777 2451 filii
804 2408 869 2452 tui
892 2415 1202 2451 testamentum
1223 2420 1372 2450 meum
1392 2439 1404 2459 ‚
1430 2413 1473 2448 et

0 2469 2 2473 ¹
26 2484 28 2505 ²
86 2478 330 2523 testimonia
351 2493 448 2522 mea
469 2479 563 2522 haec
580 2493 680 2538 quae
713 2478 883 2522 docebo
905 2477 1003 2522 illos
1021 2512 1033 2532 ‚
1057 2487 1101 2521 et
1127 2476 1204 2520 filii
1233 2490 1383 2520 eorum
1403 2509 1414 2528 ‚
1448 2492 1468 2514 »

92 2546 136 2590 id
153 2556 239 2602 est,
264 2548 298 2592 si
326 2546 612 2600 custodierint
638 2567 646 2591 ε
674 2556 723 2591 ut
752 2546 823 2591 hic
861 2546 1211 2606 subdistinguas‚
1237 2555 1280 2589 et
1315 2543 1474 2589 deinde
