1815 3253
323 244 407 284 284
748 258 781 285 s.
817 254 1048 285 Avensa-11³1
1076 257 1260 285 ‹EPISCOPI

315 320 505 381 populus
527 321 573 365 in
605 337 654 366 ca
682 322 943 381 permansit?
972 325 1054 366 Per
1086 322 1397 367 successionem
1419 321 1698 379 Babyloniae,

316 391 431 436 facta
460 401 523 436 est
553 390 639 436 filia
673 392 919 451 Babylonis.
955 411 975 434 «
1001 394 1038 436 Ο
1070 392 1156 436 filia
1182 391 1413 450 Babylonis
1445 392 1595 436 infelix
1623 393 1698 436 tu!

319 481 339 505 »
376 465 531 508 Beatus
560 463 633 523 qui
660 464 870 509 retribuet
897 463 978 508 tibi
1008 463 1340 508 retributionem
1362 472 1484 507 tuam
1507 465 1539 507 1.
1571 481 1592 505 n
1625 466 1702 507 In-

317 532 421 578 felix
445 543 509 589 tu,
537 534 688 578 beatus
710 533 798 578 ille.

375 607 497 649 XXI.
530 605 646 658 Quid
673 606 785 649 enim
816 615 864 650 tu
893 604 1052 660 fecisti,
1084 615 1126 649 et
1161 606 1270 666 quid
1303 605 1565 649 retribuetur
1596 604 1703 649 tibi?

317 675 432 720 Audi
460 696 468 720 ;
504 694 523 718 «
554 679 711 720 Beatus
743 677 823 736 qui
851 676 1064 719 retribuet
1091 675 1171 719 tibi
1193 675 1523 720 retributionem
1554 684 1701 730 tuam,

321 764 340 788 »
377 762 508 807 quam
533 747 766 791 retribuisti
789 747 912 791 nobis
939 750 971 791 2.
1006 765 1024 788 »
1051 749 1192 800 Quam
1214 747 1545 791 retributionem
1566 746 1705 794 dicit?

316 817 384 863 Ad
408 819 490 862 hoc
505 817 670 862 claudit
693 818 887 862 Psalmus
913 838 922 863 ι
952 837 968 859 «
1006 821 1163 863 Beatus
1192 819 1268 879 qui
1290 818 1456 863 tenebit
1472 853 1481 868 ‚
1507 827 1550 862 et
1572 816 1706 862 elidet

319 906 338 930 >›
375 888 562 933 infantes
591 899 689 934 tuos
720 890 774 933 ad
796 900 978 950 petram.
1008 908 1028 932 »
1052 889 1176 934 Illam
1202 877 1550 934 dieit'infelicem
1567 924 1577 944 ,
1603 889 1708 933 bea-

317 968 385 1003 tus
410 969 555 1003 autem
579 961 653 1020 qui
681 961 893 1005 retribuet
925 961 965 1004 ei
993 960 1321 1005 retributionem
1345 975 1476 1019 quam
1507 959 1709 1003 retribuit

316 1031 456 1075 nobis.
483 1031 727 1084 Quaerimus
740 1048 903 1092 ⁷‚quam
927 1032 1258 1076 retributionem
1279 1050 1287 1076 :
1313 1050 1332 1072 «
1351 1033 1524 1085 Beatus,
1546 1030 1704 1090 inquit,
1726 1087 1732 1090 Δ

319 1119 339 1142 »
376 1101 450 1161 qui
477 1101 643 1145 tenebit
664 1111 707 1145 et
729 1102 862 1146 elidet
883 1101 1069 1146 infantes
1090 1112 1188 1146 tuos
1207 1102 1262 1145 ad
1278 1110 1459 1160 petram.
1485 1119 1505 1141 »
1534 1103 1627 1159 Ipsa
1646 1108 1709 1144 est

316 1173 560 1217 retributio.
578 1173 691 1226 Quid
708 1173 823 1217 enim
847 1173 949 1218 fecit
966 1174 1090 1218 nobis
1108 1173 1346 1231 Babylonia
1362 1172 1472 1216 ista?
1493 1174 1517 1215 J
1522 1187 1589 1216 am
1611 1187 1709 1215 can-

317 1244 505 1288 tavimus
523 1245 568 1288 in
591 1243 666 1289 illo
686 1245 855 1289 Psalmo
884 1265 892 1290 ε
916 1265 933 1286 «
956 1248 1181 1290 Sermones
1201 1245 1451 1304 iniquorum
1470 1242 1709 1303 praevalue-

318 1323 422 1358 runt
440 1314 641 1358 adversus
662 1330 740 1359 nos
762 1317 793 1358 3.
822 1315 1036 1368 »Quando
1058 1315 1174 1359 enim
1196 1314 1285 1358 nati
1313 1329 1482 1368 sumus,
1505 1313 1708 1374 parvulos

319 1399 397 1429 nos
412 1385 579 1429 invenit
591 1385 670 1429 ista
686 1384 884 1430 confusio
899 1386 1045 1430 saeculi
1060 1387 1189 1446 liujus
1203 1407 1213 1444 3
1231 1395 1273 1429 et
1287 1386 1492 1430 offocavit
1506 1402 1584 1430 nos
1596 1402 1710 1432 erro-

319 1471 417 1499 rum
442 1456 709 1500 diversorum
732 1457 852 1500 Vanis
876 1457 1154 1516 opinionibus
1179 1457 1322 1501 adhuc
1346 1455 1548 1500 infantes.
1575 1459 1710 1502 Natus

318 1525 460 1570 infans
489 1525 661 1570 futurus
683 1527 782 1570 civis
806 1527 1042 1571 Jerusalem
1057 1563 1067 1582 ‚
1101 1537 1144 1572 et
1165 1527 1211 1571 in
1233 1527 1612 1586 praedestinatione
1637 1527 1709 1572 Dei

313 1597 401 1656 jam
417 1597 535 1651 civis,
561 1598 635 1641 sed
657 1597 833 1640 interim
850 1598 1090 1656 captivatus
1109 1597 1163 1641 ad
1186 1607 1373 1657 tempus,
1391 1597 1568 1658 quando
1584 1597 1711 1642 discit
1770 1600 1777 1653 ἦ

320 1683 463 1711 amare
479 1668 558 1712 nisi
571 1669 692 1728 quod
710 1668 1072 1713 insusurraverint
1088 1678 1285 1728 parentes
1299 1671 1316 1712 P
1328 1672 1558 1712 ¹Instruunt
1577 1678 1620 1713 et
1635 1668 1710 1714 do·
1770 1693 1773 1699 ·

320 1748 420 1783 cent
440 1738 565 1782 illum
593 1739 836 1794 avaritiam,
863 1740 1058 1799 rapinas,
1091 1738 1315 1783 mendacia
1339 1739 1618 1799 quotidiana,
1647 1740 1710 1784 di·
1770 1785 1771 1791 ,
1814 1727 1815 1738 ¹

319 1825 460 1854 versas
483 1808 673 1853 culturas
692 1809 910 1853 idolorum
932 1819 975 1853 et
992 1809 1334 1865 daemoniorum,
1356 1809 1544 1854 remedia
1561 1809 1709 1855 illicita

320 1881 708 1940 praecantationum
731 1889 774 1924 et
787 1880 1092 1938 ligaturarum.
1117 1881 1233 1933 Quid
1251 1879 1443 1925 facturus
1468 1889 1532 1924 est
1567 1880 1709 1925 adhuc
1768 1899 1775 1930 ς,

319 1952 461 1996 infans
474 1987 484 2007 ‚
501 1952 642 1996 anima
657 1965 820 2007 tenera,
837 1951 1063 1996 attendens
1079 1952 1134 1996 ad
1147 1954 1329 2012 majores
1345 1951 1450 2012 quid
1466 1960 1610 2010 agant,
1629 1952 1709 1995 nisi
1770 1945 1771 1950 ¹

320 2031 370 2065 ut
386 2022 506 2082 quod
515 2037 586 2066 eos
598 2022 755 2066 viderit
769 2037 893 2080 agere
909 2023 992 2066 hoc
1005 2024 1234 2082 sequatur?
1248 2021 1484 2078 Babylonia
1498 2037 1600 2080 ergo
1617 2037 1709 2081 per-

322 2102 469 2137 secuta
488 2102 550 2137 est
573 2092 775 2152 parvulos
797 2108 875 2137 nos
897 2112 904 2137 :
932 2092 1006 2136 sed
1028 2095 1143 2136 Deus
1162 2091 1282 2136 dedit
1300 2092 1423 2135 nobis
1442 2091 1709 2150 agnitionem
1767 2109 1772 2142 ξ.
1806 2084 1815 2159 ζ

321 2163 386 2207 sui
405 2164 493 2222 jam
517 2162 776 2221 grandibus,
812 2171 861 2206 ut
883 2178 972 2205 non
993 2177 1272 2222 sequeremur
1293 2177 1457 2205 errores
1480 2171 1708 2221 parentum
1766 2159 1777 2191 ’ἶ
1805 2177 1808 2185 ·

321 2242 587 2277 nostrorum.
631 2232 757 2286 Quod
797 2241 840 2276 et
881 2241 988 2276 tunc
1024 2233 1357 2276 commemoravi
1393 2232 1650 2291 praedictum
1685 2248 1708 2277 a
1770 2255 1771 2268 2
1806 2285 1809 2293 ¹

321 2303 539 2362 Propheta
567 2303 582 2327 ²*
613 2322 621 2347 :
646 2321 666 2344 «
687 2303 755 2346 Ad
773 2312 816 2346 te
843 2312 991 2361 gentes
1013 2303 1190 2347 venient
1212 2303 1267 2346 ab
1288 2312 1478 2346 extremo
1494 2312 1619 2346 terrae
1635 2338 1645 2357 ‚
1667 2312 1710 2347 et
1768 2318 1770 2323 ·
1808 2356 1810 2365 x

324 2391 345 2415 »
380 2373 528 2417 dicent
552 2392 560 2417 z
584 2375 694 2416 Vere
722 2371 996 2417 mendacium
1017 2373 1248 2417 coluerunt
1271 2383 1412 2432 patres
1434 2374 1596 2427 nostri,
1630 2388 1708 2417 va-

325 2462 344 2485 »
380 2443 558 2488 nitatem
588 2459 686 2503 quae
708 2441 792 2487 illis
817 2459 906 2487 non
929 2443 1094 2502 profuit
1115 2445 1144 2486 ⁵.
1175 2462 1193 2484 »
1220 2446 1313 2487 ,Iam
1333 2445 1514 2503 juvenes
1537 2442 1704 2497 dicunt,

370 2533 381 2550 ¹
397 2526 478 2560 Psal.
492 2538 619 2566 cxxxvi,
638 2538 670 2570 9.
696 2544 738 2549 --
759 2534 771 2549 ²
791 2527 874 2559 Ibid.
897 2545 938 2550 -—
959 2526 971 2550 3
996 2527 1044 2559 Id.
1067 2538 1153 2568 miv,
1173 2522 1204 2568 l1[
1225 2545 1267 2550 —-
1284 2526 1299 2557 4
1318 2528 1394 2560 Vide
1414 2529 1557 2559 Euam-ar.
1577 2527 1608 2558 in
1627 2527 1704 2558 Psal.

324 2595 413 2626 mxiv,
431 2596 461 2617 n.
483 2584 516 2617 6.
538 2602 578 2607 -—
599 2583 612 2607 5
631 2587 750 2617 Jerem.
772 2594 837 2625 xvi,
860 2595 910 2625 ¹9-
