1815 3253
401 227 643 259 mutinum
675 231 721 259 ιΝ
756 228 959 260 PsALMUM
989 231 1154 260 cxxxv1.
1377 220 1463 258 279

32 291 34 310 ³
78 296 178 343 vitae
201 294 448 355 temporalis
463 331 473 351 ‚
508 304 583 340 aut
605 295 744 340 laudis
778 297 981 341 humanae
1001 332 1011 352 ,
1044 305 1119 340 aut
1142 295 1323 356 alleujus
1340 311 1464 340 com-

31 419 33 425 ,
77 367 198 412 modi
218 365 433 411 saecularis
453 402 463 422 ,
482 367 686 425 cognovit
707 368 875 412 sinistra
900 378 973 412 tua
996 367 1103 428 quid
1134 366 1265 411 faciat
1287 366 1463 412 dextera

30 437 33 499 J
77 447 167 482 tua.
198 441 256 482 Et
290 438 422 482 nostis
454 453 544 482 esse
565 438 610 481 in
633 448 851 498 praecepto
876 438 1129 498 Evangelii,
1159 456 1178 480 «
1206 438 1376 482 Nesciat
1404 439 1464 482 si·-

0 521 7 550 3
79 526 102 551 1)
136 508 268 552 nistra
305 517 379 552 tua
404 507 512 568 quid
543 507 674 552 faciat
704 509 878 553 dextera
910 511 1033 553 tua¹.
1066 508 1108 553 Si
1142 507 1304 552 oblitus
1334 523 1460 566 ergo,

83 597 104 621 υ
137 578 305 638 inquit,
341 578 408 622 tui
430 577 555 623 fuero
572 613 584 633 ,
612 579 874 632 Jerusalem,
899 578 1177 624 obliviscatur
1199 593 1270 622 me
1292 577 1468 622 dextera

28 640 29 647 ¹
79 667 101 692 1»
135 665 246 694 mea.
268 667 289 691 »
307 652 364 694 Et
380 665 481 695 vere
498 650 557 694 sic
572 651 786 710 contingit
805 669 814 695 :
833 650 1160 710 praenuntiavit,
1173 665 1262 694 non
1279 649 1461 709 optavit.

23 749 27 757 ·
79 719 255 765 Talibus
272 722 348 781 qui
366 721 685 766 obliviscuntur
709 721 972 777 Jerusalem,
996 721 1081 766 1100
1099 720 1314 779 contingit
1343 720 1465 781 quod

25 838 27 852 ¹
75 791 204 847 dixit,
231 791 502 837 obliviscitur
524 792 618 837 illos
641 793 815 838 dextera
848 809 1014 838 eorum.
1036 793 1135 837 Vita
1164 792 1279 835 enim
1301 800 1464 836 aeterna

75 872 222 906 manet
243 863 286 905 in
303 878 347 906 se
369 882 378 907 z
399 863 461 906 illi
480 874 706 908 remanent
726 864 768 907 in
799 863 1090 908 delectatione
1123 862 1374 922 temporali,
1421 871 1463 906 et

75 932 241 977 faciunt
258 933 339 976 sibi
361 934 560 977 dextrum
584 933 702 993 quod
722 935 942 978 sinistrum
958 943 1036 978 est.

132 1006 252 1048 XVI.
278 1003 499 1048 Intendite
522 1004 576 1049 ad
590 1006 691 1060 ista,
714 1005 869 1050 fratres
887 1041 898 1060 ,
925 1014 1102 1065 propter
1123 1004 1342 1048 dexteram
1362 1004 1465 1049 insi-

15 1102 19 1107 ·
75 1089 207 1119 nuem
230 1074 314 1119 hoc
335 1075 481 1129 vobis,
508 1085 723 1135 quantum
748 1076 958 1120 Dominus
995 1075 1157 1129 donat,
1193 1074 1250 1118 ad
1281 1074 1465 1118 salutem

75 1146 286 1190 omnium.
313 1146 568 1190 Meministis
598 1144 777 1190 fortasse
798 1146 869 1190 hic
896 1161 965 1190 me
998 1145 1234 1206 aliquando
1262 1153 1466 1189 tractasse

12 1243 18 1254 ι
73 1215 128 1260 (10
149 1215 412 1276 quibusdam
428 1251 438 1271 ,
459 1216 534 1276 qui
551 1216 673 1276 quod
695 1216 916 1260 sinistrum
934 1225 1019 1270 est,
1044 1215 1214 1260 faciunt
1231 1215 1433 1259 dextrum
1451 1233 1461 1260 :

74 1287 117 1330 id
143 1296 221 1341 est,
247 1287 324 1347 qui
346 1285 601 1346 temporalia
621 1287 737 1331 bona
760 1286 858 1347 plus
879 1287 1059 1341 habent,
1081 1295 1125 1330 et
1147 1286 1192 1329 in
1216 1286 1302 1330 istis
1326 1287 1465 1330 beati-

10 1381 14 1393 .
73 1357 270 1402 tudinem
292 1368 486 1418 ponunt,
510 1359 758 1416 ignorantes
784 1375 884 1419 quae
906 1359 960 1403 sit
990 1373 1091 1403 vera
1127 1356 1310 1402 felicitas
1327 1393 1337 1413 ,
1363 1373 1465 1402 vera

11 1452 15 1465 ι
75 1428 252 1473 dextera
268 1432 300 1472 2.
322 1432 410 1473 Hos
427 1430 646 1489 Scriptura
668 1428 779 1473 filios
797 1428 959 1473 alienos
976 1428 1104 1483 dicit,
1127 1437 1336 1488 tanquam
1350 1429 1464 1473 cives

71 1515 160 1545 non
181 1499 442 1555 Jerusalem,
467 1500 542 1544 sed
563 1499 817 1557 Babyloniae
844 1519 853 1544 :
879 1500 984 1543 dicit
1007 1500 1123 1542 enim
1151 1497 1344 1559 quodam
1366 1498 1465 1544 1000

12 1579 16 1587 “
72 1570 288 1625 Psalmus,
318 1589 338 1612 «
359 1570 561 1625 Domine,
587 1569 724 1614 libera
751 1585 822 1614 me
849 1569 904 1614 de
926 1585 1059 1613 manu
1085 1568 1277 1613 filiorum
1299 1569 1466 1613 alieno-

73 1659 94 1683 »
130 1655 226 1684 rum
245 1675 256 1695 ,
282 1655 471 1700 quorum
500 1656 548 1684 os
574 1640 774 1684 locutum
807 1649 871 1683 est
901 1640 1170 1694 vanitatem,
1210 1648 1254 1683 et
1287 1639 1464 1684 dextera

75 1729 94 1753 n
129 1726 280 1756 eorum
313 1711 489 1755 dextera
521 1710 776 1771 iniquitatis.
815 1729 835 1751 n
864 1710 1071 1769 Sequitur
1099 1709 1216 1755 enim
1249 1718 1293 1753 et
1325 1709 1460 1765 dicit,

76 1800 96 1824 (ι
129 1784 328 1835 Quorum
361 1781 440 1825 filii
475 1796 624 1825 eorum
665 1781 775 1825 sicut
797 1780 981 1825 novellae
1016 1779 1330 1838 constabilitae,
1360 1779 1463 1824 filiae

73 1871 93 1896 »
128 1868 281 1897 eorum
309 1862 475 1897 ornatae
502 1853 613 1896 sicut
644 1851 883 1905 similitudo
918 1851 1089 1911 templi,
1114 1850 1286 1895 cellaria
1311 1866 1463 1895 eorum

74 1941 94 1965 »
128 1923 280 1983 plena,
302 1924 542 1968 eructantia
557 1939 607 1967 ex
622 1924 706 1967 hoc
726 1924 772 1966 in
794 1923 901 1981 1100,
922 1938 1023 1967 oves
1045 1937 1196 1966 eorum
1220 1919 1461 1977 foecundae,

73 2013 93 2036 n
128 1994 469 2054 multiplicantes
487 1995 532 2038 in
558 1994 742 2038 exitibus
765 1994 882 2050 suis,
913 1993 1045 2037 boves
1081 2007 1233 2036 eorum
1267 2008 1422 2036 crassae
1449 2011 1459 2038 :

73 2083 93 2107 »
128 2082 217 2110 non
244 2076 306 2111 est
330 2067 454 2110 ruina
483 2066 619 2126 sepis,
661 2074 741 2109 1100
775 2065 939 2109 clamor
972 2065 1018 2108 in
1039 2063 1193 2124 plateis
1216 2066 1410 2108 eorum3.
1437 2083 1458 2107 »

2 2151 5 2155 ·
67 2137 292 2198 Numquid
314 2138 475 2181 habere
493 2138 615 2181 istam
641 2135 891 2181 felicitatem
909 2172 919 2190 ,
940 2137 1023 2180 hoc
1042 2145 1105 2180 est
1120 2137 1327 2195 peccare?
1344 2138 1458 2191 Non,

67 2207 142 2252 sed
164 2208 305 2252 facere
325 2208 443 2252 illam
468 2208 715 2262 dexteram,
733 2224 832 2252 cum
853 2209 906 2252 sit
927 2208 1111 2251 sinistra.
1140 2211 1372 2266 Propterea
1394 2223 1461 2251 50-

69 2288 194 2324 cutus
228 2279 336 2339 quid
371 2279 457 2322 ait?
492 2298 511 2320 «
552 2282 735 2323 Beatum
768 2277 973 2322 dixerunt
1005 2278 1219 2338 populum
1257 2278 1329 2322 cui
1363 2278 1459 2322 haec

72 2368 91 2391 »
126 2359 243 2394 sunt.
277 2368 297 2391 »
326 2353 440 2394 Ecce
471 2349 591 2393 unde
619 2349 816 2394 locutum
846 2359 909 2394 est
938 2365 984 2394 05
1015 2364 1166 2393 eorum
1194 2350 1456 2404 vanitatem,

68 2421 168 2480 quia
190 2420 369 2464 beatum
392 2420 595 2464 dixerunt
614 2419 830 2479 populum
851 2420 924 2464 cui
947 2421 1041 2465 haec
1057 2430 1174 2464 sunt.
1201 2423 1267 2464 Tu
1281 2420 1461 2481 quidem

117 2522 126 2538 ¹
158 2515 274 2548 Matth.
309 2527 360 2558 vi,
389 2516 418 2548 3.
445 2533 487 2538 -
513 2523 526 2539 ¹
558 2515 639 2548 Vide
662 2517 806 2548 Enarrat.
834 2515 866 2547 in
899 2516 1013 2548 Psalm.
1044 2526 1127 2557 cxx,
1159 2526 1192 2547 n.
1211 2515 1243 2547 8.
1277 2532 1318 2538 —
1345 2513 1359 2538 3
1378 2514 1458 2547 Psal.

69 2580 173 2612 cnm,
200 2582 233 2613 7,
251 2570 284 2603 8.
