1815 3253
363 222 605 254 mnan-10
637 227 682 254 m
714 224 917 254 PsALMUM
948 226 1112 253 cxxvn.
1347 214 1427 254 133

21 294 23 359 4
54 306 163 354 pane
183 291 475 349 lacrymarum
499 291 700 336 succedet
716 325 727 347 ,
757 300 800 335 et
823 300 865 335 te
890 293 934 335 in
953 299 1165 334 aeternum
1186 291 1429 349 saginabit3

21 378 23 425 j
53 363 154 424 quia
184 362 264 406 erit
294 361 522 406 nobiscum
548 362 733 406 verbum
759 362 857 416 Dei,
883 377 971 421 quo
993 369 1231 421 pascuntur
1255 360 1427 419 Angeli.

20 437 23 489 j
55 432 233 478 Interim
265 430 396 475 modo
418 431 588 475 labores
610 429 834 476 fructuum
851 466 862 486 ,
896 439 1040 491 postca
1069 429 1236 474 fructus
1254 428 1428 474 laboris.

20 511 22 557 j
58 521 75 544 «
111 502 298 546 Labores
326 501 551 546 fruetuum
581 511 758 546 tuorum
782 501 1090 546 manducabis:
1117 501 1270 544 beatus
1296 515 1364 554 es,
1390 509 1434 543 et

20 568 21 585 ¹
57 590 78 614 >›
111 571 221 615 bene
242 571 322 615 tibi
342 571 435 615 erit.
463 573 619 615 Beatus
636 587 695 626 es,
720 570 807 615 »de
824 571 1024 630 praesenti
1048 579 1111 614 est
1137 589 1146 614 :
1173 589 1192 612 «
1216 571 1331 613 Bene
1353 569 1434 612 tibi

57 659 77 683 »
111 642 217 695 erit,
240 659 261 681 ³»
287 641 342 685 de
361 640 509 685 futuro
530 650 608 685 est.
630 644 741 686 Cum
762 640 997 685 manducas
1019 640 1189 684 labores
1205 639 1433 684 fructuum

53 720 228 755 tuorum
245 746 256 766 ,
284 714 475 756 «Beatus
490 727 533 756 es
561 732 569 757 :
591 730 611 753 »
634 728 734 757 cum
752 711 996 771 perveneris
1025 710 1078 754 ad
1101 710 1294 754 fructum
1317 709 1436 753 labo-

53 796 149 825 rum
174 790 347 825 tuorum
365 816 375 836 ‚
405 800 425 823 «
446 785 560 825 Bene
582 782 662 826 tibi
684 782 779 826 erit.
805 800 824 823 »
851 781 968 834 Quid
985 780 1119 824 dixit?
1136 783 1245 825 Nam
1268 779 1301 823 si
1325 779 1437 823 bene

54 850 133 895 tibi
155 850 250 905 erit,
270 851 422 910 utique
443 851 591 895 beatus
613 853 718 896 eris:
738 861 781 895 et
801 852 835 895 si
858 852 1008 895 beatus
1030 851 1125 905 eris,
1152 850 1261 894 bene
1283 849 1436 908 utique

54 921 132 966 tibi
155 921 250 965 erit.
278 922 362 966 Sed
383 922 560 966 interest
582 923 696 967 inter
717 938 837 982 spem
853 932 897 967 et
919 937 1024 966 rem.
1049 923 1089 966 Si
1112 937 1207 981 spes
1229 930 1317 965 tam
1341 918 1438 964 clul-

16 1033 19 1047 ³
55 992 134 1046 cis,
155 1000 319 1051 quanto
341 1007 405 1035 res
429 991 598 1036 dulcior
620 993 716 1036 erit.

111 1065 191 1107 XI.
218 1065 313 1107 Jam
336 1062 558 1106 veniamus
580 1062 634 1106 ad
655 1062 766 1107 illud
782 1097 794 1117 ,
822 1081 842 1104 «
870 1065 988 1107 Uxor
1009 1072 1083 1106 tua
1102 1082 1111 1106 :
1137 1080 1157 1102 »
1184 1061 1355 1106 Christo
1373 1059 1440 1104 di-

54 1133 182 1176 eitur.
207 1135 320 1190 Ergo
348 1147 457 1177 uxor
480 1134 594 1192 ejus,
620 1131 810 1176 Ecclesia
833 1133 923 1191 ejus
945 1152 952 1176 :
979 1131 1170 1176 Ecclesia
1192 1132 1306 1190 ejus,
1331 1145 1440 1174 uxor

56 1205 169 1262 ejus,
195 1218 272 1246 nos
293 1203 386 1262 ipsi.
419 1222 439 1244 «
464 1203 583 1248 Sicut
603 1203 727 1247 vinea
752 1201 945 1247 fertilis1.
971 1221 990 1243 »
1015 1202 1098 1247 Sed
1121 1202 1166 1245 in
1187 1201 1347 1261 quibus
1370 1201 1439 1244 vi-

56 1288 135 1316 nea
159 1272 310 1316 fertilis
327 1273 566 1317 PVidemus
589 1273 705 1317 enim
729 1273 911 1332 parietes
928 1273 1031 1317 istos
1053 1272 1264 1316 intrantes
1281 1263 1442 1315 multos

56 1343 238 1388 steriles:
258 1343 458 1388 videmus
475 1346 576 1404 quia
597 1345 700 1389 istos
725 1344 906 1403 parietes
926 1344 1091 1387 intrant
1119 1342 1246 1387 multi
1265 1342 1439 1395 ebriosi,

15 1462 17 1465 y
55 1412 336 1458 foeneratores
351 1449 361 1469 ,
389 1429 623 1472 mangones
639 1450 649 1469 ‚
675 1423 920 1473 quaerentes
943 1413 1188 1472 sortilegos,
1213 1422 1365 1456 euntes
1386 1412 1441 1455 ad

14 1534 15 1550 χ
56 1495 344 1544 praecantores
373 1495 415 1529 et
436 1486 783 1545 praecantatrices
800 1521 810 1540 ‚
847 1486 1024 1545 quando
1052 1484 1135 1529 illis
1153 1493 1285 1545 caput
1303 1482 1437 1528 dolet.

14 1562 15 1565 ’
58 1558 143 1600 Ista
167 1565 230 1600 est
251 1555 448 1600 fertilitas
471 1556 637 1607 vineae?
654 1559 738 1600 Ista
761 1564 825 1599 est
845 1556 1021 1599 ubertas
1043 1555 1186 1599 uxoris
1202 1556 1328 1599 ?Non
1352 1553 1442 1612 ipsa

59 1635 135 1670 est.
173 1629 270 1670 Istae
311 1627 446 1685 spinae
474 1635 576 1670 sunt
596 1660 607 1680 ‚
642 1625 719 1669 sed
753 1641 841 1670 non
878 1625 1043 1684 ubique
1080 1625 1265 1684 spinosa.
1302 1623 1445 1667 Habet

13 1695 15 1728 Ι
59 1695 293 1756 quamdam
307 1695 589 1750 fertilitatem,
605 1705 649 1740 et
667 1705 731 1739 est
749 1697 872 1739 vinea
893 1694 1046 1740 fertilis
1065 1715 1072 1740 :
1094 1695 1168 1739 sed
1188 1695 1231 1739 in
1254 1694 1445 1754 quibus?

64 1786 83 1808 (ι
120 1769 170 1810 In
192 1765 399 1810 lateribus
417 1765 572 1811 domus
602 1775 705 1810 tuae.
735 1784 754 1805 »
788 1768 884 1810 Non
911 1781 1060 1811 omnes
1083 1765 1290 1810 dicuntur
1311 1763 1446 1808 latera

12 1840 14 1879 ζ
61 1836 230 1881 domus.
252 1841 406 1889 Quaero
427 1837 541 1880 enim
559 1852 658 1896 quae.
676 1836 761 1880 sint
782 1835 914 1880 latera
940 1856 947 1880 :
967 1835 1073 1896 quid
1096 1835 1236 1880 dicam
1256 1835 1446 1879 ?¹Parie-

12 1954 13 1962 ἵ
62 1916 124 1950 tes
146 1915 273 1960 sunt,
299 1907 420 1965 quasi
442 1906 604 1966 lapides
633 1904 765 1951 fortes
780 1908 796 1949 .)
830 1906 872 1950 Si
895 1906 949 1949 de
970 1907 1053 1951 hoc
1076 1904 1326 1949 habitaculo
1349 1919 1446 1947 cor-

11 1998 13 2015 ι
62 1976 197 2036 porali
219 1975 405 2032 diceret,
431 1977 545 2021 forte
568 1978 650 2022 hoc
672 1976 1010 2034 intelligeremus
1032 1975 1181 2020 latera.
1205 1979 1357 2019 Latera
1376 1974 1446 2017 di·-

10 2035 13 2108 l
63 2046 197 2090 cimus
219 2046 374 2091 domus
392 2083 403 2099 ‚
429 2062 500 2090 eos
534 2047 611 2106 qui
643 2047 859 2090 inhaerent
887 2046 1074 2091 Christo.
1098 2048 1196 2091 Non
1219 2045 1334 2088 enim
1356 2045 1447 2087 sine

10 2115 13 2178 ξ
63 2132 188 2161 causa
218 2125 260 2160 et
280 2116 326 2160 in
351 2132 545 2161 sermone
578 2115 835 2175 quotidiano
863 2115 1047 2160 dicimus
1080 2115 1135 2159 de
1157 2114 1303 2174 aliquo
1324 2149 1334 2165 .,
1370 2113 1447 2174 qui

9 2185 13 2376 Ι
64 2187 174 2232 forte
201 2186 314 2231 male
345 2188 431 2247 agit
459 2204 509 2232 ex
536 2187 752 2233 malorum
775 2187 963 2232 consiliis
997 2188 1236 2232 amicorum
1259 2206 1269 2242 3
1295 2184 1349 2229 de
1372 2184 1448 2228 illo

64 2257 247 2303 dicimus
269 2277 278 2302 :
302 2258 415 2302 Mala
436 2258 569 2303 latera
591 2259 739 2304 habet.
759 2258 877 2312 Quid
898 2268 977 2313 est,
1001 2258 1117 2303 Mala
1132 2257 1265 2302 latera
1287 2256 1451 2300 habet?

9 2377 11 2386 A
66 2327 167 2372 Mali
196 2327 259 2371 illi
280 2329 507 2373 inhaerent.
533 2332 648 2387 Ergo
676 2339 719 2373 et
743 2330 798 2373 de
836 2329 944 2384 alio,
971 2331 1091 2373 Bona
1124 2328 1257 2372 latera
1279 2326 1414 2370 habet
1437 2345 1447 2369 ε

9 2394 11 2410 '
69 2400 192 2443 honis
212 2398 399 2443 consiliis
421 2400 541 2443 vivit.
564 2401 681 2453 Quid
703 2410 766 2444 est
783 2401 865 2444 hoc
881 2399 1040 2444 PBonis
1057 2398 1245 2444 consiliis
1267 2399 1446 2455 regitur.

8 2458 11 2528 l
73 2472 188 2528 Ergo
215 2469 350 2514 latera
379 2469 534 2514 domus
558 2479 659 2514 sunt
686 2469 748 2513 illi
774 2471 850 2529 qui
880 2471 1095 2513 inhaerent
1127 2468 1332 2512 Christo?
1364 2468 1450 2509 Noe

118 2562 124 2577 ¹
150 2555 227 2586 psal.
245 2566 361 2591 cxxx-u,
381 2556 409 2586 ²3.
