1815 3253
434 189 676 220 manuario
708 192 753 218 m
786 189 988 219 PsALMUM
1019 192 1162 219 chvr.
1393 178 1478 218 499

100 274 120 297 »
155 264 302 300 nostro
320 256 515 316 jucunda
540 255 595 300 sit
615 255 723 300 laus.
740 259 919 301 »Potest
940 257 1055 300 enim
1074 255 1168 300 laus
1181 256 1378 316 jucunda
1393 269 1482 299 esse

95 325 280 380 homini,
301 342 402 370 cum
423 325 545 370 audit
566 326 789 371 concinnis
807 327 1030 387 acutisque
1052 327 1273 371 sententiis
1295 336 1339 370 et
1359 325 1481 370 suavi

94 410 201 440 voce
222 395 475 441 laudantem
509 415 517 441 :
550 396 665 441 sed«
689 395 778 442 Deo
811 406 958 442 nostro
987 396 1184 458 jucunda
1213 397 1269 441 sit
1299 396 1422 454 laus3
1455 413 1477 436 υ

95 467 220 527 cujus
242 482 366 512 aures
383 502 394 523 ‚
413 482 503 512 non
517 467 572 512 ad
593 483 640 512 os
654 502 665 524 ‚
690 461 772 512 sed*
785 467 841 512 ad
857 483 931 513 cor
949 488 960 526 3
984 483 1074 513 non
1096 467 1151 512 ad
1172 467 1388 526 linguam,
1405 467 1482 512 sed

97 538 153 583 ad
173 539 566 584 vitamlaudatoris
587 548 753 600 patent.

158 612 234 655 IV.
252 611 357 664 Quis
375 620 437 655 est
450 614 564 656 Deus
586 620 747 666 noster,
764 610 835 656 cui
850 609 1047 671 jucunda
1061 610 1115 655 sit
1131 610 1226 655 laus
1238 611 1256 652 ‘2
1270 610 1484 655 Dulcessit

98 680 223 725 nobis
241 715 250 731 ,
270 681 549 725 commendat
569 697 613 726 se
635 681 760 727 nobis
778 700 788 727 ι
813 681 968 740 gratias
990 680 1232 740 dignationi
1248 682 1353 741 ejus.
1380 680 1485 738 Dig-

98 760 227 796 natur
249 751 373 806 enirn⁴
384 751 689 797 commendare
706 767 750 796 se
764 751 907 807 nobis,
925 767 1015 797 non
1031 752 1155 812 quasi
1172 751 1337 813 aliquid
1359 766 1484 811 praes·

99 822 276 877 tataris,
316 821 392 866 sed
425 822 563 867 multa
598 823 653 867 ab
680 822 758 867 illo
796 822 941 882 potius
975 823 1230 883 accepturis.
1257 821 1486 876 Quomodo

100 909 204 953 ergo
225 893 502 939 commendat
526 910 570 938 se
591 894 718 938 nobis
740 896 886 939 Deus?
917 893 1080 939 Audite
1101 895 1347 955 apostolum
1374 898 1490 940 Pau-

99 963 193 1008 lum
227 982 236 1009 z
266 983 286 1006 «
311 963 602 1009 Commendat
635 973 779 1008 autem
796 1000 807 1020 ‚
842 966 987 1025 inquit
1001 1000 1012 1020 ,
1053 965 1334 1010 dilectionem
1367 980 1490 1010 suam

102 1052 124 1077 »
161 1037 276 1079 Deus
307 1035 353 1079 in
386 1034 528 1079 nobis.
557 1054 576 1076 »
603 1035 836 1089 Quomodo
861 1036 1169 1082 commendat?
1187 1037 1372 1093 Audite,
1398 1038 1491 1096 ipse

102 1105 219 1149 dicat
240 1105 475 1165 Apostolus
494 1141 505 1160 ‚
531 1115 581 1149 ut
601 1115 877 1165 comparetur
899 1116 942 1151 et
972 1107 1142 1152 Psalmo
1168 1127 1176 1152 :
1206 1127 1226 1150 «
1251 1110 1490 1152 Commen-

105 1193 126 1216 »
161 1175 263 1230 dat,
288 1175 431 1235 inquit
448 1210 460 1230 ‚
484 1174 766 1220 dilectionem
797 1191 918 1219 suam
952 1179 1067 1220 Deus
1086 1178 1132 1220 in
1154 1177 1294 1222 nobis.
1323 1196 1343 1219 »
1369 1181 1492 1232 Quo-

105 1246 238 1291 modo
272 1245 586 1291 commendat?
621 1265 641 1288 «
677 1247 895 1299 Quoniam
929 1263 1031 1291 cum
1069 1248 1213 1293 adhuc
1246 1258 1494 1308 peccatores

110 1334 131 1359 η
166 1332 353 1362 essemus
373 1352 384 1372 ,
409 1317 606 1362 Christus
626 1332 707 1377 pro
729 1318 856 1362 nobis
874 1328 1071 1363 mortuus
1093 1323 1197 1364 est¹.
1212 1337 1233 1361 »
1254 1320 1369 1373 Quid
1390 1336 1494 1379 ergo

107 1397 249 1433 servat
264 1387 566 1432 laudatoribus
584 1422 594 1442 ,
617 1388 693 1447 qui
714 1389 773 1432 sic
794 1403 838 1432 se
859 1389 1139 1435 commendat
1162 1393 1497 1450 peccatoribus?

109 1458 222 1512 Quia
240 1474 343 1517 ergo
379 1458 438 1502 sic
475 1457 584 1502 dixit
607 1458 840 1517 Apostolus
861 1459 1188 1505 commendasse
1211 1465 1351 1507 Deum
1373 1464 1499 1509 nobis

109 1527 388 1573 dilectionem
409 1543 548 1582 suam,
565 1537 615 1572 ut
632 1528 830 1573 Christus
849 1539 1090 1574 moreretur
1111 1546 1190 1590 pro
1212 1532 1355 1593 impiis
1376 1555 1387 1592 3
1407 1551 1498 1580 non

110 1607 161 1644 ut
180 1599 305 1659 impii
327 1608 627 1653 remanerent,
652 1598 729 1643 sed
756 1608 807 1643 ut
830 1608 970 1644 morte
986 1601 1091 1660 justi
1113 1602 1169 1645 ab
1200 1602 1411 1663 injustitia
1430 1621 1499 1650 sa-

110 1680 352 1716 narentur:
388 1670 460 1714 hic
491 1670 598 1729 quid
621 1668 771 1725 audis,
797 1685 899 1715 cum
931 1670 1106 1716 dixisset
1136 1691 1146 1717 z
1177 1690 1197 1714 «
1221 1676 1313 1719 Deo
1349 1686 1499 1723 nostro

114 1760 136 1785 »
165 1740 363 1803 jucunda
384 1741 438 1786 sit
455 1740 579 1785 laus?
598 1759 618 1782 n
643 1741 879 1785 Videamus
899 1742 934 1785 si
954 1742 1046 1801 ipsa
1067 1752 1132 1787 est
1151 1746 1496 1804 commendatio,

111 1829 245 1874 quam
266 1811 375 1857 dixit
390 1811 626 1871 Apostolus
650 1822 662 1856 i
688 1830 709 1854 «
741 1812 851 1864 Quia
870 1812 1071 1857 Christus
1098 1828 1178 1873 pro
1199 1819 1501 1876 peccatoribus

115 1901 138 1925 »
172 1892 216 1928 et
235 1898 316 1942 pro
336 1882 478 1942 impiis
510 1891 709 1926 mortuus
731 1890 809 1926 est.
835 1880 1074 1927 AEdificans
1094 1918 1106 1938 ,
1130 1883 1296 1944 inquit,
1322 1889 1500 1933 Jerusa-

119 1971 139 1995 »
173 1953 261 1997 lem
281 1952 515 2006 Dominus,
542 1961 584 1996 et
606 1951 891 2011 dispersiones
910 1952 1042 1996 Israel
1065 1952 1273 2013 colligens
1287 1959 1319 2000 2.
1349 1974 1369 1998 »
1389 1961 1503 2004 Ecce

115 2023 336 2068 aedificans
357 2022 597 2067 Jerusalem
620 2022 830 2066 Dominus
850 2057 861 2077 ,
889 2020 1094 2080 colligens
1116 2023 1402 2083 dispersiones
1423 2044 1506 2088 po·

117 2093 210 2154 puli
230 2093 378 2153 ipsius.
402 2092 594 2152 Populus
624 2092 740 2135 enim
757 2091 999 2136 Jerusalem
1014 2127 1025 2147 ,
1043 2093 1232 2152 populus
1256 2096 1402 2141 Israel.
1428 2101 1506 2143 Est

118 2164 355 2210 Jerusalem
384 2173 546 2208 aeterna
567 2164 612 2207 in
636 2162 756 2207 coelis
771 2197 782 2217 ‚
807 2163 885 2206 ubi
916 2163 1028 2207 cives
1051 2164 1182 2208 etiam
1204 2167 1358 2224 Angeli
1381 2179 1499 2214 sunt.

120 2235 234 2290 Quid
256 2251 359 2295 ergo
380 2235 442 2279 ibi
465 2234 629 2279 Israel?
649 2234 690 2279 Si
707 2234 930 2278 hominem
951 2234 1076 2278 illum
1097 2245 1302 2295 nepotem
1319 2239 1509 2285 Abrahae

121 2306 389 2360 consideres,
420 2304 498 2365 qui
535 2303 677 2348 dictus
709 2313 773 2348 est
805 2312 848 2348 et
877 2304 1046 2361 Jacob3
1073 2306 1296 2364 quomodo
1323 2310 1511 2368 Angelos

122 2375 407 2435 intelligimus
424 2374 588 2420 Israel?
608 2374 651 2419 Si
671 2374 1073 2433 interpretationem
1095 2376 1279 2421 nominis
1301 2378 1510 2426 discutia-

124 2463 222 2493 mus
240 2484 250 2502 ‚
284 2448 387 2508 quia
409 2456 453 2491 et
474 2446 564 2506 ipse
598 2445 735 2489 Jacob
765 2454 935 2491 mutato
956 2445 1135 2491 nomine
1157 2457 1336 2494 vocatus
1357 2461 1422 2497 est
1444 2456 1510 2497 Is-

174 2540 184 2557 ¹
213 2535 304 2565 Rom.
325 2543 360 2574 v,
376 2534 410 2573 8,
430 2542 462 2574 9.
484 2547 525 2554 --
546 2536 558 2553 ²
573 2529 654 2563 Psal.
675 2539 780 2572 cnm,
799 2539 831 2563 2.

1242 2588 1308 2628 32.
