1815 3253
363 172 606 204 ΕΝΑιιιιΑΤιο
639 175 684 202 IN
717 172 920 203 PsALMUM
952 175 1100 204 exuli.
1341 163 1426 204 429

36 254 124 284 non
138 240 360 297 domuisti,
384 257 515 302 quam
530 256 618 286 non
632 241 712 285 tibi
730 241 972 301 subjecisti,
988 240 1194 301 proponit
1214 249 1425 301 tanquam

0 323 12 355 u
34 310 209 354 athletae
231 326 309 355 suo
341 313 482 358 malus
504 314 767 373 agonotheta
802 313 1000 358 fraudem
1024 323 1067 357 et
1085 313 1257 357 lucrum
1279 348 1289 368 ,
1316 329 1426 373 opus

0 379 11 424 it
34 390 77 431 et
99 382 329 440 praemium
352 403 360 428 :
387 387 473 430 Fac
489 420 499 440 ,
521 395 564 429 et
586 384 704 429 tolle.
724 388 789 429 Tu
813 393 959 428 autem
977 384 1008 428 si
1028 382 1165 428 calcas
1182 384 1421 440 avaritiam,

0 466 11 496 ιι
32 453 66 497 si
84 452 161 497 tibi
182 454 362 499 interius
374 471 463 500 non
480 456 732 502 dominatur
747 491 758 512 ,
783 471 915 516 quam
937 455 1126 499 sentiens
1148 455 1301 510 vincis,
1320 471 1423 500 nam

0 538 10 569 ο
33 522 255 570 diabolum
280 526 554 573 insidiantem
578 544 668 573 non
690 528 818 573 sentis
845 546 854 572 z
880 526 914 571 si
935 542 1039 585 ergo
1068 526 1302 570 edomuisti
1326 542 1426 571 ava-

33 593 173 639 ritiam
190 629 201 649 ,
227 595 414 641 attendis
434 597 620 657 alterum
642 605 960 658 proponentem
983 612 1094 656 opus
1111 606 1155 640 et
1173 596 1419 655 praemium.

31 664 148 717 Quid
170 664 244 710 ille
266 669 520 727 proposuit?
554 673 586 714 F
594 669 772 714 raudem
796 677 839 712 et
859 667 1047 712 lucrum.
1085 666 1203 720 Quid
1223 667 1303 711 iste
1318 682 1424 726 pro-

30 736 184 795 ponit?
205 739 507 784 Innocentiam
530 750 572 785 et
594 755 815 786 coronam.
833 742 920 784 Fac
942 748 985 783 et
1000 737 1129 793 tolle,
1154 748 1198 782 et
1208 737 1282 782 ille
1299 737 1419 794 dicit,

30 814 73 849 et
94 806 186 850 iste.
208 810 307 852 Jam
330 818 379 853 tu
400 810 620 870 praeliator
639 810 820 855 interior
839 844 850 865 ,
875 809 909 853 si
940 824 1030 854 non
1052 824 1096 852 es
1117 808 1258 853 victus
1281 809 1424 853 avari-

30 876 89 921 tia
112 911 122 933 ,
155 878 231 921 sed
267 879 407 924 victor
443 882 662 939 avaritiae,
697 880 822 925 illum
865 879 1052 924 attendis
1068 915 1079 934 ,
1120 880 1239 924 hunc
1266 879 1418 924 vincis.

29 947 240 993 Discernis
258 950 374 994 enim
392 961 653 1013 utrumque,
671 951 830 996 etdicis
846 970 854 996 z
872 951 952 995 Hic
965 950 1093 995 video
1116 965 1224 1009 opus
1246 960 1289 994 et
1311 965 1423 1009 prae-

29 1018 166 1062 mium
182 1055 193 1075 ,
218 1019 306 1065 illic
324 1031 468 1066 autem
488 1038 646 1077 escam,
662 1032 705 1066 et
719 1025 938 1082 laqueum.
959 1023 1112 1080 Neque
1126 1020 1241 1064 enim
1256 1020 1424 1080 aliquid

23 1087 135 1134 dicis
151 1090 197 1134 in
216 1100 280 1146 te,
306 1092 428 1152 quod
450 1109 539 1137 non
557 1094 773 1153 pertineat
794 1091 850 1136 ad
872 1100 929 1135 te.
968 1091 1143 1134 Etenim
1171 1106 1221 1134 ex
1243 1100 1423 1149 peccato

30 1159 190 1205 divisus
213 1176 256 1204 es
278 1162 507 1208 adversum
521 1173 579 1208 te.
597 1163 745 1207 Trahis
759 1161 1124 1220 concupiscentiae
1142 1161 1424 1220 propaginem

29 1238 73 1273 et
99 1231 324 1276 traducem
362 1234 512 1278 mortis
550 1253 559 1279 z
585 1234 721 1278 habes
759 1241 911 1277 contra
933 1230 1054 1291 quod
1081 1246 1249 1290 pugnes
1277 1231 1324 1274 in
1355 1240 1420 1285 te,

29 1301 163 1347 habes
181 1303 304 1363 quod
320 1319 540 1364 expugnes
562 1305 608 1349 in
631 1314 688 1349 te.
719 1304 803 1350 Sed
831 1304 964 1348 habes
991 1318 1126 1363 quem
1152 1304 1348 1357 invoces,
1374 1310 1427 1346 ut

28 1383 298 1433 pugnantem
322 1374 498 1435 adjuvet
521 1385 563 1420 te
584 1411 595 1431 ,
621 1385 665 1420 et
682 1375 930 1421 vincentem
950 1382 1131 1419 coronet
1154 1383 1217 1430 te,
1241 1374 1318 1434 qui
1334 1388 1425 1418 non

29 1443 282 1488 existentem
306 1444 411 1490 fecit
432 1454 490 1490 te.

88 1516 165 1559 VI.
203 1514 437 1568 Quomodo
456 1551 466 1571 ,
491 1515 660 1576 inquis,
695 1515 897 1560 vincam?
928 1517 1042 1559 Ecce
1075 1515 1167 1574 ipse
1191 1514 1427 1573 Apostolus

22 1583 338 1629 ‘difficillimum
360 1584 563 1645 praelium
584 1585 792 1645 proponit
811 1620 823 1641 ,
855 1594 898 1629 et
926 1600 1059 1645 quam
1082 1584 1350 1629 laboriosum
1374 1584 1429 1629 sit

30 1663 105 1699 aut
126 1654 239 1700 forte
271 1655 595 1716 insuperabile,
633 1656 668 1699 si
698 1671 788 1700 non
829 1654 1056 1713 intelligo,
1094 1655 1185 1714 ipse
1217 1653 1424 1699 ostendit.

34 1741 55 1766 «
78 1726 214 1780 Caro,
240 1726 399 1786 inquit,
429 1725 699 1785 concupiscit
721 1725 925 1770 adversus
943 1725 1142 1784 spiritum
1158 1759 1169 1779 ,
1190 1733 1233 1768 et
1254 1724 1428 1784 spiritus

34 1813 54 1836 »
80 1795 284 1840 adversus
302 1812 494 1852 carnem,
510 1805 561 1840 ut
574 1812 666 1841 non
679 1811 729 1840 ea
750 1811 851 1856 quae
873 1794 1021 1851 vultis,
1036 1794 1204 1839 faciatis
1220 1796 1249 1838 1.
1271 1812 1291 1835 »
1307 1797 1429 1847 Quo-

30 1865 162 1910 modo
185 1882 254 1910 me
271 1867 400 1927 jubes
421 1868 595 1912 vincere
609 1902 620 1923 ,
640 1881 741 1911 cum
763 1865 838 1910 ille
856 1865 996 1921 dicat,
1022 1884 1042 1907 «
1066 1867 1122 1909 Ut
1143 1880 1234 1909 non
1256 1880 1306 1908 ea
1327 1880 1428 1925 quae

33 1954 54 1979 »
89 1936 220 1981 vultis
237 1972 248 1993 ,
269 1936 432 1983 faciatis
447 1940 465 1982 Ρ
480 1957 499 1980 »
517 1938 686 1992 Quaeris
699 1937 953 1998 quomodo?
967 1935 1157 1981 Attende
1173 1934 1228 1980 ad
1246 1935 1431 1995 gratiam

30 2008 139 2052 vasis
165 2008 411 2068 pastoralis,
437 2009 628 2069 lapidem
651 2008 706 2053 dc
739 2009 924 2053 flumine
951 2009 998 2053 in
1032 2008 1282 2067 exceptorio
1305 2006 1431 2052 lactis

32 2091 160 2138 pone.
195 2082 310 2124 Ecce
327 2089 371 2124 et
393 2095 474 2138 ego
496 2079 577 2123 tibi
600 2078 723 2135 dico,
756 2079 845 2123 imo
867 2079 947 2123 tibi
979 2079 1071 2138 ipsa
1097 2078 1254 2123 veritas
1286 2076 1391 2122 dicit
1417 2095 1427 2122 :

32 2151 211 2194 Prorsus
234 2166 324 2195 non
342 2150 447 2194 facis
469 2149 592 2211 quod
611 2150 675 2195 vis
689 2185 700 2206 ,
725 2159 951 2210 pugnante
969 2165 1098 2194 carne
1121 2149 1325 2194 adversus
1347 2148 1432 2208 spi-

32 2220 164 2264 ritum
182 2230 325 2265 tuum.
350 2221 392 2266 Si
410 2221 466 2264 ad
487 2221 613 2265 istam
631 2236 826 2280 pugnam
848 2220 904 2265 de
926 2229 970 2265 te
991 2220 1216 2280 praesumis
1231 2255 1241 2275 ,
1274 2219 1429 2263 admo-

34 2290 204 2335 nendus
224 2307 294 2347 es,
325 2307 380 2335 ne
406 2291 567 2335 frustra
600 2291 810 2347 audieris,
844 2310 864 2333 «
887 2290 1092 2335 Exultate
1121 2294 1211 2335 Deo
1242 2289 1431 2349 adjutori

37 2379 57 2403 »
92 2366 282 2407 nostro2.
313 2381 333 2404 »
358 2362 401 2408 Si
434 2362 548 2406 enim
580 2377 659 2422 per
690 2372 733 2407 te
771 2362 972 2422 impleres
1007 2371 1150 2406 totum
1170 2396 1181 2416 ,
1210 2376 1300 2405 non
1322 2368 1433 2404 esset

37 2433 299 2477 necessarius
321 2432 508 2492 adjutor.
534 2436 702 2478 Rursus
727 2433 763 2478 si
796 2442 847 2478 tu
878 2434 969 2493 ipse
1003 2442 1078 2477 tua
1111 2431 1338 2477 voluntate
1360 2430 1430 2473 ni»-

87 2525 95 2541 ¹
113 2518 181 2552 Gal.
204 2529 236 2561 v,
261 2530 311 2561 17.
329 2535 369 2543 -
391 2525 403 2543 ²
421 2519 618 2562 l'sal.1.xxx,
635 2529 665 2553 2.
