1815 3253
425 174 668 206 ENAnnA'rro
702 179 745 206 m
780 178 983 208 PsALMUM
1014 180 1153 208 CXLvi.
1386 171 1469 211 509

82 256 171 286 non
201 240 257 285 de
285 251 429 287 nostra
453 243 693 289 substantia
711 280 721 299 ‚
747 245 821 290 sed
843 246 897 290 de
926 247 1071 306 ipsius.
1106 246 1338 306 Participes
1367 262 1469 306 ergo

26 339 32 347 -
80 312 261 367 erimus,
287 327 417 357 nemo
447 312 640 369 dubitet,
669 316 889 375 Scriptura
922 318 1003 361 hoc
1025 316 1146 360 dixit.
1176 319 1233 361 Et
1262 319 1384 377 cujus
1409 319 1468 362 rei

79 383 309 442 participes
335 384 515 439 erimus,
553 386 675 444 quasi
695 396 834 446 partes
862 389 948 432 sint
966 387 1086 447 apud
1109 391 1269 443 Deum,
1295 399 1370 433 aut
1392 405 1469 449 per

22 491 32 499 .
78 462 220 513 partes
247 453 467 499 dividatur
490 458 631 500 Deus?
661 458 764 510 Quis
792 473 892 515 ergo
925 457 1110 517 explicat
1133 458 1355 519 quomodo
1384 460 1470 504 sint

21 562 32 570 .
75 524 307 584 participes
329 525 458 570 unius
482 526 687 586 simplicis
710 527 870 572 multi?
891 531 987 574 Non
1020 544 1123 587 ergo
1151 528 1325 586 exigatis
1347 529 1469 589 quod

21 633 31 642 .
77 604 177 654 apte
193 594 279 639 dici
302 611 391 640 non
408 611 553 655 posse,
575 607 684 657 puto
711 600 813 659 quia
836 597 991 643 videtis
1018 617 1026 643 :
1054 598 1129 643 sed
1147 598 1284 642 redite
1313 599 1368 644 ad
1397 616 1467 644 re-

76 665 270 710 medium
308 665 537 711 Salvatoris
557 688 567 725 3
610 669 821 713 conterite
855 683 928 713 cor
945 704 956 724 ‚
995 667 1294 727 confringatur
1334 670 1468 713 animi

21 777 31 784 .
76 734 236 781 duritia
253 771 264 792 ‚
295 745 546 782 conteratur
565 739 698 782 animi
725 739 978 798 pertinacia,
1003 748 1230 784 accusetur
1251 739 1297 784 in
1319 740 1436 785 malo
1453 775 1464 796 ‚

75 817 325 853 renascatur
361 809 406 852 in
442 808 574 854 bono.
616 810 782 869 Diriget
813 811 903 870 ipse
923 845 934 865 ‚
969 809 1168 869 alligabit
1199 809 1433 856 fracturam
1452 846 1464 868 ‚

75 877 365 924 consolidabit
397 880 626 925 sanitatem
658 900 667 925 :
703 889 746 925 et
782 896 871 925 non
905 890 1034 925 erunt
1063 882 1153 941 jam
1187 882 1469 941 impossibilia

74 949 200 993 nobis
217 984 228 1005 ,
261 965 361 1010 quae
384 949 516 994 modo
537 950 817 1010 impossibilia
847 961 963 996 sunt.
990 954 1160 995 Bonum
1190 961 1253 996 est
1274 952 1390 996 enim
1417 961 1468 996 ut

0 1071 1 1075 Ἰ
71 1021 332 1065 confiteatur
353 1021 673 1077 infirmitatem,
701 1022 778 1081 qui
804 1022 901 1067 vult
922 1022 1149 1082 pervenire
1180 1023 1236 1066 ad
1263 1023 1468 1067 divinita-

71 1099 175 1134 tem.
202 1110 222 1133 «
244 1090 548 1149 Intelligentiae
566 1093 658 1151 ejus
672 1107 761 1136 non
784 1101 848 1136 est
869 1107 1091 1135 numerus.
1120 1111 1141 1133 »

127 1163 229 1206 XII,
250 1160 354 1205 Ideo
368 1161 478 1221 quid
489 1161 652 1206 debeas
675 1161 817 1205 facere
835 1163 879 1204 in
901 1161 1161 1206 difficultate
1175 1161 1462 1221 intelligendi,

18 1275 27 1282 ,
71 1231 261 1276 ostendit
284 1232 365 1275 tibi
385 1267 395 1286 ‚
417 1247 518 1276 cum
541 1241 863 1292 consequenter
876 1231 1004 1287 dicit,
1028 1251 1048 1274 «
1077 1232 1322 1291 suscipiens
1345 1249 1468 1277 man-

73 1321 93 1344 »
129 1312 272 1347 suetos
294 1304 518 1347 Dominus.
548 1321 568 1345 »
591 1303 725 1347 Verbi
748 1303 905 1362 gratia,
946 1319 1036 1348 non
1058 1303 1285 1362 intelligis,
1311 1319 1467 1364 parum

10 1393 14 1435 j
70 1373 291 1432 intelligis,
307 1390 396 1419 non
410 1374 707 1434 consequeris:
728 1374 894 1418 honora
909 1374 1177 1432 Scripturam
1192 1375 1285 1429 Dei,
1298 1375 1466 1419 honora

18 1500 23 1508 ¹
69 1444 253 1488 verbum
276 1445 375 1499 Dei,
416 1444 547 1488 etiam
569 1460 659 1488 non
692 1453 892 1504 apertum
927 1443 1086 1488 :differ
1117 1444 1278 1503 pietate
1300 1443 1465 1488 intelli-

0 1512 22 1577 :J
70 1515 275 1574 gentiam.
301 1514 400 1560 Noli
417 1524 646 1574 protervus
677 1530 765 1558 esse
789 1529 988 1559 accusare
1011 1524 1088 1558 aut
1120 1514 1432 1559 obscuritatem
1449 1549 1461 1569 ‚

14 1633 23 1641 ,
71 1594 148 1630 aut
166 1585 291 1646 quasi
318 1585 645 1645 perversitatem
680 1584 929 1644 Scripturae.
971 1587 1227 1629 Perversum
1259 1584 1331 1629 hic
1355 1583 1466 1628 nihil

71 1666 157 1712 est,
183 1657 419 1701 obscurum
445 1666 590 1701 autem
628 1654 794 1716 aliquid
816 1665 906 1713 est3
943 1671 1034 1700 non
1065 1664 1115 1700 ut
1146 1655 1226 1700 tibi
1248 1665 1434 1714 negetur
1450 1690 1462 1711 ,

6 1765 13 1778 Ἰ
71 1728 146 1773 sed
168 1738 219 1773 ut
239 1738 434 1773 exerceat
456 1737 753 1788 accepturum.
780 1730 897 1786 Ergo
919 1726 1098 1787 quando
1121 1727 1358 1771 obscurum
1382 1735 1462 1782 est,

70 1801 267 1845 medicus
288 1799 400 1844 illud
431 1800 535 1845 fecit
555 1836 565 1855 ‚
590 1809 640 1844 ut
662 1799 820 1859 pulses,
848 1798 1019 1854 Voluit,
1051 1808 1102 1843 ut
1132 1798 1388 1843 exercereris
1419 1799 1466 1842 in

0 1909 12 1936 ,υ
71 1871 318 1932 pulsando3
347 1872 486 1916 voluit
503 1908 513 1927 ‚
534 1881 585 1916 ut
605 1871 797 1930 pulsanti
825 1870 1055 1931 aperiret&
1092 1869 1312 1914 Pulsando
1345 1885 1466 1914 exer-

71 1942 236 1988 ceberis
254 1964 264 2000 3
281 1944 536 1987 exercitatus
554 1941 683 1987 latior
710 1941 931 1999 efficieris3
961 1941 1089 1986 latior
1117 1940 1257 1985 factus
1277 1976 1288 1996 7
1322 1940 1465 2000 capies

0 2050 8 2079 Ξ
71 2012 192 2074 quod
217 2012 421 2057 donatur.
439 2016 557 2071 Ergo
575 2011 665 2056 noli
682 2012 897 2070 indignari
919 2011 1040 2072 quod
1057 2011 1253 2056 clausum
1269 2020 1332 2055 est
1354 2030 1362 2055 :
1380 2004 1485 2054 mi-'

7 2107 18 2140 χ
71 2085 124 2128 tis
147 2093 261 2139 esto,
293 2092 545 2127 mansuetus
568 2092 674 2127 esto.
700 2082 800 2127 Noli
834 2081 1103 2126 recalcitrare
1135 2081 1339 2126 adversus
1361 2081 1465 2125 obs-

72 2170 174 2199 cura
190 2190 200 2210 ‚
218 2163 262 2198 et
288 2154 453 2208 dicere,
473 2151 629 2198 Melius
647 2152 867 2197 diceretur
884 2188 894 2207 ‚
912 2153 1013 2197 sisic
1030 2152 1261 2197 diceretur.
1280 2150 1466 2205 Quando

2 2250 6 2256 ·
72 2225 189 2269 enim
214 2233 336 2284 potes
360 2233 407 2268 tu
430 2224 489 2267 sie
521 2223 663 2267 dicere
687 2231 762 2267 aut
787 2222 1005 2283 judicare5
1039 2223 1267 2283 quomodo
1290 2221 1377 2266 diei
1395 2237 1466 2265 ex-

3 2322 16 2355 ».
71 2294 246 2355 pediat?
271 2295 339 2340 Sic
361 2294 529 2338 dictum
552 2303 641 2348 est,
663 2292 888 2353 quomodo
905 2292 990 2336 dici
1014 2293 1180 2336 debuit.
1205 2295 1305 2337 Non
1328 2292 1465 2336 corri-

0 2408 15 2428 ,ς
74 2376 146 2426 gat
168 2382 283 2425 aeger
305 2365 623 2410 medicamenta
641 2380 716 2408 sua
732 2385 742 2422 ᾗ,
761 2365 884 2408 novit
905 2379 955 2407 ea
972 2362 1431 2407 medicusmodificare
1452 2382 1460 2406 :

74 2438 114 2482 ei
135 2437 286 2492 crede‚
305 2438 380 2497 qui
399 2446 441 2481 te
463 2445 601 2481 curat.
639 2435 745 2479 Ideo
777 2433 886 2495 quid
919 2435 1189 2494 seqiiitur?·«
1220 2434 1463 2493 Suscipiens

122 2531 131 2547 ¹
149 2523 261 2557 Matth.
287 2535 345 2565 vn,
367 2534 398 2564 7„
