1815 3253
347 181 587 211 ENAimA'l'lo
622 185 663 210 m
699 181 900 212 PsALMUM
931 184 1114 211 cxxxvii.
1330 173 1408 210 301

6 275 11 291 1
31 249 390 308 comprehensum
413 267 421 293 :
447 249 636 308 primum
653 257 902 307 surgentem
925 247 978 292 de
1000 248 1123 303 mari,
1150 247 1414 306 primogeni-

6 295 13 353 ἵ
33 329 123 372 tum
145 334 169 362 a
191 318 386 362 mortuis.
416 321 467 361 In
489 319 580 378 ejus
603 333 677 362 ore
705 318 950 362 invenimus
976 317 1083 362 duas
1108 316 1410 371 didrachmas,

8 368 74 435 id
95 398 173 445 est,
193 398 382 450 quatuor
403 388 629 433 drachmas
657 409 665 434 :
687 390 730 433 in
752 390 842 449 ejus
863 404 937 432 ore
958 388 1203 432 invenimus
1226 398 1414 448 quatuor

7 457 13 527 ’;
30 459 280 519 Evangelia.
304 459 398 504 Istis
415 468 604 519 quatuor
625 459 841 505 drachmis
859 459 915 503 ab
933 460 1158 504 exactione
1180 460 1312 519 hujus
1333 474 1415 503 szc-

6 531 13 546 ''
30 529 117 576 culi
136 529 373 575 liberamur
403 550 412 575 :
438 546 514 590 per
535 541 723 591 quatuor
745 529 978 589 Evangelia
999 530 1216 575 debitores
1238 545 1327 574 non
1345 545 1415 574 re-

11 600 312 646 manebimus.
352 600 419 645 Ibi
446 601 560 645 enim
599 610 776 662 peccata
806 610 953 645 nostra
987 601 1133 645 omnia
1165 601 1411 646 solvuntur.

11 671 249 716 Retribuit
285 686 386 730 ergo
422 687 501 732 pro
540 672 681 717 nobis.
719 671 886 716 Gratias
923 671 1228 716 misericordiae
1264 672 1412 731 ipsius.

30 741 146 787 Nihil
167 741 357 787 debebat
383 762 393 787 ι
415 758 495 803 pro
511 759 555 788 se
578 759 668 788 non
697 741 902 799 reddidit,
932 742 1009 787 sed
1025 758 1105 802 pro
1126 742 1251 787 nobis
1267 741 1417 787 reddi-

29 811 107 856 dit.
138 831 155 851 «
183 815 311 868 Ecce,
336 813 496 873 inquit,
518 814 639 859 venit
659 814 857 874 princeps
874 812 1028 857 mundi
1050 814 1196 874 hujus,
1221 822 1264 858 et
1283 813 1330 857 in
1347 828 1417 857 me

33 900 53 925 »ι
87 881 196 926 nihil
226 883 433 928 inveniet.
469 902 490 925 »
525 884 644 938 Quid
671 894 760 940 est,
797 903 815 923 «
840 887 891 928 ln
917 899 987 928 me
1014 884 1124 928 nihil
1152 884 1368 928 inveniet?
1392 903 1413 926 »

30 952 208 999 Nullum
223 962 451 1013 peccatum
473 954 519 998 in
536 970 606 999 me
628 954 820 1000 inveniet
846 974 855 1000 ε
875 970 1008 1015 quare
1030 954 1200 1000 occidat
1221 970 1307 1010 me,
1328 970 1418 999 non

31 1023 174 1070 habet.
204 1042 224 1066 «
262 1024 345 1069 Sed
364 1033 412 1068 ut
432 1024 570 1069 sciant
591 1040 758 1080 omnes,
776 1026 851 1079 ait,
869 1025 971 1085 quia
986 1024 1258 1070 voluntatem
1282 1025 1418 1069 Patris

11 1116 12 1120 ¹
37 1115 54 1138 »
88 1096 171 1139 mei
193 1095 322 1151 facio,
340 1097 518 1155 surgite,
545 1112 693 1140 eamus
708 1097 810 1141 hinc
830 1098 860 1139 1.
889 1114 910 1137 >›
937 1096 1053 1150 Quid
1074 1106 1153 1152 est,
1180 1116 1197 1136 «
1228 1097 1416 1155 Surgite‚

10 1161 13 1214 f
38 1186 54 1208 »
89 1181 236 1211 eamus
264 1168 393 1212 hinc?
429 1187 446 1208 »
481 1166 533 1212 Id
554 1177 644 1221 est,
669 1183 758 1212 non
787 1167 1038 1212 necessitate
1055 1202 1066 1222 ,
1097 1166 1173 1211 sed
1194 1166 1419 1211 voluntate

8 1226 13 1251 ¹
32 1238 187 1298 patior,
202 1237 388 1283 reddens
397 1237 519 1299 quod
540 1254 631 1283 non
652 1237 809 1283 debeo.
839 1257 860 1281 «
886 1238 1087 1293 Domine,
1110 1238 1323 1283 retribues
1341 1253 1420 1298 pro

35 1325 56 1349 ))
90 1323 175 1352 me.
205 1326 226 1350 i)

89 1380 234 1423 XVII.
266 1397 286 1421 «
310 1379 512 1433 Domine,
538 1377 829 1422 misericordia
851 1387 926 1422 tua
947 1379 992 1422 in
1009 1387 1238 1423 aeternum.
1263 1396 1284 1420 »
1305 1378 1421 1432 Quid

33 1447 303 1493 desiderem?
325 1452 423 1494 Non
451 1448 567 1493 diem
598 1449 842 1493 hominum.
873 1468 893 1491 «
924 1451 1021 1494 Non
1046 1449 1240 1494 laboravi
1270 1450 1421 1494 subse-

37 1536 58 1561 »
92 1534 230 1579 quens
257 1528 315 1574 te,
341 1519 545 1574 Domine,
575 1528 619 1563 et
641 1517 757 1563 diem
785 1519 1014 1564 hominum
1043 1535 1133 1564 non
1161 1520 1420 1580 concupivi,

0 1631 2 1639 ,
39 1609 58 1632 »
92 1599 141 1634 tu
166 1590 244 1634 scis
267 1593 299 1633 ².
331 1609 348 1632 »
379 1593 493 1635 Ecce
513 1599 680 1647 martyr
700 1599 845 1634 sancta
876 1590 1072 1650 Crispina
1097 1591 1131 1635 si
1159 1592 1424 1636 desideraret

0 1698 2 1704 ,
36 1659 151 1704 diem
172 1660 422 1716 hominum,
454 1669 630 1718 negaret
652 1660 890 1704 Christum.
918 1659 1020 1704 Plus
1043 1660 1113 1705 hic
1136 1663 1320 1717 viveret,
1348 1660 1424 1705 sed

36 1730 80 1775 in
96 1740 308 1775 aeternum
330 1746 419 1774 non
440 1732 619 1775 viveret.
641 1730 795 1775 Maluit
815 1731 860 1774 in
878 1740 1090 1774 aeternum
1113 1732 1273 1787 vivere,
1291 1747 1424 1793 quam

0 1784 4 1860 ἰ
38 1799 167 1860 paulo
197 1800 380 1860 amplius
403 1799 699 1859 temporaliter
720 1800 880 1845 vivere.
914 1801 1111 1861 Denique
1127 1837 1138 1857 ,
1168 1822 1188 1844 «
1213 1803 1421 1857 Domine,

41 1888 62 1912 »
95 1870 388 1915 misericordia
416 1880 490 1915 tua
523 1871 569 1914 in
598 1880 833 1926 aeternum,
869 1889 890 1912 »
921 1887 1010 1915 non
1039 1871 1093 1915 ad
1123 1882 1294 1932 tempus
1324 1872 1425 1917 volo

0 1940 16 2002 ΙΙ
39 1939 224 1985 liberari.
260 1960 277 1981 «
304 1939 599 1985 Misericordia
631 1950 708 1985 tua
735 1943 780 1985 in
813 1949 1026 1985 aeternum
1045 1976 1056 1997 ,
1093 1958 1179 2002 qua
1212 1945 1426 2000 Martyres

0 2009 16 2072 ᾖ
39 2010 245 2066 liberasti,
270 2020 313 2055 et
327 2011 386 2056 sic
400 2012 486 2056 cito
506 2010 561 2055 de
577 2012 658 2056 hac
675 2011 764 2072 Yita
786 2010 1015 2056 abstulisti.
1046 2031 1067 2055 «
1084 2013 1283 2069 Domine,
1303 2013 1427 2057 mise-

0 2079 15 2143 ¹J
45 2101 64 2123 »
96 2082 281 2127 ricordia
297 2091 372 2126 tua
394 2083 440 2126 in
463 2091 693 2127 aeternum.
725 2102 742 2124 »

2 2145 14 2225 τ’
97 2155 262 2198 XVIII.
293 2172 310 2193 «
346 2154 487 2213 Opera
515 2168 726 2198 manuum
748 2162 922 2198 tuarum
946 2169 1001 2197 ne
1022 2153 1245 2214 despicias.
1283 2175 1301 2196 »
1329 2158 1427 2202 Non

0 2224 16 2285 τέ
44 2222 161 2280 dico,
182 2224 387 2279 Domine,
408 2240 463 2267 ne
488 2223 697 2284 despicias
714 2240 844 2285 opera
862 2240 1076 2269 manuum
1094 2241 1289 2270 mearum
1305 2262 1315 2282 ,
1338 2243 1428 2272 non

0 2318 17 2356 s·
45 2308 112 2337 me
122 2295 241 2354 jacto
262 2293 317 2338 de
334 2294 538 2353 operibus
560 2295 681 2339 meis.
706 2317 725 2337 ι(
747 2295 969 2355 Exquisivi
991 2295 1169 2355 quidem
1192 2297 1428 2341 Dominum

1 2405 8 2425 ‚
48 2381 69 2405 »
103 2364 299 2408 manibus
317 2364 422 2407 meis
439 2373 566 2408 nocte
578 2380 723 2408 coram
740 2380 808 2420 eo,
827 2374 870 2409 et
887 2381 976 2409 non
994 2381 1090 2409 sum
1116 2365 1323 2426 deceptus
1336 2369 1349 2393 ³
1372 2387 1380 2412 ε
1407 2388 1424 2409 s)

0 2469 9 2499 Β
48 2433 131 2480 sed
152 2443 297 2478 tamen
323 2450 412 2479 non
434 2434 694 2479 commendo
721 2450 851 2494 opera
873 2451 1083 2479 manuum
1111 2452 1328 2492 mearum,
1356 2438 1429 2482 Ti-

0 2556 4 2582 t
97 2529 104 2542 ¹
125 2520 214 2551 Joan.
235 2530 298 2560 xiv,
320 2517 374 2559 30,
398 2519 451 2551 31.
467 2535 509 2542 --
530 2524 543 2541 ²
562 2520 683 2551 Jerem.
703 2528 782 2560 xvn,
806 2519 855 2551 16.
877 2535 919 2542 ·—
941 2517 953 2542 3
979 2520 1058 2552 Psal.
1079 2531 1186 2562 Lxxvi,
1207 2520 1237 2553 3,

24 2733 28 2910 ἒ

24 2926 28 3024 z

26 3030 31 3253 J
