1815 3253
346 213 427 251 118
789 226 823 253 s.
858 223 1088 255 Aucus-nm
1118 212 1300 254 Emscoi’I

345 287 514 331 bemus.
539 286 644 333 Ideo
665 288 781 333 enim
804 289 915 334 forte
935 290 1158 335 obscurius
1176 289 1367 350 positum
1383 297 1445 333 est
1458 323 1469 344 ‚
1489 297 1539 333 ut
1558 286 1721 333 multos

342 355 588 402 intellectus
618 368 823 416 generet,
859 367 902 402 et
923 358 1097 404 ditiores
1120 359 1344 404 discedant
1364 358 1585 415 homine33
1621 358 1722 418 quia

344 427 539 471 clausum
555 428 815 472 invenerunt
838 429 958 488 quod
975 428 1121 473 multis
1143 429 1282 473 modis
1306 428 1566 486 aperiretur,
1589 442 1722 487 quam

343 498 376 541 si
400 512 489 541 uno
511 497 642 541 modo
676 507 875 556 apertum
908 499 1167 543 invenirent*
1210 498 1393 542 Dicimus
1416 497 1558 541 excuti
1594 498 1722 540 etiam

345 565 509 626 aliquid
526 602 535 619 ,
561 576 611 610 ut
633 576 753 611 exeat
774 568 875 611 inde
892 567 1012 627 quod
1034 567 1144 612 forte
1166 567 1469 612 absconditum
1492 575 1569 610 est.
1590 566 1723 610 Aliter

343 637 457 679 enim
474 636 656 680 dicimus
673 638 814 681 excuti
832 647 994 682 vestem
1009 673 1019 693 ,
1039 648 1089 682 ut
1106 639 1327 682 excutiant
1347 638 1449 681 inde
1471 637 1693 696 pulverem
1709 657 1719 694 3

344 716 387 751 et
401 707 523 751 aliter
545 707 729 752 dicimus
751 710 891 752 excuti
912 724 1083 753 saccum
1099 744 1110 763 ‚
1135 719 1185 752 ut
1206 708 1317 752 illud
1338 707 1457 766 quod
1474 708 1590 750 intus
1612 706 1722 750 late-

343 777 440 831 bat,
482 787 616 822 exeat.
653 781 769 836 Ergo
806 779 1003 838 intelligo
1017 814 1032 834 ,
1066 778 1238 832 fratres,
1275 786 1488 837 quantum
1520 791 1717 835 possum,

339 845 450 889 filios
478 860 753 890 excussorum
785 846 962 891 fortasse
999 848 1113 907 ipsos
1140 846 1375 906 Apostolos
1407 846 1571 900 dictos,
1611 845 1720 890 filios
1748 870 1757 875 -

340 917 672 975 Prophetarum.
687 918 915 977 Prophetae
933 919 1047 962 enim
1066 917 1207 963 clausa
1225 925 1491 962 sacramenta
1513 925 1555 960 et
1573 927 1721 975 operta

339 986 624 1030 continebant
647 1006 655 1030 :
682 989 844 1031 excussi
858 997 981 1043 sunt,
998 998 1048 1032 ut
1061 987 1163 1032 inde
1181 986 1405 1031 manifesta
1418 985 1716 1046 procederent.

340 1059 450 1100 Puta
482 1071 582 1114 ergo
616 1058 875 1116 Prophetam
906 1058 1085 1113 dixisse,
1111 1057 1222 1102 sicut
1253 1067 1294 1102 et
1319 1057 1453 1110 dixit,
1489 1075 1509 1098 «
1531 1055 1737 1114 Agnovit-

342 1143 362 1168 »
390 1126 468 1170 bos
493 1142 772 1185 possessorem
797 1143 924 1171 suum
940 1163 950 1182 ,
987 1137 1030 1172 et
1051 1127 1194 1171 asinus
1217 1142 1407 1186 praesepe
1429 1127 1601 1171 Domini
1623 1126 1686 1169 sui
1706 1161 1717 1181 ‚

342 1214 363 1237 )›
388 1196 519 1241 Israel
541 1206 684 1240 autem
708 1213 777 1241 me
799 1213 888 1241 non
906 1197 1151 1256 cognovit1.
1185 1218 1201 1239 »
1229 1200 1322 1242 Hoc
1343 1197 1449 1241 mihi
1472 1196 1643 1241 interim
1667 1196 1721 1241 ad

341 1281 529 1326 praesens
551 1269 761 1323 occurrit,
792 1268 912 1328 quod
948 1267 1002 1312 de
1042 1269 1259 1327 Propheta
1291 1267 1478 1312 dicerem
1503 1287 1511 1312 :
1538 1268 1569 1311 si
1603 1265 1722 1311 aliud

340 1337 619 1392 occurrisset,
659 1338 742 1381 hoc
774 1337 991 1382 dixissem.
1018 1341 1111 1382 Hoc
1133 1347 1278 1383 autem
1302 1338 1479 1382 audiens
1500 1338 1654 1393 homo,
1689 1338 1722 1382 si
1768 1348 1771 1373 ἒ

339 1406 507 1450 asinum
529 1415 572 1450 et
604 1406 783 1458 bovem,
809 1415 852 1451 et
869 1422 1022 1466 pecora
1046 1417 1088 1451 et
1099 1409 1297 1467 jumenta
1324 1423 1422 1467 quae
1444 1407 1582 1469 videt,
1608 1407 1722 1465 cogi-

340 1477 517 1534 taverit3
548 1477 693 1521 nescio
719 1476 827 1537 quid
854 1478 970 1522 intus
994 1488 1201 1537 tanquam
1220 1477 1264 1521 in
1286 1478 1512 1522 involucro
1532 1477 1721 1537 positum

340 1545 575 1590 forinsecus
597 1547 899 1605 pertractabit,
936 1547 1042 1608 quid
1064 1548 1125 1591 ibi
1148 1548 1200 1591 sit
1222 1548 1373 1592 nescit.
1401 1548 1556 1591 Asinus
1579 1557 1621 1591 ct
1643 1547 1720 1592 bos

339 1615 503 1675 aliquid
526 1616 784 1674 significant.
811 1617 927 1669 Quid
943 1631 1042 1674 ergo
1064 1616 1221 1661 dicitur
1234 1618 1398 1661 homini
1415 1618 1504 1677 jam
1525 1632 1721 1676 pronun-

341 1686 446 1730 tiare
483 1685 672 1730 volenti?
699 1695 898 1745 expecta,
929 1685 1125 1731 clausum
1148 1697 1212 1731 est
1234 1688 1355 1747 quod
1382 1687 1544 1745 tangis,
1570 1695 1720 1731 excute
1762 1701 1765 1718 ι’

338 1753 613 1799 involucrum
636 1774 644 1799 ε
669 1756 883 1814 Propheta
913 1757 1056 1813 nescio
1093 1756 1198 1816 quid
1225 1756 1307 1800 illis
1325 1756 1618 1801 velaminibus
1640 1772 1719 1800 no-
1762 1762 1763 1766 ’

338 1827 504 1868 minum
532 1825 666 1876 texit3
691 1825 889 1870 etnescio
902 1841 1033 1885 quem
1046 1826 1229 1881 asinum,
1245 1827 1388 1870 nescio
1408 1842 1538 1886 quem
1564 1826 1716 1870 hovem'
1760 1854 1762 1885 J

338 1894 564 1952 significat.
590 1897 699 1939 Nam
737 1895 880 1938 asinus
912 1895 955 1938 in
991 1896 1128 1954 figura
1164 1895 1315 1954 populi
1345 1896 1443 1950 Dei,
1470 1897 1718 1955 jumentum

338 1964 415 2008 Dei
433 1973 516 2017 est,
538 1974 714 2022 portans
728 1979 933 2008 sessorem
951 1966 1184 2008 Dominum
1203 1980 1258 2008 ne
1276 1973 1387 2008 erret
1402 1965 1446 2008 in
1464 1965 1529 2008 via
1550 1985 1558 2009 ;
1585 1965 1718 2019 ethos

336 2031 410 2075 ille
431 2032 486 2075 de
503 2048 591 2092 quo
614 2032 718 2076 dicit
731 2032 978 2092 Apostolus,
1001 2053 1020 2075 «
1042 2034 1146 2078 Bovi
1170 2033 1389 2078 trituranti
1412 2050 1458 2077 os
1482 2050 1568 2078 non
1587 2033 1718 2078 infre·
1757 2052 1760 2065 1

340 2120 360 2143 »
386 2103 508 2146 nabis
520 2106 551 2146 2.
580 2121 599 2143 »
623 2104 848 2162 Numquid
870 2104 923 2147 de
948 2104 1087 2148 bobus
1109 2104 1295 2162 pertinet
1312 2103 1367 2147 ad
1387 2107 1524 2147 Deum
1542 2139 1552 2159 ,
1579 2104 1717 2148 dixit?
1756 2103 1758 2134 ἴ

338 2171 423 2216 Sed
445 2181 620 2230 propter
642 2188 719 2216 nos
743 2173 963 2232 Scriptura
986 2173 1103 2217 dicit,
1130 2173 1279 2217 Omnis
1294 2187 1394 2230 ergo
1412 2174 1486 2232 qui
1510 2173 1715 2232 praedicat
1754 2185 1757 2222 ἒ

334 2243 519 2287 verbum
542 2243 618 2286 Dei
633 2278 644 2298 ‚
670 2252 840 2298 monet,
866 2244 1095 2302 objurgat,
1116 2252 1271 2294 terret3
1292 2243 1465 2287 triturat
1487 2259 1645 2298 aream,
1671 2253 1714 2288 et
1753 2283 1755 2304 1

332 2311 454 2356 bovis
472 2311 624 2370 implet
645 2312 853 2355 officium.
879 2312 1090 2355 Veniebat
1114 2312 1189 2356 bos
1212 2311 1266 2356 de
1289 2322 1416 2371 gente
1436 2315 1461 2356 J
1467 2312 1707 2367 udaeorum‚

332 2380 434 2425 inde
466 2381 581 2424 enim
607 2381 907 2440 praedicatores
939 2381 1133 2440 Apostoli
1160 2402 1168 2427 :
1194 2383 1396 2426 veniebat
1429 2392 1472 2426 et
1493 2383 1633 2426 asinus
1657 2382 1711 2427 de
1751 2375 1754 2423 s

330 2459 458 2508 gente
479 2451 678 2509 praeputii
695 2485 705 2505 ,
727 2450 771 2493 id
789 2459 873 2504 est,
897 2467 920 2494 a
939 2450 1308 2496 Gentibus.Vcnit
1321 2453 1437 2496 enim
1449 2461 1497 2496 ut
1516 2461 1708 2511 portaret

382 2543 390 2559 ¹
415 2537 526 2577 Isai'.1‚
547 2536 578 2568 3.
599 2552 640 2559 -·
659 2543 671 2559 ²
695 2548 706 2568 1
727 2538 935 2577 Cor.1x‚10.
