1815 3253
349 228 433 267 278
788 237 822 268 s.
858 236 1087 269 Auens-nm
1117 241 1299 270 EPISCOPI

352 322 374 346 »
408 302 516 365 quid
535 318 762 363 possumus
789 323 798 349 ε
821 304 987 364 victum
1006 315 1050 350 et
1069 315 1370 364 tegumentum
1395 307 1627 364 habentes,
1657 307 1724 352 his

355 394 375 418 »
410 375 604 420 contenti
626 375 771 419 simus.
795 377 904 420 Nam
926 376 1001 436 qui
1023 376 1177 421 volunt
1197 378 1350 423 divites
1385 378 1478 422 fieri
1493 413 1504 434 ,
1528 377 1731 423 incidunt

354 464 376 489 »
411 447 458 490 in
479 446 762 491 tentationem
783 455 827 490 et
839 446 1046 490 desideria
1069 447 1206 493 multa
1220 483 1231 504 ,
1256 448 1387 493 stulta
1401 457 1444 493 et
1466 448 1612 505 noxia,
1633 463 1732 508 quae

360 535 381 558 n
415 526 619 575 mergunt
640 517 861 561 hominem
877 517 921 560 in
939 517 1162 562 interitum
1180 527 1222 563 et
1235 518 1563 578 perditionem1.
1588 537 1609 561 »
1628 521 1734 564 Haec

351 598 453 634 sunt
474 588 655 633 flumina
677 588 926 645 Babylonis.
953 607 972 630 «
996 587 1133 632 Radix
1156 599 1219 634 est
1241 591 1357 634 enim
1379 590 1575 634 omnium
1597 589 1735 634 malo-

359 679 379 702 »
416 675 512 704 rum
535 659 710 704 avaritia
725 694 736 714 ,
753 674 885 719 quam
903 660 1082 719 quidam
1104 669 1354 719 appetentes
1366 660 1736 719 naufragaverunt

353 748 377 775 a
399 730 510 785 fide,
532 740 576 774 et
596 731 870 774 inseruerunt
904 746 948 774 se
981 730 1204 776 doloribus
1238 731 1425 776 multis2.
1454 750 1473 774 »
1500 735 1616 790 Ergo
1635 747 1737 776 con-

355 802 483 846 traria
506 810 607 844 sunt
636 801 712 845 ista
736 802 929 846 cantica?
951 804 1047 846 Non
1067 811 1168 846 sunt
1189 803 1418 847 contraria.
1444 802 1600 846 Videte
1629 801 1738 862 quid

357 873 565 918 divitibus
585 872 751 916 dictum
784 873 866 927 sit,
896 893 915 915 «
939 875 1038 918 Non
1066 874 1252 933 superbe
1274 890 1421 934 sapere
1437 909 1448 930 ,
1474 889 1617 934 neque
1639 888 1738 933 spe—-

359 962 379 985 »
415 959 508 987 rare
529 944 574 987 in
595 942 762 987 incerto
784 942 1056 988 divitiarum³
1074 979 1085 999 ,
1114 962 1134 985 »
1155 944 1270 988 bona
1297 945 1490 1003 operari,
1517 944 1710 988 tribuere
1724 975 1738 999 5

360 1032 379 1055 n
416 1015 704 1058 thesaurizare
726 1014 806 1058 sibi
830 1013 1168 1058 fundamentum
1200 1015 1366 1059 bonum
1400 1015 1445 1057 in
1472 1013 1685 1058 futurum.
1715 1031 1735 1056 η

360 1085 630 1143 Pauperibus
658 1093 803 1128 autem
835 1084 942 1144 quid
964 1083 1129 1128 dictum
1148 1086 1234 1128 est?
1257 1104 1276 1126 «
1299 1084 1385 1137 Qui
1411 1083 1567 1129 volunt
1588 1082 1740 1129 divites

361 1172 381 1196 »
415 1155 529 1209 fieri,
554 1153 754 1198 incidunt
772 1155 814 1197 in
840 1155 1138 1198 tentationem.
1165 1173 1183 1195 »
1203 1157 1301 1200 Non
1324 1154 1457 1208 dixit,
1483 1154 1566 1206 Qui
1589 1153 1742 1198 divites

358 1234 460 1269 sunt
491 1244 500 1268 ε
524 1224 598 1268 sed
614 1260 624 1278 ,
655 1244 674 1266 «
694 1225 775 1277 Qui
794 1224 951 1268 volunt
972 1223 1125 1268 divites
1146 1224 1252 1267 fieri.
1272 1227 1415 1269 »Nam
1430 1224 1463 1268 si
1481 1225 1569 1284 jam
1589 1223 1741 1268 divites

360 1304 517 1348 essent,
538 1295 722 1338 alterum
742 1294 961 1338 canticum
986 1293 1199 1338 audirent.
1219 1294 1344 1339 Dives
1366 1294 1488 1338 audit
1503 1303 1552 1338 ut
1564 1302 1738 1352 eroget,

359 1380 525 1424 pauper
546 1364 667 1408 audit
688 1380 743 1407 ne
765 1363 994 1407 desideret.

420 1438 517 1480 XV.
547 1435 631 1479 Sed
649 1450 749 1478 cum
781 1435 895 1479 inter
912 1434 1016 1478 tales
1047 1434 1304 1490 versamini,
1340 1436 1416 1495 qui
1444 1451 1533 1479 non
1566 1434 1745 1494 capiunt
1769 1464 1774 1476 ,

362 1506 580 1551 canticum
607 1505 736 1559 Sion,
773 1504 1044 1563 suspendite,
1071 1514 1120 1548 ut
1141 1503 1251 1560 dixi,
1284 1521 1444 1564 organa
1467 1505 1514 1548 in
1545 1505 1746 1549 salicibus

363 1577 409 1620 in
426 1575 570 1619 medio
599 1576 690 1635 ejus
716 1594 724 1619 ε
751 1575 924 1618 differte
956 1590 1054 1635 quae
1077 1574 1237 1618 dicturi
1266 1577 1380 1619 estis.
1417 1575 1637 1634 Incipiunt
1659 1588 1748 1619 esse
1813 1574 1815 1615 3

366 1646 482 1704 ligna
508 1644 728 1689 fructuosa
744 1679 755 1698 ,
782 1653 1009 1688 mutantur
1030 1644 1227 1699 arbores,
1243 1645 1525 1689 ethabebunt
1555 1644 1749 1688 fructum
1813 1660 1815 1674 ¹

366 1720 533 1763 bonum
559 1738 570 1775 3
595 1717 656 1760 ibi
672 1718 761 1776 jam
782 1716 885 1760 licet
907 1716 1031 1760 nobis
1047 1726 1221 1760 cantare
1242 1716 1287 1759 in
1312 1732 1435 1760 aures
1458 1715 1745 1760 audientium.

372 1788 456 1834 Sed
489 1804 589 1832 cum
620 1788 733 1831 inter
764 1787 867 1831 istos
900 1787 1221 1846 obstrepentes,
1260 1786 1373 1831 male
1408 1788 1748 1845 interrogantes,
1814 1812 1815 1818 =

369 1860 540 1905 veritati
564 1859 806 1903 resistentes
823 1858 1073 1914 versamini,
1098 1858 1350 1916 obstringite
1366 1873 1440 1902 vos
1457 1874 1546 1902 non
1567 1857 1627 1901 eis
1642 1855 1751 1902 velle

370 1931 565 1991 placere,
591 1945 646 1973 ne
668 1928 983 1973 obliviscamini
1005 1927 1244 1972 Jerusalem
1269 1948 1278 1973 :
1304 1937 1347 1973 et
1369 1928 1485 1973 dicat
1506 1944 1592 1972 una
1610 1928 1752 1972 anima
1813 1943 1815 1962 ³

373 2010 544 2056 vestra,
567 1999 680 2043 facta
701 2015 788 2042 una
811 2014 863 2042 ex
885 1998 1033 2042 multis
1055 2014 1160 2058 pace
1181 1998 1362 2053 Christi,
1394 1998 1512 2042 dicat
1540 1998 1629 2056 ipsa
1651 2012 1753 2056 cap·
1775 2034 1778 2039 .
1814 2014 1815 2018 ¹

368 2072 456 2116 tiva
478 2069 716 2114 Jerusalem
738 2069 808 2113 hic
832 2083 962 2127 agens
982 2069 1029 2112 in
1050 2078 1184 2123 terra,
1213 2087 1234 2110 «
1252 2069 1295 2113 Si
1316 2067 1477 2112 oblitus
1503 2068 1569 2112 tui
1597 2065 1722 2111 suero
1737 2100 1750 2122 ‚
1813 2084 1815 2089 ¹

375 2160 395 2182 »
431 2139 670 2185 Jerusalem
688 2174 699 2194 ,
721 2138 1000 2182 obliviscatur
1022 2153 1091 2181 me
1113 2136 1289 2181 dextera
1307 2139 1444 2182 mea4.
1469 2155 1488 2179 »
1509 2138 1754 2181 Vehemen-
1774 2175 1776 2177 ,
1813 2139 1815 2181 ἶ

372 2221 438 2255 ter
459 2225 502 2254 sc
524 2208 779 2254 constrinxit
793 2243 803 2262 ,
830 2207 982 2252 fratres
1001 2208 1085 2251 mei
1111 2227 1119 2253 :
1150 2227 1168 2249 «
1193 2207 1482 2252 Obliviscatur
1499 2223 1568 2252 me
1581 2207 1754 2252 dextera
1813 2224 1815 2251 !

375 2300 395 2324 »
431 2296 526 2325 mea
552 2296 561 2321 z
590 2279 832 2323 »atrociter
854 2294 897 2322 se
930 2278 1154 2336 obligavit.
1193 2281 1372 2321 Dextera
1405 2287 1549 2322 nostra
1572 2287 1635 2321 est
1667 2277 1754 2327 vita

372 2362 555 2405 aeterna,
580 2350 747 2394 sinistra
768 2358 912 2393 nostra
928 2359 991 2393 est
1007 2349 1093 2393 vita
1119 2348 1379 2407 temporalis.
1407 2347 1629 2408 Quidquid
1652 2346 1754 2392 facis

372 2431 550 2481 propter
581 2421 713 2464 vitam
750 2429 984 2473 aeternam,
1021 2419 1195 2462 dextera
1225 2427 1444 2477 operatur.
1479 2418 1520 2462 Si
1553 2416 1751 2461 charitati
1814 2442 1815 2458 η

373 2491 473 2535 vitre
494 2499 667 2533 aeternae
695 2490 739 2532 in
763 2489 965 2547 operibus
997 2488 1081 2531 tuis
1114 2487 1329 2531 miscueris
1358 2487 1754 2545 'concupiscentiam

427 2583 434 2596 ¹
466 2588 472 2605 ι
494 2575 573 2605 Tim.
595 2585 638 2613 vn,
661 2585 734 2615 5-9.
761 2591 802 2595 —
822 2581 832 2594 ⁷
854 2573 934 2603 lbial.
960 2584 1006 2604 10.
1030 2590 1068 2594 -—
1089 2571 1196 2603 31bid.
1227 2583 1277 2613 17,
1303 2575 1350 2604 18.
1370 2589 1411 2593 —
1435 2570 1449 2600 4
1479 2571 1558 2603 Psal.
1576 2581 1705 2612 cxxxvi,
1721 2569 1751 2602 5.
