1815 3253
401 185 642 215 ENARRA'MO
675 189 716 214 IN
753 187 955 216 l’sALMUM
986 190 1126 215 cxmv.
1363 178 1445 218 ‘165

67 246 223 292 tradidi
248 253 378 293 euml
413 270 421 296 :
454 253 545 312 jam
567 262 772 312 computa
796 253 841 296 in
874 252 1066 298 redditis.
1094 257 1204 311 Lege
1227 256 1449 314 chirogra-

63 318 200 376 phum
234 335 243 360 z
282 321 458 380 promisi
493 321 553 366 ibi
582 323 739 382 pignus
779 324 962 383 Spiritus
984 325 1120 369 sancti
1149 340 1218 368 me
1241 325 1448 371 daturum

63 402 141 447 per
163 388 324 435 Filium
346 407 491 452 meum
520 412 528 436 :
554 403 759 453 computa
794 394 1031 438 redditum.
1059 395 1241 440 Promisi
1263 396 1325 440 ibi
1347 400 1449 441 siin-

65 459 240 517 guinem
256 471 298 506 et
315 478 495 507 coronas
512 466 755 521 Martyrum
773 463 1203 522 gloriosissimorum
1215 501 1226 522 ,
1244 477 1450 526 computa

64 530 284 576 redditum
303 553 315 590 ς
332 532 563 578 admoneat
586 543 626 577 te
643 537 781 579 Massa
802 532 959 578 redditi
980 533 1119 579 debiti
1136 535 1221 579 mei
1236 539 1344 594 (13).
1368 537 1454 582 Sed

64 609 109 645 et
129 602 224 647 haec
247 603 383 662 gloria
404 606 650 661 Martyrum
672 613 721 648 ut
745 602 1001 648 redderetur
1015 639 1026 660 ‚
1057 605 1139 649 tibi
1166 607 1374 665 promissa
1409 608 1456 651 in

64 673 379 733 chirographo,
401 674 479 718 ubi
501 675 712 734 scriptum
726 683 811 729 est,
833 693 853 716 «
876 678 1057 734 Propter
1079 683 1120 719 te
1141 677 1456 721 mortificamur

68 761 89 784 »
125 752 215 788 tota
235 743 306 789 die
320 747 335 771 3
355 766 365 803 3
392 763 412 786 »
436 754 486 789 ut
507 746 591 790 hoc
610 744 866 789 redderetur
884 779 896 800 ‚
925 764 946 788 «
969 748 1263 791 Fremuerunt
1279 756 1427 806 gentes
1442 783 1454 803 ‚

69 832 89 855 »
124 824 168 859 et
188 816 340 876 populi
359 815 555 861 meditati
577 825 680 861 sunt
697 816 864 872 inania,
890 816 1121 861 astiterunt
1149 833 1271 877 reges
1299 827 1453 875 terrae,

69 903 89 926 »
121 894 165 930 et
185 887 380 946 pincipes
399 897 701 932 convenerunt
725 888 770 931 in
801 903 940 933 unum
965 887 1169 933 adversus
1190 890 1425 934 Dominum
1444 925 1455 945 ‚

70 974 90 997 »
125 965 169 1001 et
183 956 388 1002 adversus
406 959 629 1003 Christum
652 959 744 1018 ejus
760 960 791 1002 4.
821 976 841 999 »
860 958 1080 1017 Principes
1095 970 1396 1004 convenerunt
1412 961 1459 1005 in

65 1042 226 1083 unum,
246 1028 542 1088 conspirantes
564 1028 768 1073 adversus
789 1028 1070 1074 Christianos.
1093 1029 1234 1085 Quid,
1263 1031 1458 1090 ipsorum

0 1089 1 1092 Ἴ
64 1113 216 1156 regum
238 1098 370 1143 fidem
385 1135 395 1154 ‚
433 1115 580 1143 nonne
612 1108 656 1143 et
676 1099 855 1158 promisi
876 1100 922 1143 in
944 1100 1233 1159 chirographo
1249 1136 1260 1156 ‚
1300 1111 1344 1145 et
1365 1102 1461 1145 red-

63 1169 155 1215 didi
177 1170 222 1214 in
244 1171 406 1214 ess'eetu
424 1172 441 1212 ‘3
459 1169 650 1214 Attende
672 1171 750 1214 ubi
771 1171 950 1230 promisi
977 1189 985 1214 :
1016 1190 1036 1212 «
1073 1170 1334 1216 Adorabunt
1358 1188 1461 1216 eum

0 1231 1 1290 J
65 1259 86 1282 »
123 1256 272 1285 omnes
291 1256 409 1298 reges
433 1250 558 1284 terrae
575 1275 585 1294 ‚
623 1256 775 1285 omnes
803 1250 953 1299 gentes
985 1241 1175 1286 servient
1203 1242 1311 1288 ifli⁵.
1342 1262 1362 1284 »
1385 1247 1460 1288 In-

0 1299 3 1306 *
63 1321 205 1371 grate,
231 1312 337 1371 legis
359 1311 560 1356 debitum
579 1312 718 1355 cernis
740 1311 963 1356 redditum
984 1346 994 1367 ,
1013 1328 1103 1357 non
1124 1312 1262 1357 credis
1280 1315 1462 1373 promis-

0 1428 4 1436 ,
62 1385 190 1428 sum?
225 1386 339 1441 Lege
363 1382 481 1426 aliud
514 1383 560 1426 in
583 1382 876 1442 chirographo
910 1397 1040 1427 meo:
1075 1385 1336 1436 «Quoniam
1371 1384 1461 1429 fre—

0 1499 5 1508 ,
64 1472 84 1495 »
120 1462 328 1497 muerunt
351 1462 499 1512 gentes
525 1473 533 1496 :
559 1452 779 1506 Quoniam
806 1452 970 1496 inimici
994 1452 1079 1496 mei
1116 1452 1322 1499 dixerunt
1344 1456 1460 1501 mala

0 1571 4 1578 Ι
64 1542 84 1564 »
120 1524 249 1578 mihi,
270 1524 354 1567 hoc
377 1532 442 1567 est
475 1523 647 1567 Christo
667 1541 676 1567 :
697 1522 885 1575 Quando
908 1522 1120 1566 morietur
1141 1533 1184 1566 et
1199 1524 1359 1583 peribit
1376 1542 1459 1571 no-

64 1612 84 1636 »
121 1609 221 1637 men
252 1594 343 1654 ejus
359 1595 402 1637 ⁶?
427 1612 447 1635 »
487 1593 703 1647 Quoniam
723 1593 816 1636 haec
839 1592 985 1636 omnia
1015 1591 1216 1637 fecerunt
1237 1604 1368 1654 atque
1390 1597 1459 1640 di-

61 1673 260 1719 xe1·unt‚'
280 1663 375 1721 lege
397 1663 517 1723 quod
544 1663 748 1722 promisi,
781 1662 851 1706 eui
882 1669 957 1705 me'
985 1661 1195 1707 solvendo
1227 1664 1453 1713 obstrinxi.

0 1780 6 1789 ¹
65 1753 86 1776 «
121 1733 381 1778 Praevalebit
419 1733 631 1778 Dominus
673 1733 878 1777 adversus
920 1747 1019 1788 eOS‚
1064 1742 1108 1777 et
1150 1735 1456 1782 exterminabit

64 1823 84 1846 »
121 1821 272 1849 omnes
293 1804 397 1849 deos
432 1805 628 1863 gentium
657 1813 806 1858 terrae,
833 1811 877 1846 et
911 1802 1161 1848 adorabunt
1191 1820 1292 1848 eum
1317 1822 1455 1852 unus-

65 1893 84 1916 »
120 1877 306 1936 quisque
319 1876 374 1919 de
394 1873 492 1919 loeo
523 1875 643 1918 suo7.
669 1875 877 1932 »Nempe
902 1873 992 1933 jam
1020 1874 1276 1932 praevaluit,
1313 1886 1454 1922 exter-

61 1947 242 1991 minavit
258 1961 408 1991 omnes
430 1945 533 1990 deos
556 1944 752 2004 gentium
783 1953 922 1987 terrae.
957 1946 1113 1989 Nonne
1140 1954 1184 1989 et
1210 1946 1294 1990 hoc
1318 1947 1450 2006 facit,

0 2063 8 2073 ,
60 2026 104 2062 et
130 2018 214 2060 hoc
251 2015 426 2060 reddit?
464 2019 577 2060 Ante
612 2014 761 2060 oeulos
794 2013 990 2058 omnium
1029 2015 1155 2074 ponit
1190 2015 1452 2064 solutionem

0 2135 8 2145 ⁸
60 2087 311 2132 debitorum
327 2101 506 2130 suorum
532 2104 541 2129 :
562 2083 766 2145 quaedam
787 2082 979 2127 reddidit
999 2085 1081 2128 sub
1101 2086 1337 2145 majoribus
1355 2104 1454 2134 nos-

61 2159 137 2202 tris
154 2193 164 2213 ,
189 2173 288 2218 quae
304 2172 382 2201 nos
399 2172 489 2201 non
511 2154 698 2201 vidimus
718 2175 728 2212 3
748 2155 952 2216 quaedam
974 2155 1166 2200 reddidit
1183 2160 1452 2217 temporibus

61 2230 218 2273 nostris
235 2264 247 2284 ,
271 2244 371 2288 quse
404 2227 466 2271 illi
489 2243 578 2271 non
599 2226 805 2271 viderunt
829 2245 838 2270 ε
864 2242 942 2285 per
977 2242 1127 2271 omnes
1153 2231 1452 2286 generationes

61 2299 253 2344 reddidit
282 2314 381 2358 quae
403 2297 560 2356 scripta
583 2306 699 2341 sunt.
727 2299 784 2341 Et
807 2296 916 2357 quid
938 2298 1102 2341 restat?
1126 2301 1224 2343 Non
1246 2300 1284 2343 ei
1306 2302 1451 2346 credi-
1472 2357 1475 2359 ,

0 2420 10 2429 ,
61 2380 134 2416 tur
148 2406 159 2426 ,
183 2370 250 2414 his
273 2368 476 2414 omnibus
492 2367 695 2411 redditis?
713 2366 829 2420 Quid
850 2369 1007 2412 restat?
1025 2370 1138 2412 Ecce
1159 2367 1299 2414 fecisti
1321 2373 1454 2418 ratio-

111 2474 118 2491 ¹
142 2470 235 2500 Rom.
253 2477 322 2508 vm,
349 2466 450 2498 32.-
469 2472 481 2487 ²
500 2466 573 2497 Act.
591 2475 627 2506 11,
646 2472 680 2505 2,
700 2468 812 2496 etc.—
831 2462 845 2487 3
863 2463 944 2496 Psal.
965 2475 1049 2506 xmii,
1076 2472 1130 2497 22.
1150 2482 1192 2488 —
1211 2464 1290 2499 41d.
1309 2478 1347 2510 11,
1373 2480 1403 2510 1,
1417 2480 1449 2503 2.

65 2542 106 2548 —
121 2523 200 2556 ³121.
220 2534 305 2564 Lxxi,
336 2534 385 2554 11.
409 2539 449 2545 —-
469 2519 620 2562 61d<xt‚
639 2521 671 2553 6.
695 2520 935 2563 —750ph.11‚
958 2531 1010 2554 11.

276 2588 398 2617 cxlx.
1265 2577 1317 2617 30
