1815 3253
355 190 597 219 ENARRATIO
629 192 673 218 IN
708 189 912 219 PsALMUM
943 191 1092 218 CXXXV.
1337 178 1422 218 259

35 257 201 312 fecerit,
222 274 242 299 «
260 256 477 310 Quoniam
502 256 547 301 in
564 265 777 301 aeternum
800 255 1092 301 misericordia
1114 256 1204 315 ejus
1222 257 1232 280 ¹
1258 274 1300 300 ι»
1318 271 1421 300 cum

34 327 89 372 ad
105 327 196 386 ejus
219 326 554 371 misericordiam
576 325 639 370 illi
661 327 908 386 pertineant
922 361 933 382 ,
964 342 1074 386 quos
1093 325 1149 370 de
1172 326 1341 370 miseria
1364 326 1417 369 li-

33 397 178 454 berat3
194 412 282 441 non
304 406 448 442 autem
466 406 515 441 ut
534 399 626 457 ejus
647 397 951 442 misericordiae
971 397 1104 443 fuisse
1125 395 1417 454 intelligamus

32 467 173 513 facere
194 466 357 512 coelum
380 476 423 511 et
447 476 604 512 terram
625 477 668 512 et
687 466 918 512 luminaria
932 470 974 522 ²,
998 482 1100 512 cum
1122 466 1232 510 illud
1260 468 1313 510 sit
1337 467 1419 510 bo-

35 537 178 582 nitatis
201 538 235 597 ej
244 553 290 581 us
316 537 393 598 qui
414 538 575 581 creavit
594 538 736 582 omnia
753 537 870 582 bona
891 537 1059 582 valde³.
1076 537 1249 582 Creavit
1270 545 1418 582 autem

35 616 85 654 ut
113 617 255 652 essent
281 608 425 652 onmia
453 627 462 653 :
502 608 586 652 hoc
618 624 720 652 vero
742 606 1075 663 misericordiae,
1108 617 1158 652 ut
1180 623 1204 651 a
1231 608 1420 667 peccatis

35 679 188 725 nostris
211 679 396 724 mundet
422 695 500 724 nos
516 715 527 734 ‚
548 689 598 729 ,et
618 696 641 724 a
664 679 832 724 miseria
856 678 1012 724 liberet
1033 680 1079 724 in
1100 689 1330 724 aeternum.
1358 682 1424 724 lta

36 764 137 807 ergo
158 765 236 794 nos
255 749 492 810 alloquitur
514 750 709 796 Psalmus
726 785 738 804 ‚
767 769 788 792 (ι
810 750 1092 795 Confitemini
1110 753 1199 795 Deo
1218 749 1419 805 deorum,

39 837 61 872 η
95 821 364 864 confitemini
387 821 573 865 Domino
592 820 885 866 dominorum.
908 821 1220 866 »Confitemini
1236 822 1274 864 ei
1299 821 1424 874 «Qui

0 914 2 919 ·
39 907 61 933 u
95 888 199 935 fecit
217 889 431 934 mirabilia
454 905 610 949 magna
631 890 771 949 solus3
791 909 810 932 »
831 891 1102 936 confitemini
1116 892 1153 934 ei
1173 910 1193 934 «
1215 891 1299 944 Qui
1320 891 1425 936 fecit

41 978 62 1010 υ
95 959 230 1005 coelos
242 961 287 1004 in
300 959 541 1015 intellectu,
562 981 581 1002 ι»
593 961 863 1006 confitemini
876 961 914 1005 ei
933 962 1047 1014 «Qui
1062 962 1251 1006 firmavit
1267 971 1427 1005 terram

42 1049 63 1083 ι)
95 1047 225 1091 super
237 1048 385 1092 aquas,
400 1033 701 1077 »confitemini
716 1033 754 1076 ei
771 1032 889 1086 «Qui
903 1031 1007 1076 fecit
1023 1032 1254 1076 luminaria
1272 1048 1429 1091 magna

42 1120 64 1145 n
96 1101 227 1147 solus.
255 1121 276 1143 »
309 1104 399 1148 Cur
420 1111 566 1146 autem
588 1103 878 1146 confiteamur
894 1137 906 1156 ,
939 1102 985 1145 in
1007 1102 1204 1146 omnium
1225 1118 1432 1147 versuum

40 1173 199 1224 finibus
220 1174 372 1233 ponit,
391 1174 643 1227 «Quoniam
662 1173 707 1216 in
729 1183 943 1218 aeternum
964 1173 1259 1218 misericordia
1281 1175 1387 1234 ejus.
1408 1193 1428 1216 η

99 1246 152 1289 V.
181 1245 265 1289 Sed
292 1243 401 1304 quid
427 1254 490 1289 est
509 1280 520 1298 ‚
545 1264 565 1286 «
590 1247 673 1298 Qui
693 1242 796 1288 fecit
819 1243 1030 1288 mirabilia
1052 1259 1210 1303 magna
1232 1244 1383 1289 solus?
1405 1263 1425 1286 »

41 1317 109 1366 An
126 1315 230 1375 quia
245 1315 382 1359 multa
403 1314 616 1360 mirabilia
639 1331 715 1374 per
732 1313 920 1373 Angelos
938 1324 980 1358 et
998 1330 1074 1374 per
1088 1315 1286 1360 homines
1302 1315 1434 1360 fecit?

43 1386 157 1436 Sunt
177 1385 380 1445 quaedam
401 1401 555 1444 magna
578 1402 678 1445 quae
698 1385 813 1429 solus
833 1392 942 1429 Deus
958 1385 1076 1440 facit,
1094 1395 1137 1430 et
1154 1387 1244 1445 ipsa
1262 1388 1434 1447 exequi-

41 1464 114 1501 tur
136 1454 282 1500 dicens
307 1475 316 1501 ε
349 1475 369 1498 «
400 1456 484 1509 Qui
505 1456 608 1499 fecit
628 1455 762 1499 coelos
790 1456 834 1499 in
858 1455 1108 1511 intellectu,
1136 1457 1222 1511 Qui
1244 1457 1432 1502 firmavit

46 1543 68 1574 υ
100 1534 259 1575 terram
280 1541 409 1585 super
431 1541 579 1586 aquas,
597 1526 682 1579 Qui
700 1524 1044 1571 fecitluminaria
1066 1523 1225 1585 magna
1243 1527 1430 1572 solus⁴.»

45 1594 149 1646 Ideo
180 1596 309 1640 ethic
331 1594 516 1650 addidit,
538 1615 558 1637 «
587 1595 712 1640 Solus
732 1630 744 1650 ,
762 1614 781 1638 »
803 1597 905 1655 quia
921 1606 1075 1641 caetera
1104 1597 1315 1643 mirabilia
1335 1616 1436 1659 quae

45 1663 237 1710 dicturus
257 1676 321 1710 est
344 1682 421 1725 per
442 1666 640 1710 homines
654 1665 772 1710 fecit.
798 1668 912 1711 Cum
934 1667 1051 1711 enim
1066 1667 1241 1712 dixisset
1266 1688 1275 1713 :
1306 1688 1325 1711 «
1351 1670 1437 1723 Qui

0 1763 1 1766 =
47 1733 147 1788 fiecit
166 1736 398 1781 luminaria
430 1751 587 1794 magna
608 1736 725 1781 solus
745 1756 753 1781 :
778 1756 797 1777 »
819 1753 918 1797 quae
935 1738 1019 1782 sint
1036 1738 1187 1783 eadem
1204 1738 1436 1785 luminaria

40 1816 218 1862 v§cemus
251 1807 422 1865 aperuit
441 1841 452 1862 ‚
487 1826 506 1848 «
537 1805 681 1850 Solem
707 1807 752 1849 in
774 1816 1034 1866 potestatem
1052 1807 1171 1864 diei5
1206 1808 1358 1854 lunam
1393 1820 1438 1855 et

6 1867 8 1880 ⁷
51 1894 72 1930 p»
104 1876 247 1921 stellas
269 1878 313 1920 in
336 1886 592 1936 potestatem
617 1877 772 1921 noctis.
792 1896 810 1918 »
827 1877 992 1922 Deinde
1010 1879 1160 1938 incipit
1174 1879 1316 1924 dicere
1338 1897 1438 1940 quae

47 1962 122 2008 per
135 1946 323 2005 Angelos
339 1947 410 1991 vel
425 1962 501 2006 per
522 1947 719 1990 homines
733 1945 900 1991 fecerit.
920 1967 939 1991 «
955 1948 1040 2001 Qui
1053 1949 1263 2007 percussit
1274 1953 1438 2010 AEgyp-

51 2034 73 2062 »
103 2026 200 2061 tum
219 2033 319 2061 curn
338 2015 636 2076 primogenitis
658 2032 811 2061 eorum
826 2019 840 2043 ⁵
857 2037 867 2061 2
885 2036 904 2059 »
929 2027 973 2062 et
993 2028 1162 2063 caetera.
1186 2020 1439 2066 Universam

11 2078 15 2094 -,
43 2087 179 2148 ¹igitur
195 2097 454 2142 creaturam⁷
475 2104 563 2132 non
578 2088 731 2149 utique
744 2092 859 2133 Deus
872 2105 947 2148 per
965 2090 1157 2150 aliquam
1176 2101 1435 2148 creaturam,

1 2175 15 2217 gf
51 2159 124 2206 sed
136 2159 252 2205 solus
266 2159 382 2204 fecit.
399 2160 534 2220 Cujus
553 2169 763 2204 creaturae
776 2161 986 2221 quasdam
1003 2171 1143 2221 partes
1160 2163 1440 2209 excellentio-

0 2242 13 2287 ι(
51 2245 116 2286 ges
135 2231 508 2285 commemoravit,
526 2247 576 2274 ex
593 2231 752 2291 quibus
770 2231 970 2276 universa
992 2233 1295 2291 cogitaremus,
1316 2235 1443 2280 intel-

0 2329 15 2359 Ξ.
51 2299 234 2360 ligibiles
246 2302 381 2346 coelos
403 2311 447 2345 et
467 2301 680 2346 visibilem
702 2305 1166 2364 terram.thuoniam
1188 2315 1291 2350 sunt
1311 2307 1442 2352 etiam

0 2400 15 2431 ς
52 2372 150 2427 goeli
162 2373 366 2429 visibiles,
379 2374 726 2418 commemoratis
737 2389 889 2419 eorum
900 2373 1189 2420 luminaribus
1203 2386 1347 2422 totum
1360 2394 1448 2423 coe-

58 2470 82 2499 -Ῑ
101 2477 110 2495 ¹
130 2471 213 2504 Psal.
232 2482 348 2514 cxxxv,
367 2472 400 2504 5.
413 2488 456 2495 —-
475 2477 490 2494 2
507 2473 586 2505 Gen.
610 2481 637 2513 1,
651 2470 705 2504 31.
722 2487 762 2495 -
784 2469 798 2494 3
816 2473 890 2514 Sap.
910 2483 936 2511 1,
960 2470 1011 2514 14.
1039 2490 1082 2496 —
1097 2471 1113 2503 4
1127 2473 1208 2507 Psal.
1233 2485 1350 2516 cxxxv,
1368 2474 1436 2518 5-7.

59 2524 225 2560 ——51bid.
247 2527 349 2560 8-10.

80 2587 84 2591 ’
1215 2585 1279 2623 17.
