1815 3253
5 0 23 35 ’,τι

21 117 23 158 i

20 258 22 266 Ι
365 222 609 253 ENARRA'rto
642 224 687 251 ΙΝ
722 221 925 251 PsALMUM
960 225 1141 252 cxxvnr.
1350 212 1433 252 149

0 296 22 340 i*
44 292 104 337 ibi
124 291 442 352 propinquitas.
469 290 679 346 Ligantur
695 287 806 343 duo,
832 296 874 331 et
889 289 1124 332 mittuntur
1138 288 1191 332 ad
1209 288 1429 348 judicem3

20 335 151 407 'latro
175 371 217 406 et
240 361 487 420 colligatuS,
512 358 584 403 ille
606 358 838 403 sceleratus
856 394 866 413 ,
892 358 964 401 ille
985 358 1192 402 innocens
1213 393 1224 413 ‚
1257 375 1343 403 una
1358 375 1432 403 ca-

19 374 139 496 ltena
165 432 351 490 ligantur
367 467 381 485 ,
412 439 454 474 et
475 429 604 487 longe
627 437 729 472 sunt
751 445 773 472 a
802 444 860 472 sc.
887 431 1110 481 Quantum
1139 427 1268 486 longe
1290 438 1429 472 sunta

19 507 21 539 ¹
39 506 108 549 se?
122 507 343 557 Quantum
360 502 491 560 longe
505 509 569 544 est
584 499 722 546 scelus
737 499 792 544 ab
807 499 1070 544 innocentia.
1090 502 1203 544 Ecce
1216 500 1284 543 isti
1298 499 1429 558 longe

19 543 21 590 l
38 583 138 619 sunt
159 574 214 618 ab
237 574 439 617 invicem.
465 571 587 616 Alius
600 571 712 615 latro
727 570 773 614 in
790 569 994 629 Hispania
1011 568 1113 613 facit
1130 568 1288 613 scelera
1301 605 1312 624 ‚
1329 585 1429 629 pro-

38 645 175 688 ximus
187 645 225 688 ei
240 653 303 687 est
319 643 395 704 qui
412 642 514 686 facit
529 642 575 685 in
593 639 753 686 Africa.
773 643 996 694 Quantum
1012 640 1233 700 proximus
1248 641 1265 681 ‘3
1280 643 1428 694 Quan-

36 723 131 759 tum
149 715 230 759 sibi
249 715 495 774 junguntur
511 712 649 757 scelus
668 721 711 756 et
725 711 861 756 scelus
873 746 884 766 ,
901 719 1118 771 quantum
1136 710 1217 754 sibi
1226 711 1426 771 jungun-

38 794 108 829 tur
140 784 415 828 latrocinium
440 792 483 827 et
507 782 800 827 latrocinium.
820 784 958 826 Nemo
973 796 1076 840 ergo
1099 781 1249 825 timeat
1271 781 1427 826 mixtos

35 854 116 899 sibi
133 869 312 913 corpore
328 853 633 911 malos.Longe
648 851 798 896 abillis
812 853 865 896 sit
879 851 1024 905 corde,
1040 860 1083 895 et
1096 866 1270 895 securus
1282 860 1428 911 portat

35 924 155 985 quod
174 940 263 968 non
277 924 414 967 timet.
438 942 458 964 «
480 926 629 979 Longe
644 921 844 966 fecerunt
860 923 1115 982 injustitiam
1134 937 1271 966 suam.
1298 940 1318 962 »

94 996 171 1038 IX.
193 992 307 1047 Quid
333 992 547 1037 occurrit?
579 991 759 1039 Florent
786 992 847 1036 illi
876 993 952 1051 qui
980 1001 1165 1051 regnant
1186 993 1361 1052 inique:
1384 1001 1428 1037 et

38 1073 88 1109 ut
110 1079 352 1108 sermonem
374 1063 608 1122 loquamur
623 1063 744 1121 vulgi
762 1098 772 1117 ‚
798 1071 953 1106 tonant
974 1062 1135 1122 iniqui,
1156 1061 1428 1106 extolluntur

16 1130 79 1180 ¹in
101 1136 258 1195 typhos
275 1171 285 1189 ,
315 1135 362 1178 in
403 1134 657 1178 calumnias.
684 1133 801 1186 Quid
822 1149 947 1192 ergo⁷
988 1149 1158 1192 semper
1185 1134 1422 1178 hoCPNon.

35 1206 148 1251 Audi
171 1206 291 1266 quod
313 1206 509 1266 sequitur
536 1225 544 1250 ;
576 1205 824 1250 «Dominus
845 1206 989 1265 justus
1016 1204 1219 1250 concidet
1240 1206 1427 1250 cervices

37 1295 58 1318 »
91 1286 384 1336 peccatorum.
416 1295 435 1316 »
471 1275 676 1320 Intendat
697 1276 893 1321 Charitas
930 1278 1097 1319 Vestra.
1127 1294 1147 1317 ‹<
1181 1277 1390 1320 Dominus
1411 1311 1422 1331 ,

35 1365 56 1388 »
91 1348 259 1407 inquit,
292 1348 435 1407 justus
470 1345 673 1392 concidet
698 1346 885 1390 cervices
914 1348 1235 1405 peccatorum¹.
1273 1365 1291 1387 »
1318 1347 1424 1399 Quis

32 1432 121 1461 non
143 1417 599 1470 contremiscat?Quis
637 1417 752 1460 enim
787 1432 878 1460 non
909 1417 1132 1475 peccavit?
1165 1436 1185 1458 «
1215 1417 1426 1461 Dominus

34 1505 55 1529 a)
85 1489 227 1547 justus
258 1487 460 1532 concidet
494 1487 682 1531 cervices
711 1497 1007 1547 peccatorum.
1035 1506 1055 1529 »
1096 1486 1312 1531 Omnibus
1348 1487 1425 1547 qui

32 1557 218 1602 audiunt
238 1594 248 1613 ‚
273 1559 406 1602 intrat
428 1567 590 1602 tremor
614 1558 659 1600 in
682 1573 757 1602 cor
771 1593 781 1612 ‚
802 1558 836 1601 si
857 1557 1044 1602 credunt
1069 1557 1303 1617 Scripturae
1326 1558 1421 1601 Dei.

35 1629 77 1673 Si
95 1629 208 1672 enim
231 1629 313 1673 sibi
335 1629 426 1672 sine
447 1644 576 1673 causa
598 1627 794 1672 tundunt
828 1629 1023 1672 homines
1051 1637 1228 1687 pectora
1249 1663 1259 1682 ,
1296 1643 1423 1671 men-

35 1699 202 1743 tiuntur
219 1700 321 1757 quia
346 1698 541 1743 tundunt
562 1707 739 1758 pectora
755 1733 765 1753 ‚
790 1699 822 1742 si
835 1699 939 1759 justi
963 1707 1064 1742 sunt
1081 1718 1089 1743 :
1105 1707 1148 1742 et
1167 1698 1212 1741 in
1233 1713 1284 1741 eo
1302 1697 1423 1757 quod

33 1771 305 1815 mentiuntur
330 1775 418 1815 Deo
435 1806 445 1825 ,
468 1770 582 1814 fiunt
602 1779 865 1830 peccatores.
895 1770 937 1814 Si
960 1784 1061 1827 ergo
1098 1770 1307 1814 veraciter
1341 1769 1424 1812 sibi

14 1840 226 1885 :tundunt
247 1852 450 1900 pectora,
477 1850 725 1900 peccatores
744 1848 860 1883 sunt.
902 1842 960 1883 Et
981 1840 1078 1899 quis
1111 1848 1308 1883 nostrum
1333 1854 1423 1883 non

14 1910 113 1966 gsibi
134 1910 276 1955 tundit
294 1920 444 1970 pectus
462 1913 479 1954 Ρ
498 1913 553 1954 Et
581 1911 677 1970 quis
702 1920 900 1954 nostrum
936 1925 1026 1954 non
1059 1909 1177 1953 elidit
1200 1909 1349 1953 oculos
1367 1908 1422 1953 ad,

14 1970 191 2026 'terram
211 2018 225 2037 ,
251 1982 361 2025 sicut
382 1981 456 2025 ille
481 1980 768 2035 Publicanus‚
795 1991 838 2026 et
863 1981 992 2036 dicit,
1024 2000 1043 2022 ‹<
1071 1980 1254 2025 Domine
1270 1980 1424 2039 propi-

36 2070 56 2092 »
90 2052 174 2095 tius
199 2062 289 2097 esto
321 2053 427 2096 mihi
449 2053 665 2111 peccatori
683 2054 725 2096 ιὶΡ
750 2052 792 2097 Si
818 2066 919 2110 ergo
960 2067 1110 2099 omnes
1143 2060 1391 2110 peccatores
1407 2085 1418 2105 ‚

33 2131 75 2165 et
97 2137 225 2166 nemo
258 2123 479 2166 invenitur
513 2123 603 2166 sine
626 2132 836 2182 peccato3
874 2122 1080 2167 omnibus
1111 2121 1331 2165 timendus
1362 2129 1425 2164 est

35 2191 201 2250 gladius
222 2194 266 2236 in
288 2194 473 2236 cervices
500 2212 508 2237 :
534 2194 635 2253 quia
661 2212 680 2235 «
703 2193 913 2237 Dominus
936 2193 1080 2252 justus
1108 2191 1309 2235 concidet
1331 2206 1426 2234 cer-

36 2281 56 2304 »
91 2264 203 2307 vicos
228 2273 519 2322 peccatorum.
545 2282 564 2305 »
586 2267 683 2309 Non
705 2273 840 2323 puto⁷
861 2263 1014 2307 fratres
1043 2262 1128 2306 mei
1146 2297 1156 2317 ,
1193 2261 1296 2321 quia
1330 2276 1426 2305 om-

34 2335 156 2378 nium
189 2344 470 2394 peccatorum
500 2355 508 2379 ε
535 2334 610 2379 sed
642 2336 687 2379 in
722 2335 922 2379 membro
962 2333 1083 2395 quod
1113 2334 1332 2393 percutit,
1363 2332 1427 2376 ibi

35 2404 229 2462 designat
246 2420 354 2464 quos
380 2414 625 2463 peccatores
647 2405 877 2464 percutiat.
902 2408 1001 2451 Non
1030 2405 1146 2456 enim
1175 2404 1314 2459 dixit,
1339 2407 1429 2447 Do-

37 2474 178 2519 minus
193 2477 336 2535 justus
360 2474 560 2518 concidet
576 2490 731 2519 manus
752 2485 1032 2535 peccatorum
1055 2495 1063 2519 ε
1084 2483 1157 2519 aut
1177 2509 1189 2529 ‚
1218 2474 1427 2518 Dominus

83 2564 92 2580 ¹
114 2558 191 2590 Psal.
216 2571 344 2600 cxxviii,
374 2557 404 2599 ι’..
428 2577 452 2581 -
489 2566 501 2582 2
521 2561 599 2591 Luc.
619 2570 709 2600 xvm,
735 2559 784 2590 13.
