1815 3253
7 2517 11 2539 1

346 227 586 256 ENARRATIO
618 228 663 255 IN
695 226 895 256 PsALMUM
932 228 1132 255 cxxxvur.
1348 216 1432 254 323

109 295 208 337 XX.
226 295 355 338 «Non
377 302 440 337 est
461 293 764 337 absconditum
783 310 828 338 os
846 308 992 337 meum
1016 309 1039 337 a
1060 302 1099 336 te
1117 327 1128 347 ,
1155 292 1275 351 quod
1298 291 1438 336 fecisti

6 362 11 382 '³
55 382 75 406 »
109 364 155 408 in
178 363 430 409 abscondito
448 366 479 408 1.
505 382 523 404 »
550 365 608 408 Os
636 380 763 408 suum
786 363 891 408 dicit
923 383 932 408 :
958 363 1079 424 quod
1111 362 1244 420 vulgo
1278 363 1438 407 dicitur

5 436 11 495 5
51 444 217 487 ossum,
253 433 387 478 latine
409 449 455 478 os
483 433 657 478 dicitur.
686 437 780 479 Hoc
799 435 843 478 in
872 449 1012 493 graeco
1034 433 1255 478 invenitur
1270 437 1302 476 ².
1328 436 1439 478 Nam

4 531 10 572 3
51 511 272 564 possemus
294 504 366 549 hic
387 512 541 563 putare
563 520 610 549 os
633 520 723 549 esse
741 540 752 559 ‚
778 504 834 548 ab
856 519 907 548 eo
935 503 1058 564 quod
1086 512 1187 547 sunt
1219 519 1293 547 ora
1315 524 1327 561 3
1350 519 1440 547 non

7 575 9 579 ’
51 589 98 620 os
130 583 350 632 correpte,
387 574 442 617 ab
466 589 517 617 eo
550 574 670 634 quod
692 583 794 619 sunt
821 589 929 618 ossa.
960 592 980 615 «
1006 575 1103 618 Non
1125 582 1189 616 est
1211 587 1314 631 ergo
1342 574 1443 617 abs-

5 641 10 703 s
55 663 75 687 »
110 645 361 698 conditum,
394 645 561 705 inquit,
587 661 633 690 os
655 660 799 689 meum
824 660 847 688 a
869 654 912 688 te
928 679 938 699 ,
964 643 1083 704 quod
1108 642 1246 688 fecisti
1273 645 1319 688 in
1341 645 1442 688 abs-

5 706 11 726 “”
56 728 77 759 5)
111 715 304 760 condito.
334 734 354 756 »
381 715 530 759 Habeo
561 716 608 759 in
631 715 886 760 abscondito
922 715 1146 775 quoddam
1172 730 1333 759 ossum.
1374 716 1442 760 Sic

9 809 11 813 ·
53 786 169 831 enim
182 786 326 845 potius
339 784 573 846 loquamur
590 805 597 830 :
614 785 768 830 melius
786 795 850 829 est
868 784 1190 845 reprehendant
1207 800 1285 830 nos
1303 800 1446 844 gram-

6 879 10 910 2
51 857 198 902 matici
217 892 227 911 ‚
265 872 398 917 quam
422 873 511 901 non
536 856 782 915 intelligant
805 856 972 916 populi.
1006 859 1121 915 Ergo
1151 866 1242 911 est,
1266 856 1441 916 inquit,

6 951 10 982 ς
53 926 276 989 quoddam
295 942 439 971 ossum
462 935 609 971 meum
627 928 745 971 intus
766 928 812 971 in
831 927 1086 971 abscondito
1107 946 1117 972 2
1143 935 1193 970 tu
1212 925 1351 971 fecisti
1374 927 1446 971 in-

6 995 10 1042 J
55 1007 122 1043 tus
143 1013 289 1042 ossum
312 997 419 1040 mihi
441 997 488 1040 in
510 997 768 1041 abscondito
783 1032 793 1052 ,
819 1006 863 1040 et
886 1012 976 1041 non
999 1006 1063 1040 est
1090 996 1397 1041 absconditum
1423 1013 1447 1041 a

54 1078 112 1114 tc.
148 1071 200 1112 In
228 1066 485 1112 abscondito
515 1068 632 1111 enim
657 1067 817 1122 fecisti,
844 1066 920 1110 sed
946 1065 1166 1126 numquid
1193 1075 1236 1110 et
1258 1067 1339 1110 tibi
1362 1068 1446 1112 hoc
1488 1109 1492 1116 ,

55 1139 347 1184 abscondisti?
370 1142 463 1183 Hoc
486 1154 631 1183 ossum
654 1153 802 1182 meum
831 1138 999 1182 factum
1022 1153 1045 1181 a
1064 1148 1106 1181 te
1120 1138 1166 1181 in
1189 1137 1448 1183 abscondito

54 1211 252 1255 homines
274 1225 365 1254 non
395 1208 571 1264 vident,
602 1208 801 1253 homines
828 1223 918 1252 non
940 1216 1160 1252 noverunt
1188 1226 1197 1251 :
1219 1217 1271 1252 tu
1301 1217 1448 1252 autem

54 1282 167 1326 nosti
185 1317 196 1337 ,
214 1282 290 1341 qui
307 1280 460 1325 fecisti.
487 1279 619 1334 Quod
641 1295 745 1339 ergo
768 1295 815 1324 os
833 1278 968 1334 dicit,
990 1277 1172 1322 fratres?
1194 1282 1448 1332 Quaeramus

53 1352 164 1398 illud
183 1388 194 1406 ,
220 1353 265 1396 in
287 1351 547 1396 abscondito
580 1360 658 1395 est.
699 1350 785 1396 Sed
814 1350 915 1410 quia
949 1349 1183 1395 Christiani
1204 1350 1250 1393 in
1270 1351 1448 1394 nomine

54 1422 230 1468 Domini
259 1421 512 1467 Christianis
538 1421 786 1481 loquimur,
822 1418 955 1464 modo
985 1420 1230 1464 invenimus
1252 1419 1374 1480 quod
1395 1421 1449 1464 sit

8 1516 13 1534 ,ι
57 1507 202 1537 ossum
219 1490 484 1552 hujusmodi.
513 1491 712 1534 Firmitas
738 1488 944 1551 quaedam
965 1498 1029 1533 est
1045 1489 1226 1534 interior
1247 1509 1256 1534 ε
1277 1490 1381 1550 quia
1403 1490 1450 1534 in

16 1577 17 1583 ¹
58 1562 224 1608 ossibus
252 1562 432 1606 firmitas
464 1570 507 1605 et
535 1560 748 1605 fortitudo
776 1559 1051 1619 intelligitur.
1090 1563 1168 1604 Est
1197 1576 1300 1619 ergo
1322 1577 1448 1620 quae-

11 1639 14 1646 '
58 1632 159 1677 dam
183 1633 337 1677 animae
356 1631 535 1676 interior
557 1631 755 1685 firmitas,
772 1631 851 1674 ubi
869 1645 959 1674 non
980 1627 1210 1688 frangitur.
1227 1631 1450 1683 Quaelibet

58 1712 275 1749 tormenta
294 1738 305 1758 ‚
330 1702 540 1763 quaelibet
559 1701 861 1746 tribulationes
876 1736 887 1756 ,
915 1700 1126 1761 quaelibet
1148 1701 1277 1761 hujus
1299 1701 1448 1746 saeculi

59 1774 334 1819 adversitates
360 1772 557 1832 undique
592 1772 800 1825 saeviant,
832 1770 944 1815 illud
975 1770 1098 1831 quod
1119 1774 1233 1815 Deus
1265 1772 1311 1815 in
1345 1773 1447 1816 abs-

60 1843 237 1889 condito
264 1843 370 1887 fecit
400 1843 602 1896 firmum,
641 1842 687 1885 in
714 1840 841 1886 nobis
869 1839 1012 1899 frangi
1044 1857 1134 1885 non
1155 1851 1299 1901 potest
1317 1876 1329 1896 ,
1357 1858 1448 1887 non

60 1915 190 1960 cedit.
216 1918 254 1958 A
277 1913 463 1958 Domino
487 1913 603 1956 enim
625 1910 739 1957 facta
758 1921 822 1956 est
842 1911 1045 1972 quaedam
1071 1913 1251 1956 firmitas
1274 1914 1450 1972 patien-

35 2025 38 2028 .
61 1986 132 2032 tiae
147 1994 327 2040 nostrae⁷
352 1984 407 2028 de
425 2000 512 2044 qua
536 1983 696 2028 dicitur
716 1984 761 2027 in
784 1983 868 2028 alio
891 1983 1083 2028 Psalmo:
1100 1986 1451 2029 «Verumtamen

63 2071 84 2099 2)
120 2059 210 2101 Deo
234 2055 489 2115 subjicietur
513 2054 655 2098 anima
676 2069 770 2102 mea
789 2088 800 2108 ,
826 2054 1033 2114 quoniam
1053 2054 1108 2097 ab
1130 2054 1224 2113 ipso
1241 2055 1450 2113 patientia

14 2162 15 2168 ,
64 2144 85 2169 2)
119 2142 215 2171 mea
230 2128 261 2169 3.
291 2143 311 2166 »
332 2128 388 2169 Et
410 2123 586 2169 attende
618 2122 862 2184 apostolum
885 2124 1071 2168 Paulum
1092 2153 1103 2177 ‚
1123 2124 1357 2168 habentem
1378 2125 1450 2169 in-

14 2233 15 2237 ,
62 2205 131 2242 tus
152 2198 236 2241 hoc
259 2211 395 2255 genus
417 2195 646 2240 firmitatis.
680 2213 700 2235 «
724 2193 856 2247 Quasi
886 2194 1027 2238 tristes
1044 2229 1054 2248 ,
1087 2194 1252 2253 inquit,
1281 2210 1452 2254 semper

64 2276 87 2311 '»
122 2278 266 2312 autem
300 2267 537 2325 gaudentes
551 2267 583 2309 4.
614 2283 633 2306 »
663 2265 786 2310 Unde
807 2266 928 2325 quasi
951 2265 1121 2309 tristes?
1137 2266 1449 2324 Contumeliis‚

0 2335 1 2339 ¹
56 2339 304 2400 ,opprobriis
319 2373 329 2392 ‚
354 2336 730 2397 persecutionibus
745 2372 755 2391 ‚
790 2335 972 2395 flagellis
990 2371 1000 2391 ‚
1027 2336 1164 2396 plagis
1180 2372 1191 2392 ,
1216 2336 1451 2396 lapidatio-

66 2411 215 2465 nibus,
247 2408 517 2460 carceribus,
551 2407 729 2451 catenis.
763 2408 864 2459 Quis
898 2422 988 2451 non
1021 2421 1093 2450 eos
1134 2407 1310 2451 miseros
1346 2417 1453 2451 tunc

13 2499 16 2503 ·
66 2480 354 2526 existimaret?
371 2480 459 2523 Nec
478 2476 541 2520 illi
559 2475 642 2536 ipsi
656 2485 951 2535 persecutores
972 2476 1174 2520 saevirent
1194 2476 1239 2519 in
1257 2492 1344 2531 eos,
1365 2475 1448 2521 nist

115 2571 124 2588 ¹
146 2562 224 2596 Psal.
245 2572 394 2603 cxxxvlu,
420 2559 470 2593 15.
496 2576 537 2582 —
561 2567 573 2583 ²
594 2558 694 2590 ὁσοῦν.
721 2574 763 2580 —-
783 2556 795 2581 3
815 2558 894 2590 Psal.
919 2569 983 2599 uxi,
1001 2558 1035 2590 6.
1054 2575 1096 2581 —-
1117 2557 1133 2587 4
1151 2567 1171 2590 2
1189 2560 1264 2590 Cor.
1285 2570 1333 2601 vn,
1354 2571 1405 2592 ιο.

1196 2615 1264 2653 21.
