1815 3253
369 206 611 236 annuum
642 209 688 236 ΙΝ
721 205 924 237 ιέΛιΜυΜ
955 209 1068 236 cxm.
1334 195 1419 236 387

39 289 60 314 «
92 274 208 316 Ante
228 287 329 316 eum
347 273 365 316 P
380 291 400 314 »
418 275 469 317 In
486 282 721 332 conspectu
743 274 849 333 ejus.
876 272 994 326 Quid
1015 280 1093 326 est,
1118 271 1164 315 in
1183 280 1422 331 conspectu

35 342 154 402 ejus?
177 342 259 387 Ubi
282 342 413 387 videt.
441 342 522 388 Ubi
540 352 687 387 autem
706 359 795 389 non
817 343 969 388 videt?
987 346 1052 386 Ita
1069 342 1185 386 enim
1209 341 1415 397 dicimus,

36 413 119 457 Ubi
140 413 258 458 videt
277 449 288 469 ,
313 415 434 475 quasi
457 413 618 459 alicubi
640 431 729 460 non
751 413 911 459 videat.
935 414 1018 459 Sed
1036 413 1082 457 in
1102 413 1184 457 isto
1206 423 1325 457 coetu
1348 429 1418 457 re-

35 498 132 527 rum
153 484 443 544 corporalium
465 485 616 530 vident
637 495 680 530 et
706 485 925 540 homines,
948 483 1098 528 vident
1119 493 1163 528 et
1179 483 1380 528 animalia
1405 502 1414 528 :

33 552 106 597 ille
128 563 273 598 autem
306 554 450 610 videt,
477 564 520 599 et
543 555 619 599 ubi
645 556 778 600 homo
800 569 890 599 non
907 553 1041 599 videt.
1062 556 1170 599 Nam
1187 553 1419 611 cogitatio-

35 639 136 667 nem
157 633 277 668 tuam
299 624 447 669 nullus
474 626 703 670 hominum
724 624 865 679 videt,
889 627 1003 668 Deus
1025 633 1170 668 autem
1191 623 1326 668 videt.
1353 622 1421 667 Ibi

35 709 138 753 ergo
172 695 351 739 effunde
373 711 545 755 precem
569 705 688 740 tuam
709 730 720 750 ,
741 695 818 739 ubi
837 693 953 739 solus
972 693 1046 738 ille
1067 693 1186 738 videt
1204 728 1216 748 ,
1247 693 1324 754 qui
1351 709 1422 737 re-

35 774 251 809 munerat.
288 768 397 811 Nam
430 766 475 809 in
500 765 755 810 abscondito
782 774 825 808 te
847 764 1058 808 Dominus
1079 766 1203 808 Jesus
1226 763 1423 808 Christus

0 858 2 865 ι
29 834 157 895 jussit
185 852 307 881 orare
333 856 341 881 :
375 836 451 881 sed
482 837 515 881 si
538 852 746 895 agnoscas
767 835 1024 881 cubiculum
1046 844 1199 891 tuum,
1226 844 1269 879 et
1287 849 1423 879 mun-

0 919 2 925 ’
35 904 131 961 des,
156 907 218 951 ibi
240 924 364 967 rogas
382 912 537 952 Deum.
567 928 587 951 «
613 911 723 954 Cum
747 917 894 953 autem
916 907 1046 952 oratis
1062 941 1073 962 ,
1098 907 1269 967 inquit,
1290 906 1426 952 nolite

0 981 2 1005 *
37 999 58 1023 »
93 995 183 1024 esse
203 979 316 1024 sicut
338 980 577 1039 hypocritae
597 1016 608 1035 ,
632 981 708 1040 qui
732 989 849 1024 stant
870 979 915 1023 in
937 978 1090 1038 plateis
1110 988 1155 1023 et
1175 978 1279 1023 vicis
1301 993 1428 1022 oran-

38 1070 60 1095 »
94 1061 157 1096 tes
176 1086 187 1107 ,
220 1060 269 1096 ut
287 1050 520 1095 videantur
543 1051 597 1095 ab
619 1052 886 1096 hominibus.
922 1053 987 1094 Tu
1015 1059 1161 1094 autem
1185 1065 1287 1094 cum
1308 1065 1425 1104 oraS,

39 1141 59 1166 ι)
93 1123 206 1167 intra
229 1122 274 1166 in
301 1121 552 1166 cubiculum
577 1130 726 1175 tuum,
748 1130 791 1164 et
813 1119 969 1166 claude
990 1121 1147 1164 ostium
1168 1154 1179 1174 ,
1205 1129 1249 1163 et
1269 1118 1429 1178 depre-

0 1189 4 1219 ³
39 1211 60 1235 »
93 1209 192 1238 care
222 1196 361 1236 Deum
384 1201 511 1236 tuum
543 1192 589 1235 in
611 1190 785 1236 occulto
805 1212 818 1249 3
853 1200 897 1234 et
917 1190 993 1250 qui
1015 1188 1135 1234 videt
1156 1189 1202 1232 in
1223 1188 1398 1233 occulto
1413 1223 1425 1244 ‚

0 1279 4 1300 ι
37 1281 57 1305 »
93 1262 246 1308 reddet
269 1262 393 1306 tibi1.
414 1262 494 1307 »Si
515 1262 712 1306 homines
734 1260 947 1305 reddituri
971 1269 1098 1314 sunt,
1124 1259 1305 1303 effunde
1327 1267 1429 1302 ante

0 1350 5 1371 ν
34 1333 231 1379 homines
268 1348 440 1392 precem
464 1341 585 1377 tuam
611 1352 621 1377 ε
646 1332 680 1377 si
716 1335 831 1377 Deus
861 1329 1112 1374 redditurus
1133 1338 1222 1385 est,
1248 1328 1429 1373 effunde

0 1395 6 1432 ¹
35 1413 134 1448 ante
167 1419 268 1447 eum
299 1418 471 1463 precem
492 1412 613 1446 tuam
635 1437 646 1457 ,
686 1412 730 1446 et
750 1400 907 1446 claude
931 1400 1092 1445 ostium
1112 1435 1123 1455 ,
1159 1415 1214 1443 ne
1240 1408 1430 1444 tentator

0 1474 7 1503 l
33 1474 319 1533 ingrediatur.
345 1476 553 1517 Tentator
575 1488 664 1516 non
687 1480 822 1517 cessat
843 1470 1029 1531 pulsare,
1055 1479 1106 1514 ut
1126 1469 1368 1530 irrumpat3
1395 1469 1430 1513 si

33 1544 228 1589 clausum
257 1544 473 1589 invenerit
494 1579 504 1599 ,
542 1543 709 1588 transit.
745 1542 850 1587 Ideo
872 1541 1129 1601 Apostolus,
1155 1540 1259 1601 quia
1280 1549 1428 1585 nostra

34 1625 246 1676 potestate
267 1624 332 1659 est
350 1616 509 1671 ostium
533 1613 736 1658 claudere
757 1647 767 1667 ,
793 1613 953 1657 ostium
975 1610 1118 1656 cordis
1133 1645 1145 1666 ‚
1170 1626 1262 1655 non
1284 1611 1429 1671 parie-

34 1695 126 1731 tum
144 1721 154 1741 ,
178 1686 240 1729 ibi
263 1686 379 1729 enirn
401 1694 443 1728 et
460 1683 716 1729 cubiculum
729 1704 740 1742 3
755 1683 858 1743 quia
874 1697 975 1740 ergo
991 1682 1036 1726 in
1052 1690 1266 1741 potestate
1281 1690 1430 1727 nostra

34 1766 98 1802 est
122 1758 207 1802 hoc
235 1757 395 1801 ostium
417 1754 620 1800 claudere
637 1789 648 1810 ,
678 1774 698 1796 «
722 1757 874 1815 Neque
903 1753 1012 1797 detis
1027 1788 1038 1806 ,
1074 1753 1220 1812 inquit
1235 1787 1247 1808 ,
1280 1752 1428 1797 locum

37 1847 57 1871 »
87 1827 306 1872 diabolo&
326 1826 533 1871 »Etenim
559 1825 593 1869 si
609 1825 788 1869 intravit
810 1833 852 1868 et
869 1823 1092 1884 possedit,
1118 1823 1295 1868 attende
1324 1822 1428 1884 quia

0 1921 9 1930 υ
34 1907 83 1943 tu
100 1898 371 1958 negligenter
393 1895 604 1950 clausisti,
626 1904 702 1939 aut
723 1893 926 1939 claudere
948 1893 1190 1953 neglexisti.

91 1971 168 2012 IV.
193 1967 311 2021 Quid
332 1976 396 2011 est
423 1975 569 2010 autem
592 1965 795 2010 claudere
817 1965 1007 2009 ostium?
1030 1966 1124 2008 Hoc
1145 1963 1305 2007 ostium
1327 1971 1427 2007 tan-

0 2061 17 2101 '1
35 2055 165 2100 quam
189 2039 296 2084 duas
312 2039 448 2082 habet
470 2037 636 2092 valvas,
656 2035 906 2096 cupiditatis
924 2044 968 2079 et
989 2034 1171 2079 timoris.
1193 2036 1283 2078 Aut
1304 2034 1428 2094 cupis

36 2110 199 2172 aliquid
222 2120 444 2155 terrenum
460 2145 470 2164 ,
497 2118 541 2153 et
560 2109 642 2152 hac
666 2108 801 2152 intrat
821 2126 831 2152 ε
857 2115 932 2151 aut
962 2106 1087 2150 times
1106 2104 1273 2166 aliquid
1292 2114 1427 2149 terre-

36 2197 140 2226 num
157 2217 167 2237 ‚
193 2190 236 2225 et
278 2181 359 2224 hac
391 2181 539 2223 intrat.
574 2178 756 2223 Timoris
777 2192 881 2236 ergo
916 2185 960 2221 et
980 2175 1228 2236 cupiditatis
1243 2176 1424 2236 januam

37 2249 191 2297 claude.
213 2261 364 2296 contra
404 2248 647 2303 diabolum,
674 2249 793 2307 aperi
830 2247 886 2292 ad
914 2248 1153 2292 Christum.
1191 2245 1425 2299 Quomodo

39 2323 148 2384 ipsas
177 2322 321 2367 valvas
356 2321 491 2380 aperis
515 2320 570 2364 ad
602 2320 853 2365 Christum?
872 2318 1102 2378 Cupiendo
1126 2333 1306 2376 regnum
1331 2334 1423 2362 coe-

38 2394 178 2439 lorum
200 2429 210 2448 ,
246 2394 440 2437 timendo
473 2392 620 2450 ignem
656 2392 973 2449 gehennarum.
1023 2392 1104 2432 Per
1140 2388 1424 2447 cupiditatem

40 2464 183 2509 saeculi
201 2461 401 2507 diabolus
423 2462 577 2505 intrat:
596 2476 670 2519 per
688 2459 950 2504 desiderium
968 2458 1068 2504 vitae
1087 2467 1261 2503 aeternae
1276 2458 1423 2503 Chris-

86 2556 95 2573 ¹
116 2550 228 2582 Matth.
252 2559 295 2590 vi,
315 2547 348 2590 5,
367 2547 399 2580 6.
421 2561 463 2571 v·-
483 2553 494 2569 ²
515 2546 632 2589 Ephcs.
658 2556 707 2587 ιν,
732 2556 783 2587 17.

1214 2599 1283 2637 25.
