1815 3253
429 203 670 236 ENARRATIO
701 207 748 234 ΙΝ
779 204 983 237 PsALMnM
1014 206 1154 235 cxx1x.
1370 196 1454 236 159

71 283 218 322 cantas
247 272 369 334 quod
398 272 531 318 modo
563 273 730 318 dictum
769 282 861 330 est,
889 292 911 317 «
936 277 1117 334 Propter
1154 272 1298 332 legem
1336 282 1457 318 tuam

74 365 95 389 »
129 345 312 391 sustinui
339 354 402 400 te,
423 343 623 388 Domine.

129 419 182 463 V.
218 419 341 461 Hanc
372 424 517 460 autem
545 414 688 474 legem
719 415 796 476 qui
828 431 918 461 non
954 423 1120 471 servat,
1155 429 1236 459 nec
1274 414 1459 460 sustinet

71 486 330 544 Dominum,
368 501 449 531 nec
480 485 514 530 si
535 485 640 531 velit
661 487 893 542 sustinere,
924 501 1051 530 causa
1081 493 1145 528 est
1169 500 1304 545 quare
1327 485 1458 529 susti-

70 565 191 613 neat,
223 556 410 601 inaniter
443 556 638 601 sustinet.
665 559 886 600 Venturus
910 564 974 600 est
1003 554 1120 599 enim
1154 554 1389 609 Dominus,
1416 564 1460 599 et

70 628 323 672 inventurus
359 636 536 687 peccata
578 636 668 671 tua.
705 626 836 680 Quod
877 635 1022 670 autem
1059 624 1253 684 perfecta
1291 624 1460 685 justitia

70 698 234 754 vixisti,
261 706 436 742 non-cst
458 697 714 742 inventurus
751 696 984 742 homicidia
1008 695 1137 740 forte.
1169 696 1322 740 Gravia
1359 704 1462 740 sunt

69 768 185 812 enim
202 777 247 812 et
264 767 391 813 valde
406 769 585 828 majora.
598 770 697 813 Non
716 776 779 811 est
791 767 1048 811 inventurus
1062 765 1327 810 adulterium
1339 800 1349 820 ,
1371 781 1461 810 non

70 846 131 882 est
152 838 408 882 inventurus
429 836 568 892 furta,
593 853 683 882 non
720 845 785 881 est
814 838 1072 880 inventurus
1110 836 1305 895 rapinam
1322 870 1334 891 ,
1371 850 1461 880 non

70 916 132 951 est
150 907 406 950 inventurus
420 906 654 962 maleficia,
675 922 766 951 non
789 916 852 950 est
865 906 1126 950 inventurus
1140 904 1430 949 idololatriam
1446 940 1459 960 ,

69 991 158 1022 11011
179 984 243 1021 est
263 976 343 1020 ista
365 976 623 1019 inventurus
649 994 658 1020 ε
687 975 797 1019 nihil
826 990 928 1034 ergo
949 984 1015 1019 est
1037 975 1322 1020 inventurus?
1343 975 1460 1019 Audi

69 1062 310 1092 sermonem
340 1045 564 1105 Evangelii
591 1065 601 1091 ε
630 1066 650 1089 «
677 1047 762 1100 Qui
795 1047 952 1091 dixerit
975 1045 1097 1090 fratri
1129 1061 1232 1101 suo,
1258 1049 1411 1090 Fatue.
1436 1064 1457 1087 »

69 1118 137 1163 Ab
159 1117 246 1162 istis
272 1117 400 1162 etiam
419 1116 604 1178 peccatis
623 1116 785 1175 linguae
808 1115 1107 1160 minutissimis
1133 1116 1229 1175 quis
1248 1116 1462 1160 abstinet?

71 1187 155 1234 Sed
168 1187 280 1232 forte
297 1187 420 1242 dicis,
434 1191 570 1232 Parva
583 1196 730 1232 sunt.«
746 1190 861 1230 Reus
878 1187 975 1239 erit,
996 1186 1154 1246 inquit,
1171 1187 1382 1245 gehennae
1397 1187 1462 1245 ig-

71 1276 92 1300 »
109 1259 238 1302 nis¹.»
247 1259 289 1303 Si
298 1274 480 1318 parvum
488 1258 569 1302 tibi
581 1257 810 1302 videbatur
824 1266 899 1302 aut
913 1255 1283 1311 modicum‚lratri
1295 1256 1454 1313 dicere,

69 1330 228 1382 Fatue,
244 1328 315 1373 vel
333 1329 530 1387 gehenna
546 1327 658 1385 ignis
678 1326 878 1372 videatur
899 1327 980 1371 tibi
1000 1342 1172 1385 magna.
1201 1327 1244 1371 Si
1262 1336 1462 1372 contem-

67 1398 202 1443 nebas
217 1399 361 1443 minus
374 1409 602 1458 peccatum
618 1433 628 1453 ,
653 1397 723 1442 vel
740 1414 884 1458 poenae
901 1397 1202 1456 magnitudine
1223 1397 1456 1443 deterrere.

71 1468 156 1513 Sed
189 1467 318 1523 dicis,
343 1469 513 1513 Minora
547 1477 672 1523 sunt,
704 1469 873 1511 minuta
902 1476 1031 1522 sunt,
1070 1466 1161 1510 sine
1183 1467 1343 1527 quibus
1370 1484 1462 1513 non

69 1546 211 1597 potest
233 1553 321 1582 esse
343 1539 423 1582 ista
439 1539 544 1583 vita.
569 1540 766 1596 Congere
784 1537 972 1591 minuta,
990 1546 1035 1581 et
1054 1536 1224 1581 faciunt
1235 1537 1459 1597 ingentem

70 1623 286 1653 acervum.
312 1610 422 1652 Nam
447 1617 491 1651 et
522 1622 653 1666 grana
675 1607 846 1651 minuta
869 1616 999 1662 sunt,
1031 1617 1075 1652 et
1105 1617 1248 1651 tamen
1277 1623 1461 1653 massam

69 1677 234 1722 faciunt
256 1697 265 1722 ε
288 1687 331 1722 et
356 1687 491 1735 guttae
524 1677 706 1721 minutae
738 1686 867 1732 sunt,
893 1685 936 1720 et
958 1677 1152 1734 ,flumina
1186 1677 1392 1737 implent,
1418 1689 1462 1724 et

70 1747 202 1793 moles
223 1749 419 1792 trahunt.
448 1748 553 1791 Ideo
575 1756 618 1791 et
638 1745 712 1790 ille
736 1746 1014 1791 considerans
1049 1763 1184 1806 quam
1209 1747 1347 1792 multa
1375 1749 1460 1793 mi-

70 1828 174 1862 nuta
196 1827 372 1878 peccata
395 1817 649 1878 quotidiana
668 1817 914 1861 committat
940 1817 1074 1861 homo
1088 1852 1100 1872 ,
1130 1817 1164 1861 si
1186 1817 1297 1862 nihil
1316 1819 1456 1875 aliud,

70 1887 137 1932 vel
150 1903 226 1948 per
244 1888 526 1947 cogitationes
542 1895 584 1930 et
602 1886 814 1945 linguam,
837 1885 1024 1930 attendit
1041 1902 1172 1947 quam
1190 1888 1327 1932 multa
1346 1889 1432 1933 sint
1448 1911 1458 1947 3

71 1967 114 2002 et
133 1958 167 2001 si
187 1957 372 2002 attendit
393 1973 526 2018 quam
548 1957 718 2000 minuta
740 1956 848 2011 sint,
873 1955 994 2000 videt
1021 1972 1098 2016 per
1122 1958 1259 2002 multa
1288 1959 1458 2005 minuta

71 2028 162 2073 fieri
184 2044 387 2073 acervum
409 2043 617 2087 magnum
637 2048 648 2084 3
670 2036 713 2071 et
734 2042 824 2071 non
846 2027 967 2086 quasi
983 2036 1160 2086 peccata
1182 2044 1256 2072 sua
1280 2031 1462 2089 pristina

71 2101 278 2160 cogitans,
292 2100 368 2145 sed
390 2100 524 2160 ipsam
535 2097 814 2157 fragilitatem
835 2098 1098 2154 humanam,
1119 2100 1209 2159 jam
1223 2101 1460 2146 ascendens

72 2170 251 2226 clamat,
280 2190 301 2213 «
321 2174 382 2215 De
404 2169 632 2230 profundis
655 2168 837 2213 clamavi
860 2168 916 2212 ad
939 2178 1005 2223 te,
1045 2171 1251 2226 Domine,
1274 2174 1459 2217 Domine

75 2257 97 2282 »
129 2239 283 2285 exaudi
314 2255 464 2285 vocem
498 2255 655 2283 meam.
684 2239 811 2283 Fiant
853 2254 976 2282 aures
999 2247 1087 2283 tuae
1113 2240 1389 2286 intendentes
1415 2244 1462 2288 in

76 2328 96 2352 »
127 2326 280 2356 vocem
312 2309 626 2370 deprecationis
650 2324 774 2352 meae.
815 2309 860 2353 Si
897 2309 1461 2369 iniquitates‘observaveris

76 2398 97 2423 »
129 2382 342 2436 Domine,
387 2380 598 2435 Domine,
637 2379 734 2439 quis
776 2379 1036 2424 sustinebit?
1059 2399 1078 2422 »
1104 2382 1250 2426 Vitare
1284 2399 1461 2443 possum

74 2452 320 2509 homicidia,
345 2450 573 2507 adulteria,
586 2450 774 2510 rapinaS,
785 2451 972 2510 perjuria
983 2486 994 2508 ,
1019 2451 1230 2499 maleficia
1242 2475 1254 2512 3
1274 2455 1462 2502 idolola-

123 2544 132 2562 ¹
150 2538 264 2571 Matth.
283 2548 320 2580 v,
337 2545 392 2572 22.
441 2515 444 2517 >
