1815 3253
351 257 593 288 ENAnnA'rxo
627 261 671 287 nv
703 257 906 288 PsALMUM
938 261 1116 287 cxxxuc.
1354 247 1437 288 345

0 346 4 374 r
53 328 120 382 ni,
161 326 234 387 qui
262 335 415 370 emunt
445 325 627 370 saccello
653 345 661 370 :
703 326 778 370 sed
815 325 954 385 qualis
977 326 1187 369 Dominus
1205 361 1215 381 ,
1241 326 1315 386 qui
1338 327 1443 370 emit

0 413 6 430 1·
52 397 276 456 sanguine.
308 415 326 437 «
352 396 534 440 Domine
554 432 565 451 ‚
592 397 776 440 Domine
793 432 803 451 ,
829 393 965 440 virtu's
989 395 1137 439 salutis
1156 399 1290 439 meae¹
1320 416 1329 441 :
1358 396 1442 440 »id

0 489 3 500 ·
53 477 141 522 est,
167 468 244 528 qui
262 467 338 511 das
361 468 470 513 vires
493 468 620 512 saluti
639 484 761 512 meze.
788 467 905 521 Quid
924 467 1003 511 sibi
1024 466 1143 521 vult,
1171 486 1190 508 «
1216 467 1364 511 Virtus
1381 483 1444 512 sa-

0 542 4 578 ὲ
55 557 76 580 »
110 538 211 583 lutis
245 541 381 582 meze?
413 558 432 580 »
467 539 831 599 Conqucrebatur
863 537 917 582 de
954 537 1166 582 scandalis
1204 547 1247 582 et
1278 538 1443 582 insidiis

52 618 355 669 peccatorum,
383 608 437 654 de
455 609 880 655 circumlatrantibus
903 619 946 653 et
968 607 1443 653 circuminsidiantibus

0 665 4 739 f
51 677 248 738 malignis
271 680 520 724 hominibus
542 681 651 725 vasis
678 679 868 735 diaboli,
902 680 957 723 de
980 679 1174 739 superbis
1204 678 1443 723 invidenti-

0 755 2 764 *
53 751 134 795 bus
157 751 282 810 justis
303 787 312 805 ,
348 752 460 795 inter
493 751 642 812 quales
679 767 852 796 necesse
875 760 938 795 est
959 752 1092 795 vitam
1113 751 1274 795 ducere
1290 786 1300 806 ‚
1342 765 1444 795 cum

0 875 1 878 Ἴ
51 822 122 866 hic
139 822 324 866 vivimus
342 822 385 865 in
408 823 756 882 peregrinatione
773 831 920 867 nostra
941 823 1038 867 hac.
1054 822 1171 866 Talia
1193 837 1297 867 vero
1320 837 1444 866 scan-

38 891 150 936 dala
174 892 443 936 abundantia
467 892 614 938 futura
635 893 845 938 Dominus
863 893 1079 954 praedixit,
1098 903 1141 938 et
1164 893 1247 938 ait:
1263 893 1446 937 «Abun-

0 966 3 990 ³
55 979 75 1004 ,1)
110 960 234 1005 dabit
280 962 487 1022 iniquitas
508 998 519 1018 ,
573 973 616 1007 et
657 964 864 1024 quoniam
914 964 1160 1008 abundabit
1199 964 1403 1023 iniquitas
1431 999 1442 1018 ,

10 1059 11 1070 2
55 1049 77 1073 »
112 1030 363 1091 refrigescet
398 1033 581 1077 charitas
614 1034 871 1078 multorum.
903 1052 923 1075 »
964 1034 1047 1078 Sed
1076 1033 1273 1093 adjunxit
1301 1034 1444 1078 statim

0 1137 5 1151 ,
53 1101 255 1146 solatium
280 1119 291 1146 :
320 1122 339 1145 «
358 1103 440 1156 Qui
462 1104 800 1163 perseveraverit
817 1104 1018 1164 usquein
1036 1104 1190 1158 finem,
1215 1104 1286 1147 hic
1304 1103 1446 1147 salvus

0 1222 2 1234 ι
55 1190 77 1215 ›>
111 1172 236 1216 erit‘2.
260 1191 280 1214 »
308 1173 510 1218 Attendit
530 1174 610 1218 iste
626 1210 637 1229 ,
664 1183 708 1218 et
733 1174 901 1229 timuit,
931 1182 975 1218 et
996 1173 1264 1218 abundantia
1286 1173 1449 1234 iniqui-

54 1251 194 1288 tatum
229 1243 428 1287 turbatus
458 1245 641 1304 respexit
675 1260 796 1304 spem
823 1264 831 1289 z
870 1245 971 1304 quia
1004 1245 1079 1305 qui
1107 1244 1448 1304 perseveraverit

10 1341 11 1345 =
54 1329 192 1375 usque
212 1315 256 1357 in
280 1314 434 1369 finem,
459 1315 531 1359 hic
553 1315 695 1360 salvus
719 1316 815 1360 erit.
840 1315 1050 1360 Extendit
1073 1331 1116 1360 se
1139 1331 1413 1375 perseverare
1433 1351 1443 1365 ,

55 1394 98 1429 et
129 1384 238 1428 vidit
270 1383 444 1442 longam
475 1385 619 1443 viam,
644 1395 687 1430 et
722 1386 823 1446 quia
855 1401 1128 1445 perseverare
1152 1401 1360 1445 magnum
1384 1395 1449 1429 est

53 1454 246 1508 difficile,
265 1455 408 1514 ipsum
427 1456 566 1500 oravit
588 1455 641 1500 ad
654 1456 970 1516 perfectionem
989 1457 1319 1516 perseverantiae
1338 1471 1444 1510 Suae,

55 1541 77 1569 a
95 1541 184 1585 quo
207 1524 269 1568 illi
287 1527 457 1586 jussum
483 1535 569 1581 est,
595 1535 642 1570 ut
660 1535 967 1586 perseveraret.
985 1529 1115 1571 Certe
1132 1526 1274 1571 salvus
1296 1542 1391 1582 ero,
1413 1528 1446 1570 si

3 1648 6 1655 ι
50 1611 376 1656 perseveravero
400 1611 538 1656 usque
564 1597 609 1640 in
631 1598 764 1640 finem
791 1616 798 1642 :
825 1597 901 1641 sed
928 1598 1247 1657 perseverantia
1273 1597 1327 1641 ad
1353 1597 1444 1642 vir-

3 1663 7 1679 ⁵
51 1676 190 1711 tutem
222 1667 411 1727 pertinet
429 1703 439 1721 ,
476 1677 526 1712 ut
555 1683 722 1712 merear
745 1668 929 1713 salutem
954 1688 962 1712 :
990 1678 1039 1712 tu
1066 1684 1110 1712 es
1130 1669 1268 1713 virtus
1293 1667 1443 1713 salutis

5 1734 7 1749 ³
51 1753 158 1781 meae
175 1773 186 1792 ,
212 1747 262 1782 tu
283 1753 353 1781 me
375 1736 480 1782 facis
496 1753 791 1798 perseverare,
817 1748 867 1782 ut
889 1739 1140 1798 perveniam
1164 1740 1219 1783 ad
1240 1738 1439 1783 salutem.

5 1803 8 1814 ’
55 1827 75 1850 «
109 1808 314 1862 Domine,
339 1809 545 1863 Domine,
561 1810 698 1853 virtus
714 1810 863 1854 salutis
880 1826 1003 1854 meae.
1030 1829 1049 1850 »
1070 1813 1128 1855 Et
1149 1810 1269 1854 unde
1287 1826 1413 1871 spero
1430 1846 1441 1866 ,

52 1879 152 1940 quia
181 1887 231 1922 tu
252 1894 296 1923 es
315 1881 452 1923 virtus
470 1878 619 1924 salutis
645 1882 784 1924 meae?
806 1900 826 1923 «
847 1881 1129 1925 Obumbrasti
1153 1897 1283 1941 super
1314 1890 1447 1941 caput

54 1967 74 1991 »
109 1964 256 1993 meum
278 1950 322 1993 in
346 1949 417 1993 die
439 1949 608 1993 belli.»
642 1953 753 1995 Ecce
775 1950 908 1995 modo
929 1951 1073 1995 adhuc
1091 1966 1271 2010 pugno,
1297 1966 1447 2011 pugno

21 2017 154 2072 foris
182 2028 333 2064 contra
364 2020 438 2064 fic·
425 2035 487 2064 -os
525 2020 686 2075 bonos,
718 2036 866 2080 pugno
889 2022 1007 2065 intus
1039 2030 1190 2066 eontra
1213 2022 1448 2082 concupis-

0 2125 2 2127 >
21 2074 211 2134 centias
233 2105 383 2135 meas:
415 2109 434 2132 «
456 2091 675 2143 Quoniam
697 2090 825 2135 video
857 2091 985 2135 aliam
1008 2091 1182 2149 legem
1172 2107 1217 2135 m
1239 2092 1447 2138 memlnis

0 2181 3 2189 ·
56 2177 76 2200 »
110 2160 214 2204 meis
244 2170 561 2220 repugnantem
587 2160 674 2220 legi
710 2161 866 2205 mentis
889 2177 1024 2216 111613,
1059 2171 1102 2205 et
1124 2162 1346 2221 captivum
1379 2178 1449 2207 me

0 2241 3 2270 3
37 2241 77 2272 “n
110 2230 342 2275 ducentem
370 2231 416 2274 in
453 2231 548 2291 lege
581 2232 771 2291 peccati,
811 2248 910 2293 quae
933 2242 997 2277 est
1014 2197 1064 2276 in
1092 2232 1300 2277 membris
1322 2234 1444 2278 meis.

58 2318 77 2342 »
111 2302 240 2345 Miser
263 2316 342 2360 ego
363 2302 497 2346 homo
514 2337 524 2356 ,
561 2302 656 2362 quis
680 2318 748 2346 me
763 2302 980 2347 ‘liberabit
1015 2302 1070 2347 de
1092 2318 1273 2362 corpore
1297 2305 1450 2348 mortis

0 2403 3 2422 ‚
58 2389 78 2412 »
111 2372 431 2469 1111]ι153961·ε1113
455 2372 547 2427 Dei,
573 2388 650 2432 per
673 2376 822 2417 Jesum
845 2374 1067 2418 Christum
1091 2374 1328 2420 Dominum
1355 2391 1452 2419 nos-

0 2453 4 2468 ¹
59 2460 78 2483 n
111 2452 151 2487 n
154 2445 256 2486 um
265 2461 308 2487 ›.›
336 2444 475 2502 Igitur
497 2442 727 2487 laborans
717 2460 762 2487 1n
786 2445 868 2489 hoc
888 2444 1032 2500 bello,
1059 2445 1246 2505 respexit
1269 2445 1324 2489 ad
1348 2461 1449 2504 gra-

0 2499 27 2563 ·Ι
56 2511 156 2556 tiam
179 2513 291 2558 Dei:
323 2521 367 2556 et
389 2512 491 2573 quia
507 2514 599 2573 jam
621 2524 815 2573 coeperat
839 2524 1022 2559 aestuare
1042 2524 1085 2559 et
1103 2530 1316 2570 arescere,
1341 2524 1442 2559 tan-

25 2565 28 2637 i
106 2602 115 2618 ¹
134 2597 213 2629 Psal.
229 2608 358 2639 cxxxix,
383 2599 415 2631 8.
437 2614 478 2620 --
500 2597 639 2631 ¹Matth.
661 2609 748 2639 xxiv,
773 2607 825 2639 1⁴2,
848 2599 897 2632 13,
921 2616 961 2622 —-
980 2597 993 2621 ³
1013 2601 1102 2632 Rom.
1123 2610 1182 2641 vn,
1200 2599 1320 2632 23-25.

25 2649 29 2750 Ι.

26 2764 29 2798 Ι

27 2802 29 2862 ι
