1856 3268
404 237 427 276 4
840 247 874 276 s.
911 247 1140 278 Aueusaerm
1173 250 1354 278 muscom

398 321 570 371 postere
591 313 825 372 quaerimus
849 311 1040 368 exaltari,
1067 329 1157 358 non
1179 313 1476 368 ascendamus,
1497 314 1572 357 sed
1586 327 1776 358 ruamus.

400 382 558 426 Docuit
585 391 731 425 autem
758 382 847 441 ipse
875 382 1078 426 Dominus
1101 399 1124 427 a
1145 373 1340 427 convalle
1365 383 1616 442 plorationis
1633 398 1782 427 ascen-

401 450 621 506 dendum,
655 452 831 512 quando
863 467 942 511 pro
965 452 1089 496 nobis
1111 452 1327 496 humiliari
1350 468 1487 512 usque
1510 452 1564 496 ad
1597 461 1782 497 mortem

399 521 539 565 crucis
560 531 603 565 et
625 521 714 581 pati
740 522 942 580 dignatus
965 530 1042 565 est.
1070 525 1162 566 Hoc
1180 521 1429 581 exemplum
1445 538 1534 566 non
1561 521 1781 582 relinqua-

400 607 496 635 mus
516 611 524 635 :
546 592 671 635 istam
698 591 939 635 convallem
962 590 1215 651 plorationis
1230 595 1440 649 Martyres
1456 591 1777 636 intellexerunt.

399 662 524 706 'Unde
542 661 874 706 intellexerunt?
897 661 1041 706 unde?
1056 663 1165 715 Quia
1184 671 1227 705 et
1247 662 1328 722 ipsi
1348 662 1403 706 de
1425 661 1619 708 convalle
1633 661 1781 721 plora-

395 732 523 777 tionis
541 767 551 787 ,
579 741 629 776 ut
650 742 992 787 coronarentur„
1021 731 1325 777 ascenderunt.

467 806 524 847 11.
552 804 764 862 Congruit
780 812 823 847 et
846 803 1058 847 hodierno
1081 802 1167 846 diei
1189 803 1382 846 Psalmus
1403 802 1482 846 iste
1509 821 1529 844 «
1553 802 1782 848 Canticum

402 892 422 915 >›
458 873 670 932 graduum
690 893 698 918 :
721 892 739 914 »
766 874 820 917 de
842 873 925 918 illis
947 874 1063 918 enim
1086 874 1251 918 dictum
1275 884 1337 919 est
1355 894 1363 919 :
1379 893 1396 915 «
1419 875 1718 919 Euntesibant
1739 883 1783 919 et
1826 927 1828 932 ,

402 965 420 986 »
456 945 642 999 flebant,
665 944 883 988 mittentes
901 945 1063 989 semina
1081 947 1198 989 sua1.
1218 965 1235 986 »
1253 948 1356 990 Haec
1379 955 1442 990 est
1463 945 1669 990 convallis
1686 944 1783 1005 plo-

398 1014 599 1070 rationis,
621 1014 699 1058 ubi
716 1031 739 1058 a
763 1015 971 1059 flentibus
993 1015 1228 1059 mittuntur
1249 1016 1426 1060 semina.
1453 1020 1558 1069 Quae
1578 1025 1680 1060 sunt
1701 1032 1781 1060 au-
1824 1028 1826 1055 t

400 1094 487 1129 tem
510 1084 699 1128 semina?
722 1088 840 1129 Bona
862 1100 992 1144 opeia
1014 1085 1058 1128 in
1082 1085 1159 1129 ista
1184 1085 1463 1130 tribulatione
1490 1095 1676 1130 terrena.
1698 1085 1783 1138 Qui
1823 1105 1826 1116 ·

398 1156 511 1199 bene
535 1165 739 1214 operatur
772 1155 818 1198 in
841 1153 1037 1199 convalle
1060 1154 1337 1214 plorationis,
1363 1155 1510 1199 similis
1533 1164 1596 1199 est
1616 1155 1783 1199 homini
1822 1179 1825 1194 ι

398 1227 628 1271 seminanti
650 1243 726 1286 per
747 1228 964 1284 hyemem.
989 1226 1213 1287 Numquid
1234 1226 1393 1283 frigore
1415 1226 1469 1270 ab
1486 1241 1615 1285 opere
1636 1225 1782 1270 deter-
1822 1253 1824 1284 3

399 1299 553 1341 retur?
587 1298 654 1341 Sic
684 1297 889 1356 pressuris
922 1296 1075 1340 mundi
1104 1312 1193 1340 non
1222 1295 1432 1340 debemus
1468 1312 1491 1339 a
1513 1296 1630 1340 bono
1653 1311 1783 1355 opere
1821 1348 1823 1357 ι

418 1368 607 1413 teterreri
640 1388 648 1412 z
681 1368 783 1428 quia
811 1367 930 1412 vides
959 1367 1066 1428 quid
1087 1367 1281 1427 sequitur
1303 1387 1311 1411 :
1344 1387 1363 1410 «
1387 1370 1577 1422 Euntes,
1601 1368 1744 1427 inquit
1767 1402 1779 1423 ,

403 1457 423 1481 »
458 1439 581 1482 ibant
602 1448 645 1482 et
666 1439 854 1493 flebant,
878 1437 1100 1481 mittentes
1122 1438 1282 1481 semina
1304 1453 1394 1481 sua.
1424 1458 1441 1479 »
1467 1436 1604 1482 Valde
1624 1438 1780 1493 miseri,

399 1510 434 1553 si
455 1525 623 1569 semper
646 1509 809 1552 flebant
829 1529 840 1566 3
864 1507 990 1552 valde
1012 1508 1182 1562 miseri,
1203 1508 1236 1551 si
1258 1523 1484 1567 nunquam
1511 1507 1565 1551 de
1585 1505 1783 1564 lacrymis
1819 1502 1821 1509 '

399 1580 628 1624 liberandi.
650 1579 731 1624 Sed
755 1578 854 1623 vide
876 1577 983 1638 quid
1000 1579 1197 1638 sequitur
1219 1598 1227 1623 :
1257 1579 1518 1622 «Venientes
1540 1587 1686 1623 autem
1705 1593 1783 1623 ve-
1817 1619 1819 1641 ;

406 1670 424 1692 »
461 1651 582 1694 nient
602 1650 647 1692 in
669 1648 960 1702 exultatione,
982 1658 1202 1707 portantes
1226 1649 1419 1706 germina
1440 1652 1555 1692 sua2.
1580 1666 1601 1690 »

461 1723 543 1763 ΙΙΙ.
570 1718 687 1764 Nihil
717 1718 837 1762 aliud
870 1717 960 1762 istis
990 1719 1166 1762 canticis
1188 1717 1420 1774 docemur,
1452 1717 1628 1774 fratres,
1652 1734 1784 1778 quam
1816 1714 1818 1765 ὲ

404 1789 661 1847 ascendere,
693 1789 767 1832 sed
799 1787 1028 1832 ascendere
1060 1788 1106 1831 in
1137 1787 1291 1843 corde,
1316 1789 1361 1831 in
1383 1788 1543 1833 affectu
1566 1789 1710 1844 bono,
1738 1789 1784 1832 in
1814 1807 1817 1838 ι

403 1855 489 1905 fide
508 1895 519 1916 ,
553 1875 627 1919 spe
660 1868 704 1903 et
724 1859 931 1903 charitate
947 1893 957 1913 ,
993 1858 1039 1901 in
1065 1858 1276 1902 desiderio
1300 1859 1598 1918 perpetuitatis
1620 1869 1663 1903 et
1682 1859 1784 1904 vitae
1813 1847 1816 1910 l

404 1941 592 1975 [eternae.
617 1930 685 1974 Sic
708 1929 967 1973 ascenditur.
982 1928 1194 1986 Congruit
1215 1944 1292 1972 nos
1310 1928 1452 1972 dicere
1474 1928 1696 1988 quomodo
1719 1945 1785 1973 as·
1812 1917 1815 1963 Ϊ

404 2001 678 2046 cendendum
697 2001 764 2044 sit.
779 2005 947 2053 Quanta
970 1999 1225 2043 terribiliora
1246 1999 1355 2043 lecta
1378 1998 1432 2042 de
1449 1999 1685 2058 Evangelio
1707 2015 1814 2044 au-
1812 1985 1814 2007 i

403 2072 513 2117 divit
533 2072 729 2116 Charitas
762 2069 943 2113 Vestra!
971 2068 1134 2112 Videtis
1167 2084 1238 2113 cei
1243 2078 1309 2124 te
1345 2069 1447 2129 quia
1478 2070 1585 2114 hora
1612 2070 1784 2114 Domini
1810 2048 1813 2130 l

405 2144 516 2187 sicut
539 2141 640 2184 fur
630 2156 675 2184 m
699 2149 852 2195 nocte,
877 2139 935 2183 ita
957 2140 1115 2183 veniet.
1152 2158 1172 2181 ‹<
1199 2139 1242 2184 Si
1264 2139 1418 2193 sciret,
1444 2139 1611 2200 inquit,
1636 2149 1812 2216 pater-

405 2210 583 2256 funilias
606 2227 690 2271 qua
711 2212 817 2255 hora
837 2211 908 2254 f·ui
925 2207 1376 2303 v(ni1et,amengdico
1397 2209 1520 2253 vobis
1538 2209 1672 2269 ,quia
1694 2222 1810 2264 non}

408 2302 428 2325 ³>
464 2292 685 2342 pateretur
702 2279 872 2341 peifodi
890 2279 1095 2338 parietem
1114 2280 1272 2322 suum3
1280 2298 1323 2321 .»
1350 2278 1496 2322 Dicitis
1516 2278 1663 2334 modo,
1683 2280 1809 2332 Quis
1807 2300 1809 2322 1

405 2368 508 2411 eigo
526 2352 646 2396 novit
663 2367 749 2410 qua
771 2352 875 2394 liora
894 2349 1060 2403 veniet,
1082 2348 1183 2408 quia
1205 2349 1310 2392 hora
1328 2348 1441 2392 sicut
1462 2347 1533 2392 fur
1555 2349 1634 2392 erit
1649 2351 1808 2396 PNes-

405 2424 464 2468 cis
484 2439 570 2482 qua
589 2423 693 2465 hora
715 2421 875 2475 veniat,
901 2434 1068 2478 semper
1085 2417 1239 2475 vigila,
1263 2427 1312 2462 ut
1333 2419 1434 2477 quia
1452 2419 1587 2463 nescis
1606 2406 1807 2478 quando,

406 2495 566 2549 veniat,
591 2501 789 2552 paratum
812 2500 853 2534 te
872 2490 1077 2543 inveniat,
1099 2504 1199 2532 curn
1223 2489 1402 2533 venerit.
1423 2492 1479 2534 Et
1501 2488 1555 2533 ad
1572 2490 1654 2534 hoe
1674 2488 1805 2534 forte
1804 2492 1806 2519 l

452 2580 502 2609 'P
522 2577 561 2609 al
581 2586 673 2616 cxxv,
693 2575 725 2606 (“.
747 2592 784 2596 -
807 2572 978 2606 ²llJid.-
1000 2570 1319 2613 ³Matth.xx1v,45.

1831 361 1835 379 l
