1815 3253
361 206 602 236 ENARRATIO
633 209 679 236 ΙΝ
710 205 914 236 PSALMUM
945 209 1108 236 cxxvn.
1336 194 1417 235 135

0 300 3 308 ·
69 275 286 321 abuerunt
300 275 346 319 in
367 274 510 318 terra?
527 275 583 318 Et
604 282 752 317 tamen
769 273 878 333 quid
899 273 958 317 eis
980 271 1085 316 dicit
1103 273 1121 316 Ρ
1145 271 1319 317 «Nolite
1338 287 1419 318 vo-

0 363 2 387 l
39 364 61 389 »
94 345 160 390 bis
188 344 334 389 dicere
355 353 523 403 patrem
547 358 675 402 super
704 351 890 398 terram,
925 357 1039 386 unus
1073 350 1137 385 est
1158 343 1275 385 enim
1295 344 1423 387 Pater

41 433 61 458 »
93 424 233 460 vester
250 449 261 470 ,
283 414 359 474 qui
382 414 426 457 in
442 412 563 457 coelis
585 422 649 457 est
666 414 696 457 1.
717 431 736 455 n
750 412 880 467 Quod
902 428 1004 471 ergo
1026 412 1070 456 in
1092 421 1215 471 patre
1236 411 1421 457 docebat

25 489 27 491 ’
75 484 292 545 iscipulos,
312 485 396 529 hoc
413 484 459 527 in
477 492 613 527 matre
634 483 724 542 ipse
737 482 1065 528 demonstravit.
1081 481 1188 526 Vult
1205 483 1321 526 enim
1339 485 1425 528 Do-

35 555 178 600 minus
201 564 250 599 ut
264 552 717 612 consanguinitatibus
736 553 916 597 terrenis
937 567 1243 611 praeponamus
1261 554 1419 597 Deum.

36 626 162 670 Defer
197 625 336 685 patri,
367 625 467 684 quia
503 632 625 683 pater
660 632 754 668 est:
780 622 904 668 defer
928 626 1017 668 Deo
1034 657 1045 678 ‚
1070 622 1173 683 quia
1204 625 1317 667 Deus
1339 631 1418 667 est.

35 696 267 740 Generavit
288 705 330 739 te
350 704 474 755 pater
493 693 867 739 accommodando
889 708 1063 738 carnem
1085 708 1206 737 suam
1224 728 1235 749 ‚
1260 694 1422 738 creavit

34 775 78 809 te
112 769 223 810 Deus
253 763 505 809 adhibendo
536 764 779 824 potentiam
816 779 953 808 suam.
985 765 1047 809 Ne
1069 763 1279 807 irascatur
1299 773 1424 823 pater

34 851 134 880 oum
159 839 271 879 Deus
293 835 355 879 illi
377 835 649 894 praeponitur
675 855 684 880 ε
708 835 796 880 imo
825 834 1014 894 gaudeat
1032 834 1113 878 sibi
1136 843 1308 879 tantum
1341 834 1421 878 de-

34 905 158 960 ferri,
183 915 233 950 ut
255 905 326 949 ille
348 905 553 949 inventus
569 915 694 962 esset,
719 906 796 966 qui
818 906 856 950 ei
874 904 1056 950 deberet
1077 906 1288 965 praeponi.
1306 909 1422 964 Ergo

34 976 141 1037 quid
161 975 302 1020 dicam
320 978 338 1020 Ρ
360 975 571 1020 Dominus
594 976 702 1035 quid
724 977 815 1020 ait?
848 994 868 1018 «
893 979 1002 1030 Quae
1023 976 1131 1020 mihi
1152 985 1291 1020 mater
1310 1011 1321 1032 ‚
1348 987 1424 1021 aut

39 1064 58 1088 n
92 1046 168 1106 qui
193 1047 375 1090 fratres?
409 1049 466 1090 Et
492 1045 686 1108 extendit
717 1060 872 1091 manus
894 1047 940 1091 in
956 1046 1201 1105 Discipulos
1221 1062 1320 1091 suos
1336 1082 1348 1102 ,
1379 1056 1423 1091 et

39 1136 58 1159 >›
92 1117 152 1160 ait
171 1136 181 1161 :
211 1119 323 1160 Ecce
345 1125 481 1160 mater
498 1131 594 1160 mea
616 1125 659 1160 et
680 1114 834 1161 fratres
865 1116 951 1160 mei
967 1118 999 1160 2.
1033 1134 1053 1157 >›
1075 1119 1247 1161 Fratres
1269 1126 1419 1173 erant,

0 1208 5 1230 .-·
34 1197 172 1232 mater
197 1185 420 1247 quomodo
442 1188 567 1231 erat?
601 1185 784 1231 Addidit
799 1222 810 1243 ‚
845 1190 903 1231 Et
928 1187 1004 1247 qui
1040 1187 1191 1232 fecerit
1213 1187 1420 1232 volunta-

34 1266 122 1302 tem
154 1257 291 1301 Patris
324 1258 433 1312 mei,
464 1257 554 1316 ipse
584 1257 691 1301 mihi
725 1256 859 1301 frater
878 1267 921 1302 et
942 1273 1062 1302 soror
1096 1267 1139 1302 et
1166 1267 1306 1303 mater
1336 1268 1417 1303 est.

34 1330 160 1387 Puta,
176 1327 323 1382 frater,
350 1336 527 1387 propter
548 1343 697 1371 sexum
711 1327 879 1372 virilem
897 1343 1027 1387 quem
1051 1328 1186 1372 habet
1202 1328 1419 1389 Ecclesia3

32 1412 174 1452 soror,
198 1407 376 1457 propter
396 1397 598 1441 foeminas
616 1413 723 1457 quas
737 1398 807 1442 hic
828 1399 873 1441 in
891 1398 1097 1443 membris
1114 1399 1248 1443 habet
1269 1400 1420 1445 Chris-

32 1476 103 1512 tus
124 1487 133 1513 :
158 1477 296 1512 mater
317 1467 556 1528 quomodo,
573 1468 653 1512 nisi
671 1468 774 1528 quia
799 1468 889 1527 ipse
906 1469 1102 1513 Christus
1125 1478 1188 1513 est
1203 1470 1249 1513 in
1272 1471 1420 1516 Chris-

0 1571 4 1575 .
33 1538 179 1591 tianis‚
210 1553 318 1598 quos
346 1538 637 1593 Christianos,
674 1553 751 1597 per
784 1538 1051 1598 baptismum
1083 1539 1281 1599 quotidie
1307 1542 1421 1600 parit

33 1608 255 1653 Ecclesia?
273 1611 387 1666 Ergo
408 1609 454 1651 in
469 1608 627 1668 quibus
648 1607 853 1668 intelligis
877 1610 1111 1669 conjugem
1125 1645 1136 1666 ,
1156 1610 1201 1654 in
1222 1610 1305 1655 illis
1322 1627 1419 1657 ma-

34 1687 165 1733 trem,
185 1679 231 1722 in
252 1678 333 1723 illis
355 1677 481 1723 filios.

91 1752 217 1795 XIII.
242 1751 418 1794 Dicatur
438 1764 538 1808 ergo
560 1749 710 1810 quales
735 1749 900 1795 debent
920 1766 1011 1795 esse
1028 1751 1121 1795 filii.
1137 1752 1296 1805 Quales
1309 1754 1327 1797 P
1340 1756 1424 1798 Pa-

34 1820 160 1864 cifici.
184 1823 326 1873 Quare
348 1821 545 1880 pacifici?
567 1820 676 1874 Quia
698 1840 718 1863 «
743 1821 864 1865 Beati
884 1822 1053 1881 pacifici
1071 1858 1081 1877 ‚
1107 1823 1210 1883 quia
1243 1824 1323 1883 ipsi
1344 1823 1422 1867 filii

38 1907 58 1931 »
94 1890 165 1934 Dei
189 1891 504 1935 vocabunturss.
537 1909 555 1932 »
583 1892 693 1945 Quia
717 1906 818 1949 ergo
851 1893 897 1936 in
932 1891 1045 1937 oliva
1067 1891 1235 1937 fructus
1263 1903 1328 1938 est
1345 1909 1424 1953 pa-

35 1961 93 2004 cis
120 1980 129 2005 :
155 1961 299 2005 oleum
315 1962 429 2005 enim
448 1977 598 2020 pacem
614 1962 840 2020 significat,
861 1963 962 2023 quia
979 1963 1234 2008 charitatem
1257 1964 1423 2024 signifi-

34 2040 126 2088 cat3
145 2033 236 2075 sine
258 2033 465 2077 charitate
488 2032 607 2078 nulla
625 2048 708 2092 pax
731 2042 809 2077 est.
837 2036 893 2077 Et
914 2033 1194 2079 manifestum
1217 2044 1296 2089 est,
1321 2036 1423 2095 quia

33 2102 109 2161 qui
131 2102 369 2147 diviserunt
384 2118 550 2161 pacem,
564 2119 654 2148 non
670 2104 895 2148 habebant
911 2105 1182 2149 charitatem.
1196 2104 1424 2166 Undejam

34 2171 211 2229 exposui
223 2172 432 2216 Charitati
447 2175 611 2216 Vestrae
627 2174 658 2228 ⁴,
674 2190 808 2234 quare
821 2173 1025 2219 columba
1044 2174 1147 2219 folia
1158 2191 1260 2219 cum
1276 2173 1421 2220 fructu

0 2239 1 2251 ²
34 2242 222 2301 portavit
243 2242 297 2286 ad
319 2258 459 2287 arcam
472 2245 502 2297 ⁵,
518 2254 567 2287 ut
581 2245 841 2303 significaret
854 2247 956 2305 quia
971 2255 1014 2290 et
1027 2245 1089 2289 illi
1105 2247 1182 2306 qui
1197 2246 1301 2290 foris
1316 2247 1422 2305 bap-

34 2312 147 2356 tizati
174 2321 275 2355 sunt
291 2347 301 2366 ‚
321 2312 430 2357 sicut
451 2311 569 2371 ligna
590 2313 662 2359 illa
685 2324 803 2359 extra
825 2331 969 2359 arcam
994 2316 1212 2375 baptizata
1236 2325 1360 2372 sunt,
1385 2318 1420 2361 si

34 2398 123 2427 non
138 2382 228 2427 sola
245 2381 347 2426 lolia
359 2383 608 2439 habuerint,
625 2385 669 2429 id
688 2387 910 2441 est‚verha
923 2386 1029 2443 sola,
1041 2387 1115 2432 sed
1128 2388 1363 2433 habuerint
1378 2397 1422 2432 et

80 2482 92 2501 ¹
111 2477 225 2510 Matth.
244 2488 334 2517 xxm,
350 2488 383 2519 9.
402 2493 444 2499 —-
462 2483 475 2500 ²
494 2477 543 2510 Id.
559 2488 651 2521 xvni,
666 2478 723 2522 48,
742 2479 798 2523 49.
811 2497 853 2505 -—
871 2479 947 2515 ³1d.
963 2492 999 2524 v,
1013 2493 1047 2525 9.
1061 2499 1104 2506 —
1121 2481 1138 2508 t.
1154 2483 1233 2516 Vide
1249 2484 1358 2516 Tract.
1371 2492 1420 2523 v1,

35 2532 67 2565 in
82 2534 176 2567 Joan.
198 2544 231 2566 n.
254 2544 306 2577 19·
328 2550 370 2557 --
387 2531 494 2567 ⁵Gen.
522 2543 594 2577 vm,
615 2544 669 2567 11.
