1815 3253
340 216 425 256 476
775 226 809 256 s.
846 226 1076 257 Aucus-mm
1107 230 1288 258 EPISCOPI

1775 230 1810 280 sub

337 294 563 339 mulatur:
588 293 766 353 quando
785 303 927 353 potest
948 310 1048 339 caro
1064 294 1166 339 dare
1183 295 1266 340 hoc
1288 295 1516 340 consilium
1538 295 1722 340 animae?
1775 301 1814 348 calc

338 366 443 418 Quis
465 374 529 409 est
549 380 652 442 ergo
670 366 744 425 qui
766 365 898 412 dicit:
916 365 1112 421 «Lauda,
1132 368 1271 412 anima
1287 382 1397 422 mea,
1417 368 1654 413 Dominum
1668 368 1718 411 Ρ»
1775 376 1815 420 ins

338 435 457 480 Nihil
493 435 736 480 invenimus
772 436 955 496 amplius
987 437 1033 480 in
1066 437 1269 493 homine,
1304 452 1435 498 quam
1473 452 1647 482 carnem
1681 445 1725 480 et

339 506 527 550 animam
559 515 710 551 :totus
731 506 864 550 homo
889 508 969 551 hoc
994 515 1057 551 est
1072 507 1282 566 ,spiritus
1310 517 1353 552 et
1382 523 1496 553 caro.
1523 510 1592 552 An
1613 505 1724 552 forte

338 577 428 636 ipsa
450 576 590 620 anima
614 575 695 620 sibi
712 575 835 631 dicit,
861 585 904 621 et
926 577 1006 620 sibi
1022 576 1215 637 quodam
1235 578 1367 622 modo
1388 578 1595 638 imperat,
1622 586 1666 621 et
1681 591 1726 621 se

340 647 593 691 exhortatur
624 656 755 706 atque
777 647 965 691 excitat?
986 646 1257 700 Quibusdam
1284 648 1399 692 enim
1430 646 1726 707 perturbatio-

339 717 466 761 nibus
501 732 553 760 ex
589 716 780 777 quadam
812 718 877 762 sui
910 727 1031 778 parte
1066 717 1297 774 fluitabat,
1334 734 1384 762 ex
1407 717 1597 779 quadam
1623 732 1728 762 vero

338 796 483 847 parte,
510 803 644 847 quam
666 797 826 832 vocant
846 797 1039 833 mentem
1062 788 1337 844 rationalem,
1357 787 1476 832 illam
1498 803 1585 848 qua
1606 787 1727 846 cogi-

339 867 403 902 tat
437 858 691 918 sapientiam
708 893 719 914 ,
759 859 976 904 inhaerens
1015 859 1201 904 Domino
1226 861 1316 920 jam
1353 868 1397 904 et
1432 859 1649 919 suspirans
1683 858 1729 901 in

339 927 488 984 illum,
515 929 821 974 animadvertit
849 929 1058 990 quasdam
1082 945 1179 974 suas
1205 929 1428 975 inferiores
1458 939 1600 990 partes
1629 943 1730 987 per-

341 999 508 1044 turbari
528 999 722 1044 motibus
747 1000 1048 1057 saecularibus,
1070 1010 1112 1045 et
1132 1000 1370 1061 cupiditate
1389 1000 1578 1061 quadam
1599 1008 1731 1044 terre-

340 1085 499 1115 norum
522 1069 834 1115 desideriorum
865 1072 927 1115 ire
953 1072 998 1116 in
1027 1072 1258 1127 exteriora,
1283 1071 1530 1132 relinquere
1550 1070 1729 1114 interio-

342 1157 434 1185 rem
468 1145 606 1185 Deum
640 1162 649 1186 :
675 1151 849 1187 revocat
874 1158 918 1186 se
941 1143 997 1186 ab
1019 1143 1303 1188 exterioribus
1336 1141 1390 1186 ad
1419 1141 1649 1196 interiora,
1675 1140 1731 1184 ab

342 1210 618 1256 inferioribus
645 1212 699 1256 ad
727 1213 969 1272 superiora,
1003 1222 1046 1256 et
1072 1213 1203 1257 dicit:
1228 1211 1425 1267 «Lauda,
1451 1212 1595 1255 anima
1616 1226 1728 1265 mea,

346 1300 366 1323 »
403 1283 652 1326 Dominum.
682 1301 700 1324 n
724 1283 840 1336 Quid
862 1283 941 1327 tibi
963 1283 1104 1342 placet
1127 1284 1172 1326 in
1193 1281 1379 1326 saeculo?
1401 1282 1510 1342 quid
1532 1291 1594 1327 est
1612 1281 1732 1342 quod

341 1352 404 1397 vis
427 1351 630 1396 laudare?
651 1352 758 1412 quid
776 1362 840 1397 est
861 1352 980 1413 quod
997 1354 1060 1397 vis
1080 1354 1249 1397 amare?
1270 1355 1556 1412 Quacumque
1577 1367 1734 1411 corpo-

344 1424 425 1467 reis
442 1423 635 1468 sensibus
657 1433 699 1468 te
717 1423 1003 1478 converteris,
1030 1423 1218 1467 occurrit
1243 1423 1321 1467 tibi
1339 1421 1524 1477 coelum,
1545 1422 1734 1467 occurrit

343 1493 423 1536 tibi
436 1502 547 1537 terra
565 1513 573 1538 :
590 1492 710 1553 quod
724 1509 840 1537 amas
854 1493 899 1537 in
907 1502 1037 1548 terra,
1052 1502 1271 1537 terrenum
1286 1501 1371 1550 est,
1390 1490 1605 1551 quidquid
1618 1506 1734 1535 amas

344 1562 446 1606 etin
458 1562 587 1618 coelo,
608 1578 866 1623 corporeum
882 1572 960 1607 est.
981 1564 1152 1623 Ubique
1169 1578 1300 1618 amas,
1320 1571 1363 1606 et
1376 1563 1540 1622 ubique
1552 1560 1704 1605 laudas
1722 1581 1731 1605 ε

344 1633 567 1692 quomodo
583 1633 829 1678 laudandus
844 1643 908 1677 est
923 1632 1017 1689 ille,
1033 1633 1108 1693 qui
1127 1632 1229 1677 fecit
1241 1632 1320 1677 ista
1335 1648 1434 1693 quae
1446 1631 1621 1676 laudas?
1638 1634 1662 1675 J
1666 1647 1734 1675 am

345 1719 446 1762 ergo
461 1704 537 1748 diu
551 1714 762 1764 occupata
772 1705 931 1759 vixisti,
948 1713 991 1748 et
1002 1703 1313 1748 desideriorum
1328 1703 1574 1748 diversitate
1587 1702 1735 1747 verbe-

344 1784 434 1819 rata
449 1811 459 1830 ,
495 1785 641 1835 portas
673 1775 821 1836 plagas
855 1776 1020 1831 saucia,
1057 1775 1193 1819 divisa
1229 1790 1305 1835 per
1343 1790 1508 1819 amores
1545 1773 1730 1829 multos,

345 1846 509 1906 ubique
529 1847 738 1906 inquieta,
764 1861 980 1905 nusquam
1002 1861 1175 1904 secura,
1200 1845 1404 1904 colligere
1428 1844 1483 1889 ad
1504 1854 1547 1889 te
1563 1845 1697 1904 ipsam
1722 1863 1731 1888 :

345 1917 562 1977 quidquid
585 1918 665 1962 tibi
692 1917 795 1962 foris
819 1916 1044 1977 placebat,
1065 1933 1213 1977 quaere
1240 1932 1371 1978 quem
1402 1916 1562 1961 habeat
1583 1925 1735 1959 aucto-

346 2003 451 2032 rem.
478 1988 595 2033 Nihil
624 1988 776 2032 melius
812 1988 857 2030 in
888 1997 1021 2042 terra,
1056 1988 1177 2032 verbi
1210 1988 1366 2047 gratia,
1405 2002 1536 2047 quam
1570 1987 1654 2030 hoc
1690 1995 1733 2029 et

345 2058 454 2103 illnd
477 2078 486 2104 z
509 2074 680 2114 aurum,
706 2067 958 2118 argentum,
979 2058 1196 2113 animalia,
1223 2059 1413 2111 arbores,
1441 2058 1731 2111 amoenitates,

348 2139 482 2174 totam
497 2139 656 2174 terram
678 2131 834 2188 cogita.
856 2129 973 2182 Quid
988 2129 1140 2173 melius
1156 2128 1201 2172 in
1223 2128 1336 2173 coelo
1353 2128 1458 2182 sole,
1484 2127 1604 2178 luna,
1628 2127 1734 2171 side-

346 2201 491 2244 ribus?
515 2203 673 2244 Totum
686 2199 849 2244 coelum
867 2200 1022 2257 cogita.
1048 2199 1205 2244 Omnia
1219 2199 1298 2243 ista
1311 2198 1440 2243 simul
1452 2198 1566 2242 bona
1581 2197 1706 2242 valde
1717 2233 1727 2251 ,

346 2272 447 2331 quia
473 2270 575 2315 fecit
603 2274 717 2314 Deus
740 2271 885 2315 omnia
901 2271 1016 2315 bona
1037 2269 1206 2314 valde1.
1228 2269 1432 2329 Undique
1449 2267 1733 2328 pulchritudo

346 2342 503 2401 operis,
525 2357 625 2401 quae
642 2341 721 2385 tibi
750 2341 1027 2385 commendat
1054 2341 1279 2385 artificem.
1299 2339 1466 2383 Miraris
1488 2338 1699 2382 fabricam
1718 2372 1729 2387 ‚

347 2427 439 2456 ama
465 2411 786 2455 fabricatorem.
811 2413 908 2456 Non
933 2410 1156 2470 occuperis
1177 2411 1222 2454 in
1239 2425 1290 2454 eo
1312 2408 1432 2469 quod
1456 2408 1617 2452 factum
1640 2417 1729 2461 est,

345 2490 388 2526 et
410 2480 582 2525 recedas
604 2481 658 2525 ab
679 2480 754 2526 illo
775 2481 850 2541 qui
873 2478 988 2525 fecit.
1015 2482 1120 2524 Haec
1148 2479 1263 2524 enim
1290 2479 1452 2539 quibus
1475 2478 1699 2538 occuparis
1715 2512 1726 2531 ,

394 2572 403 2588 ¹
425 2568 504 2598 Gen.
525 2576 548 2606 ι,
577 2566 629 2597 3ι.

1776 442 1813 490 mei

1776 523 1815 561 auu

1777 602 1795 632 se
1809 587 1815 627 ί

1778 670 1815 703 me(

1778 743 1815 773 acm

1778 807 1815 859 pot*

1778 867 1815 914 infe

1779 954 1815 1002 quo

1780 1025 1815 1068 erg¹

1781 1081 1812 1127 ani

1780 1154 1815 1198 fixu

1781 1239 1815 1269 mev

1783 1303 1813 1340 ten

1784 1381 1815 1426 qu}

1785 1440 1815 1482 lla

1786 1511 1815 1551 «l

1810 1580 1815 1603 i

1786 1651 1815 1693 No:

1787 1735 1815 1779 pr(

1788 1799 1815 1834 lrn

1788 1870 1815 1904 est

1789 1940 1815 1975 est
