1815 3253
4 151 5 179 l

391 236 634 268 amam-no
664 237 711 267 m
742 235 946 267 »summ
976 239 1130 268 cxxm.
1362 228 1420 269 65

4 318 5 359 ff
35 308 217 363 bentur,
243 307 287 351 in
304 305 462 367 quibus
488 320 577 351 non
599 313 664 350 est
685 305 911 351 Dominus.
937 305 992 350 Hi
1013 314 1115 350 sunt
1136 305 1212 366 qui
1232 305 1320 351 vivi
1341 305 1422 351 ab·

4 415 5 422 ,
35 378 267 424 sorbentur
282 413 293 434 ,
318 378 395 438 qui
408 378 552 423 sciunt
572 375 737 422 malum
759 392 849 422 esse
865 412 876 432 ,
895 386 938 421 et
949 376 1099 436 lingua
1122 377 1417 422 consentiunt.

3 454 6 500 ἲ
36 453 322 497 Surrexemnt
342 450 459 494 enim
484 448 662 529 quidam
686 461 1004 508 persecutores,
1040 457 1084 493 et
1111 448 1317 494 dixerunt
1336 450 1420 495 ho-

4 527 7 566 i
33 522 246 568 minibus:
266 522 552 579 Thurificate3
576 521 608 565 si
623 537 711 566 non
729 520 946 576 feceritis,
967 520 1206 565 occidimus
1237 535 1328 565 vos.
1352 520 1422 565 Illi

31 602 286 638 amaverunt
308 593 421 637 hanc
437 592 595 647 vitam,
621 600 664 637 et
685 590 875 636 dulcedo
892 591 992 636 vitae
1010 591 1141 651 hujus
1163 591 1305 636 tenuit
1327 606 1417 636 eos.

32 666 129 709 Non
150 662 247 724 plus
259 662 502 707 dilexerunt
523 677 572 706 ea
590 678 690 723 quae
712 662 908 722 promisit
928 665 1067 717 Deus,
1092 677 1227 722 quam
1249 677 1299 707 ea
1322 678 1424 722 quae

32 733 239 778 videbant
275 733 320 777 in
351 742 479 777 terra.
516 731 597 777 Illa
634 733 749 776 enim
787 731 964 777 credere
987 732 1261 793 jubebantur
1275 767 1287 788 ,
1324 748 1424 810 quae

33 805 232 850 nondum
252 803 483 858 videbant,
498 803 578 848 ista
600 819 700 864 quae
722 803 928 848 amabant
949 802 1175 848 videbant.
1200 802 1304 848 Plus
1322 802 1426 848 reti-

4 886 7 922 l
33 884 184 919 nentes
202 889 250 919 ea
272 889 372 934 quae
397 873 634 929 videbant,
660 873 938 918 excluserunt
967 873 1022 917 de
1044 872 1250 918 cordibus
1273 874 1426 918 Domi-

4 938 174 990 Ιειιιιῐιι
201 954 244 989 et
263 945 369 1023 quia.
387 959 478 988 non
499 952 591 988 erat
604 944 648 987 in
665 947 725 988 eis
744 944 973 999 Dominus,
991 944 1078 988 vivi
1098 944 1290 1004 absorpti
1305 953 1423 989 sunt.

5 1014 7 1017 ’
32 1015 149 1070 Quid
175 1024 264 1070 est,
286 1014 374 1059 vivi
396 1014 589 1074 absorpti
610 1016 738 1058 sunt?
754 1013 1066 1059 Thurificando
1083 1013 1227 1069 idolis,
1244 1015 1425 1060 scientes

5 1097 7 1107 ¹
31 1086 134 1147 quia
156 1050 266 1130 nihil
287 1095 352 1130 est
367 1084 554 1130 idolum.
579 1087 688 1129 Nam
720 1084 754 1128 si
784 1083 952 1145 aliquid
981 1093 1189 1144 putarent
1213 1100 1303 1129 esse
1324 1085 1424 1130 ido-

5 1156 145 1211 1Ιιιηι,
178 1157 338 1202 mortui
374 1155 713 1200 absorberentur
741 1173 750 1199 ε
790 1170 893 1200 cum
933 1163 1080 1199 autern
1113 1165 1272 1215 putant
1315 1155 1426 1200 nihil

31 1243 121 1272 esse
141 1227 308 1272 idolum
324 1262 334 1282 ,
359 1235 404 1272 et
420 1234 639 1272 noverunt
660 1225 807 1269 omnia
824 1224 900 1269 illa
922 1224 1163 1270 Gentilium
1185 1241 1296 1271 vana
1313 1242 1421 1282 esse,

31 1299 206 1356 vivunt,
234 1307 277 1343 et
299 1307 447 1342 tamen
466 1312 568 1342 cum
590 1295 758 1341 faciunt
776 1295 898 1356 quod
919 1296 1076 1341 volunt
1097 1306 1394 1356 persecutores
1410 1332 1421 1352 ,

33 1369 117 1413 vivi
132 1368 439 1414 absorbentur.
459 1366 542 1413 Sed
555 1366 653 1411 ideo
664 1366 752 1410 vivi
766 1365 1073 1421 absorbentur,
1088 1367 1190 1426 quia
1207 1364 1297 1411 non
1309 1367 1354 1411 in
1365 1368 1426 1412 eis

7 1464 9 1486 ι
32 1449 95 1484 est
111 1440 337 1485 Dominus.
357 1442 408 1483 In
420 1438 581 1498 quibus
598 1441 744 1481 autem
765 1437 878 1481 inest
895 1437 1107 1481 Dominus
1128 1472 1138 1492 ,
1160 1438 1425 1482 occiduntur

30 1519 74 1554 et
95 1525 183 1555 non
205 1509 468 1554 moriuntur.
490 1507 575 1562 Qui
599 1516 745 1551 autem
768 1507 1049 1552 consentiunt
1070 1516 1113 1551 et
1135 1507 1314 1563 vivunt,
1336 1507 1424 1552 vivi

31 1580 337 1635 absorbentur,
349 1578 541 1639 absorpti
552 1577 817 1622 moriuntur.
832 1577 907 1621 Isti
922 1586 1067 1621 autem
1082 1577 1159 1637 qui
1176 1577 1287 1637 passi
1302 1586 1419 1633 sunt,

30 1659 73 1696 et
104 1667 194 1696 non
234 1659 456 1695 cesserunt
487 1647 871 1702 tribulationibus,
917 1646 1135 1702 exultant,
1174 1656 1217 1691 et
1239 1646 1418 1704 dicunt,

8 1741 54 1778 ¹«
89 1722 212 1767 Dicat
240 1736 358 1765 nunc
389 1719 522 1765 Israel
559 1735 568 1761 :
603 1738 624 1761 »
663 1717 780 1763 dicat
811 1717 1034 1773 exultans,
1072 1717 1188 1762 dicat
1215 1734 1418 1772 securus,

8 1802 10 1811 ¹
35 1812 56 1836 «
88 1793 176 1839 Nisi
197 1793 300 1854 quia
318 1792 526 1837 Dominus
548 1799 641 1835 erat
661 1790 707 1834 in
728 1789 855 1834 nobis
870 1823 881 1844 ,
914 1804 1016 1833 cum
1038 1788 1315 1848 insurgerent
1335 1790 1421 1835 ho-

9 1882 11 1888 ’
34 1882 55 1907 ))
89 1864 228 1908 mines
254 1878 383 1922 super
409 1877 489 1907 nos
513 1896 524 1917 ,
555 1861 737 1907 forsitan
769 1863 891 1905 vivos
914 1859 1240 1905 absorbuissent
1265 1876 1360 1906 nos.
1396 1879 1417 1902 »

9 1981 11 1988 ,
91 1937 165 1978 VI.
186 1954 206 1976 «
225 1936 337 1980 Cum
357 1933 614 1978 irasceretur
636 1930 758 1976 furor
775 1945 927 1975 eorum
951 1945 1080 1990 super
1103 1946 1197 1975 nos.
1217 1949 1238 1972 »
1257 1932 1416 1987 Nostis,

31 2004 198 2060 fratres,
221 2004 266 2049 in
285 2003 432 2064 aliquo
461 2002 516 2047 de
546 2001 843 2062 superioribus
871 1999 1066 2055 Psalmis,
1097 2000 1143 2044 in
1174 2000 1268 2060 ipso
1295 2001 1420 2047 initio

31 2077 310 2121 Canticorum
343 2073 559 2133 graduum
589 2081 741 2117 contra
772 2071 967 2129 linguam
1000 2070 1230 2115 subdolam
1263 2072 1420 2131 petisse

32 2147 237 2192 auxilium
270 2144 504 2206 quemdam
527 2179 539 2201 ,
579 2144 657 2205 qui
695 2142 833 2203 coepit
862 2140 1118 2199 ascendere3
1157 2151 1201 2186 et
1237 2141 1416 2200 dixisse,

36 2237 57 2260 «
91 2217 295 2272 Domine,
321 2231 424 2261 erue
445 2215 635 2260 animam
656 2228 799 2258 meam
812 2228 836 2256 a
857 2212 982 2256 labiis
1003 2211 1174 2272 injustis
1191 2247 1203 2268 ,
1230 2222 1274 2258 et
1295 2230 1319 2258 a
1340 2213 1422 2259 lin-

34 2305 56 2330 »
91 2303 174 2347 gua
209 2287 400 2333 dolosa¹.
424 2305 446 2328 »
471 2287 615 2330 Primo
637 2285 754 2329 enim
784 2298 886 2328 cum
908 2283 1089 2343 coeperit
1112 2284 1244 2328 homo
1267 2301 1420 2330 aseen-

10 2373 13 2418 ς
32 2358 134 2404 dere
153 2368 196 2403 et
212 2359 422 2418 proficere
438 2393 450 2413 ,
473 2358 519 2402 in
539 2357 633 2417 ipso
655 2354 831 2400 exordio
853 2354 1112 2399 ascensionis
1127 2353 1324 2414 ,linguas
1337 2358 1420 2402 do—

10 2423 12 2433 ’
33 2428 142 2475 losas
169 2429 331 2489 patitur
350 2463 362 2483 ,
386 2426 568 2472 blandas
597 2426 652 2472 ad
688 2425 948 2486 perniciem,
980 2424 1163 2469 blandas
1184 2426 1240 2470 ad
1262 2427 1420 2472 malam

12 2501 13 2509 ¹
35 2501 275 2545 suasionem
301 2519 310 2545 2
336 2499 454 2552 Quid
471 2497 607 2543 facis?
625 2512 760 2558 quare
777 2498 861 2542 hoc
884 2495 988 2540 facis
1003 2497 1021 2540 P
1036 2495 1174 2541 Aliter
1193 2498 1310 2542 enim
1334 2499 1419 2543 vivi

82 2591 91 2609 ¹
108 2585 189 2618 Psal.
211 2596 296 2625 cxix,
319 2583 396 2626 2-4.

246 2649 370 2680 cxxx.
1234 2638 1258 2676 5
