1815 3253
34 154 37 250 ¹4
398 198 640 229 munim-rio
672 202 718 228 nv
750 199 952 229 PsALMUM
984 201 1161 228 cxxxiv.
1376 187 1460 226 229

33 258 36 326 J
74 281 172 327 quae
196 264 424 309 ambulant
445 275 489 310 et
522 275 774 321 moventur,
804 267 917 311 bona
935 287 945 322 3
965 281 1063 325 quae
1088 263 1271 308 volitant
1294 264 1338 308 in
1363 267 1461 308 aere

32 332 35 412 1
74 347 117 382 θῖ
139 345 290 381 natant
306 336 351 380 in
374 337 517 395 aquis,
540 338 669 381 bona.
696 338 801 382 Dico
824 347 867 382 et
884 338 1104 382 hominem
1125 335 1289 379 bonum
1313 355 1321 380 :
1343 338 1462 380 «Ho-

32 426 35 461 5
75 427 95 451 »
129 423 201 452 mo
231 408 345 452 enim
371 409 512 452 honus
542 408 597 452 de
627 409 745 453 bono
778 410 983 453 thesauro
1023 406 1164 452 cordis
1192 406 1258 450 sui
1296 406 1462 466 profert

31 485 34 547 ᾗ
75 498 94 521 »
129 479 295 524 bonum
314 482 373 522 1.»
391 479 496 524 Dico
519 488 562 523 θῖ
580 480 797 538 Angelum
820 481 1002 530 bonum,
1027 478 1102 538 qui
1122 493 1211 522 non
1229 486 1293 521 est
1314 476 1460 536 lapsus

30 551 34 610 1
71 550 268 609 superbia
292 558 334 593 et
355 549 555 594 diabolus
578 549 718 595 factus
741 559 833 608 θεῖ’,
858 549 932 594 sed
949 550 1134 593 inhaeret
1156 547 1403 592 obediendo
1421 548 1461 590 ei

68 689 154 734 suis
175 689 446 745 nominibus,
472 690 636 734 coeium
660 690 826 734 bonum
843 725 854 745 ‚
875 689 1094 749 Angelum
1113 689 1279 733 bonum
1293 723 1304 742 ‚
1323 687 1462 732 homi-

66 774 165 803 nem
190 760 354 803 bonum
382 779 391 804 ε
418 759 471 804 ad
496 763 636 804 Deum
658 769 804 804 autem
830 775 932 805 cum
954 775 1024 803 me
1051 758 1216 813 refero,
1242 767 1351 817 puto
1373 772 1463 800 me‘

66 828 147 873 lius
170 829 279 873 nihil
303 830 445 873 dicere
460 846 593 890 quam
613 831 796 876 bonum.
810 834 907 890 Ipse
927 831 1090 890 quippe
1104 829 1314 873 Dominus
1337 831 1461 872 Jesus

67 899 262 944 Christus
295 899 402 942 dixit
427 919 435 943 :
468 919 488 942 κ
516 903 659 945 Homo
694 902 861 945 honus‘2
889 920 897 946 :
933 919 952 941 »
984 909 1028 944 et
1058 901 1148 960 ipse
1175 900 1280 943 item
1311 898 1419 942 dixit
1447 916 1456 942 ε

71 988 90 1012 «
123 972 259 1014 Nemo
282 970 422 1013 bonus
455 971 534 1013 nisi
560 987 672 1015 unus
697 975 811 1015 Deus
827 973 858 1015 3.
890 990 910 1012 »
938 974 1092 1016 Nonne
1114 969 1354 1014 stimulavit
1382 984 1460 1012 nos

67 1039 120 1083 ad
142 1039 429 1099 quaerendum
453 1049 496 1084 et
517 1040 571 1084 ad
594 1040 955 1099 distinguendum
977 1040 1086 1101 quid
1108 1041 1162 1084 sit
1184 1040 1351 1084 bonum
1375 1039 1460 1083 alio

67 1110 182 1154 hono
207 1111 371 1155 bonum
388 1145 398 1164 ‚
427 1120 470 1154 et
492 1111 660 1154 bonum
689 1127 732 1155 se
751 1112 843 1171 ipso
866 1112 1034 1155 bonum
1052 1112 1069 1154 Ξ)
1087 1113 1228 1164 Quam
1251 1124 1352 1167 ergo
1377 1109 1459 1152 bo-

64 1196 171 1225 num
194 1190 282 1231 est,
308 1198 330 1225 a
353 1198 441 1242 quo
471 1191 573 1226 sunt
594 1182 740 1226 omnia
764 1183 909 1227 bona?
931 1182 1124 1226 Omnino
1142 1180 1314 1225 nullum
1337 1181 1461 1225 inve-

65 1251 155 1295 nias
191 1252 354 1295 bonum
373 1287 383 1307 ,
420 1252 542 1311 quod
565 1268 654 1296 non
677 1254 730 1296 ab
758 1252 834 1297 illo
859 1253 914 1297 sit
939 1252 1121 1296 bonum.
1148 1254 1321 1295 Bonum
1344 1251 1460 1294 bona

63 1319 222 1365 faciens
252 1322 378 1366 sicuti
402 1332 465 1365 est
497 1323 671 1381 proprie
690 1358 700 1377 ,
724 1323 783 1367 sic
812 1333 855 1367 et
877 1324 1044 1367 bonum
1068 1331 1131 1366 est
1153 1322 1342 1381 proprie.
1370 1324 1458 1365 Ne-

62 1407 148 1451 que
165 1392 279 1434 enim
299 1408 345 1435 ea
370 1408 468 1451 quae
493 1391 598 1436 fecit
617 1427 628 1447 ‚
655 1408 744 1437 non
767 1403 895 1450 sunt3
917 1402 992 1437 aut
1013 1393 1169 1452 injuria
1191 1392 1253 1436 illi
1276 1392 1340 1447 fit,
1357 1407 1458 1435 cum

61 1461 244 1506 dicimus
265 1479 352 1507 non
371 1478 460 1507 esse
484 1480 582 1523 quae
607 1461 724 1507 fecit.
740 1469 878 1517 Quare
896 1464 1013 1507 enim
1038 1462 1167 1518 fecit,
1188 1463 1220 1506 si
1244 1479 1332 1507 non
1356 1471 1458 1506 sunt

24 613 33 1185 l
69 634 92 663 a
121 635 209 679 quo
233 620 373 664 factus
401 628 479 664 est.
507 620 665 664 Omnia
685 620 764 665 ista
786 620 885 665 dico
908 620 1024 664 bona
1042 655 1053 675 ‚
1091 617 1167 663 sed
1189 627 1335 662 tamen
1359 633 1461 661 cum

21 1606 24 1621 .

20 1787 23 1832 9

19 1833 23 1914 ἕ

61 1547 159 1592 quae
203 1531 348 1576 fecit?
388 1536 478 1577 Aut
518 1532 625 1592 quid
666 1532 770 1577 fecit
795 1569 805 1588 ‚
850 1533 883 1576 si
928 1549 1017 1577 non
1053 1542 1117 1576 est
1157 1533 1277 1592 quod
1318 1532 1459 1576 fecit?

61 1604 172 1647 Cum
203 1618 305 1661 ergo
327 1603 413 1647 sint
440 1612 484 1647 et
514 1602 587 1647 illa
618 1619 718 1663 quae
741 1601 868 1657 fecit,
895 1603 1070 1646 venitur
1093 1613 1240 1647 tamen
1263 1603 1318 1646 ad
1342 1602 1457 1646 illius

61 1674 456 1732 comparationem3
495 1682 538 1717 et
570 1682 782 1733 tanquam
817 1673 934 1718 solus
955 1674 1030 1726 sit,
1067 1673 1173 1717 dixit
1201 1693 1208 1718 ε
1235 1676 1330 1732 Ego
1358 1689 1455 1717 sum

64 1761 84 1784 »
119 1743 193 1804 qui
221 1759 316 1787 sum
345 1763 354 1788 2
391 1763 410 1785 »
448 1752 517 1798 et,
554 1745 722 1788 «Dices
750 1743 847 1787 filiis
880 1743 1011 1787 Israel
1041 1763 1049 1788 :
1086 1744 1172 1796 Qui
1209 1753 1301 1799 est,
1342 1743 1458 1787 misit

64 1831 84 1855 »
118 1829 185 1857 me
209 1813 262 1858 ad
285 1829 361 1857 vos
378 1815 409 1858 4.
437 1832 457 1855 »
495 1816 593 1859 Non
615 1813 744 1869 dixit,
784 1815 993 1857 Dominus
1021 1817 1133 1858 Deus
1158 1814 1231 1857 ille
1254 1814 1457 1873 omnipo-

64 1892 153 1928 tens
173 1919 183 1939 ,
229 1884 467 1929 misericors
490 1920 500 1939 ‚
532 1886 674 1944 justus
700 1903 709 1929 z
748 1900 847 1944 quse
875 1885 909 1928 si
937 1884 1131 1939 diceret,
1170 1885 1323 1944 utique
1355 1900 1455 1928 vera

19 1991 22 2015 i
62 1952 235 1997 diceret.
280 1954 468 1998 Sublatis
504 1954 558 1998 de
590 1953 736 1998 medio
783 1954 1014 2009 omnibus,
1052 1954 1214 2014 quibus
1250 1953 1456 2014 appellari

18 2020 21 2027 ’
62 2034 202 2083 posset
231 2034 273 2069 et
296 2024 381 2068 dici
417 2029 551 2079 Deus,
587 2026 730 2084 ipsum
763 2041 853 2069 esse
887 2041 931 2068 se
952 2025 1098 2069 vocari
1121 2024 1345 2084 respondit
1372 2044 1379 2069 :
1413 2035 1456 2070 et

63 2103 270 2154 tanquam
302 2096 385 2139 hoc
414 2105 523 2140 esset
547 2096 586 2139 ei
608 2111 769 2140 nomen
787 2131 797 2149 ‚
826 2115 845 2137 «
872 2098 966 2140 Hoc
997 2096 1112 2139 dices
1142 2096 1230 2152 eis,
1265 2096 1409 2155 inquit
1444 2115 1452 2140 :

65 2182 84 2206 »
119 2166 203 2218 Qui
225 2174 308 2219 est,
334 2165 450 2209 misit
471 2182 554 2214 me⁴
591 2184 610 2206 n
639 2169 705 2210 Ita
727 2166 842 2209 enim
871 2165 943 2209 iile
965 2175 1029 2210 est
1048 2201 1058 2221 ,
1086 2176 1136 2210 ut
1158 2167 1203 2209 in
1228 2168 1321 2226 ejus
1339 2182 1456 2210 com-

62 2236 282 2294 paratione
311 2251 359 2279 ea
382 2253 480 2295 quse
503 2236 616 2281 facta
647 2246 749 2281 sunt
769 2272 780 2292 ‚
807 2253 897 2281 non
921 2237 1021 2281 sint.
1048 2236 1131 2282 Illo
1168 2252 1257 2282 non
1281 2253 1456 2297 compa-

63 2315 152 2349 rato
170 2341 180 2360 ,
207 2316 307 2350 sunt
326 2327 336 2363 3
362 2307 569 2366 quoniam
589 2308 643 2351 ab
665 2307 740 2352 illo
762 2317 862 2351 sunt
885 2307 983 2355 „illi
1007 2317 1154 2352 autem
1178 2317 1450 2368 comparata,

63 2391 150 2421 non
165 2387 293 2433 sunt3
320 2379 419 2437 quia
444 2393 594 2420 verum
618 2393 723 2434 esse,
739 2378 1103 2423 incommutabile
1123 2395 1213 2423 esse
1236 2389 1315 2434 est,
1333 2379 1453 2439 quod

63 2445 133 2490 ille
154 2446 268 2490 solus
292 2456 369 2491 est.
396 2450 472 2491 Est
500 2448 614 2491 enim
645 2458 733 2504 est,
764 2450 878 2493 sicut
910 2450 1131 2494 bonorum
1161 2450 1352 2505 bonum,
1383 2450 1453 2493 bo-

111 2538 119 2554 ¹
141 2533 253 2565 Mauh.
278 2544 334 2575 xii,
357 2533 409 2565 313.
432 2549 473 2556 -—-
489 2541 502 2557 ²
524 2533 604 2565 Ibid.
631 2551 670 2557 —
697 2532 709 2558 3
729 2536 826 2567 Marc.
847 2545 882 2576 x,
907 2535 957 2568 18.
980 2553 1021 2558 —
1040 2534 1053 2564 ¹²¹
1075 2536 1175 2568 Exod.
1197 2546 1243 2576 ιιι,
1266 2533 1316 2577 π4.
