1815 3253
379 212 619 243 ENAnnAno
650 216 694 242 m
727 213 930 243 PsALMUM
962 214 1126 242 cxxx1v.
1349 201 1432 240 233

53 298 141 328 non
169 282 354 335 diceret,
389 280 717 338 intelligeretur.
747 283 824 325 Est
846 280 960 323 enim
981 314 992 334 ,
1018 288 1061 323 et
1081 293 1180 323 vere
1202 287 1292 334 est,
1318 288 1360 322 et
1382 294 1434 323 eo

51 354 144 414 ipso
166 352 285 413 quod
314 368 411 396 vere
433 361 518 407 est,
544 352 635 395 sine
657 351 780 396 initio
813 361 855 395 et
876 351 966 394 sine
995 349 1179 394 termino
1202 359 1279 393 est.
1306 349 1434 402 Quod

51 440 152 470 vero
174 433 352 484 propter
372 423 594 468 hominem
624 432 710 478 est,
741 442 759 464 «
786 426 878 480 Ego
901 436 995 465 sum
1016 425 1126 465 Deus
1150 420 1368 464 Abraham
1392 430 1436 465 et

53 513 73 536 »
112 498 224 540 Deus
247 497 364 538 Isaac
386 502 429 538 et
451 497 564 537 Deus
583 493 740 548 Jacob,
755 512 774 533 ν)
792 508 846 536 ne
865 491 925 535 ibi
953 491 1224 535 suboriretur
1246 491 1435 534 humana

51 563 296 610 sollicitudo
315 599 325 618 ,
351 563 453 623 quia
477 564 561 607 hoc
586 562 822 623 temporale
845 572 933 616 est,
969 577 1058 606 non
1091 561 1402 621 sempiternum
1422 584 1446 614 ,ι

51 650 221 679 securos
237 649 315 678 nos
338 633 455 688 fecit,
472 633 573 694 quia
592 632 646 678 de
668 632 979 693 temporalibus
1003 633 1058 675 ad
1075 641 1281 675 {eternam
1303 631 1436 674 vitam

51 721 128 750 nos
155 704 369 765 perducit.
409 723 428 745 «
457 707 550 749 Hoc
569 739 579 759 ‚
613 704 780 764 inquit,
813 703 919 746 mihi
947 717 1108 746 nomen
1136 710 1199 745 est
1230 701 1276 744 in
1312 709 1438 744 aeter-

53 794 73 817 »
109 791 213 820 num
228 811 238 831 ‚
258 795 276 817 »
297 790 387 819 non
407 775 510 835 quia
530 784 718 819 aeternus
741 774 958 818 Abraham
981 782 1024 816 et
1046 782 1234 817 aeternus
1258 774 1374 816 Isaac
1396 781 1439 815 et

51 855 239 890 {eternus
263 847 422 900 Jacob,
455 845 530 890 sed
567 846 668 906 quia
691 849 805 890 Deus
840 843 936 889 illos
960 843 1063 888 facit
1085 852 1269 888 aeternos
1291 851 1439 902 postea

50 917 140 961 sine
164 917 264 960 fine.
293 916 554 961 Habuerunt
576 917 738 976 quippe
762 915 956 971 initium,
992 914 1068 959 sed
1090 915 1221 958 finem
1243 929 1333 958 non
1358 913 1439 957 ha-

51 987 234 1030 bebunt.

107 1060 203 1101 VII.
231 1060 283 1101 In
315 1057 537 1101 Abraham
570 1066 614 1100 et
650 1060 768 1100 Isaac
801 1066 844 1100 et
882 1055 1019 1100 Jacob
1044 1064 1180 1099 totam
1204 1054 1438 1098 Ecclesiam

50 1129 140 1189 ejus
171 1129 358 1187 cogitate
377 1164 387 1184 ,
415 1144 544 1173 omne
567 1142 716 1172 semen
740 1127 872 1171 Israel
892 1127 1076 1184 cogitate
1103 1146 1110 1171 :
1148 1141 1278 1170 omne
1296 1134 1440 1169 autem

50 1215 194 1244 semen
229 1199 383 1255 Israel,
421 1216 511 1244 non
539 1199 679 1243 solum
701 1199 822 1259 quod
853 1207 914 1242 est
950 1214 999 1242 ex
1032 1213 1160 1242 carne
1178 1232 1188 1252 ,
1215 1195 1287 1240 sed
1312 1197 1440 1240 etiam

50 1269 169 1330 quod
196 1279 259 1314 est
292 1286 343 1313 ex
379 1270 480 1314 fide.
518 1270 750 1330 Apostolus
775 1270 889 1313 enim
913 1268 1126 1312 Gentibus
1150 1267 1437 1328 loquebatur,

49 1340 208 1401 quibus
231 1340 404 1384 dicebat
422 1359 429 1384 :
447 1359 466 1382 «
485 1340 528 1384 Si
545 1356 648 1399 ergo
671 1356 745 1383 vos
761 1339 946 1392 Christi,
966 1354 1067 1397 ergo
1083 1354 1229 1382 semen
1252 1337 1441 1381 Abrahae

50 1430 70 1452 »
105 1412 231 1465 estis,
261 1410 502 1455 secundum
536 1411 866 1470 promissionem
896 1409 1130 1453 haeredes1.
1163 1427 1182 1449 υ
1211 1408 1440 1452 Benedici-

48 1497 146 1525 mur
162 1497 263 1540 ergo
279 1497 427 1526 omnes
442 1482 486 1525 in
504 1485 592 1526 Deo
611 1482 831 1526 Abraham
856 1490 898 1525 et
922 1484 1039 1524 Isaac
1062 1489 1105 1524 et
1126 1480 1277 1524 Jacob.
1300 1479 1442 1523 Arbo-

49 1567 139 1596 rem
154 1551 333 1613 quidem
356 1551 577 1595 benedixit
594 1552 830 1612 quamdam
844 1587 854 1606 ,
880 1567 1063 1612 eamque
1085 1551 1244 1595 olivam
1260 1550 1434 1604 creavit,

49 1623 156 1667 sicut
187 1623 294 1667 dixit
328 1623 584 1682 Apostolus,
626 1623 740 1682 ipsos
782 1623 1048 1667 Patriarchas
1078 1631 1277 1677 sanctos,
1321 1621 1440 1665 unde

49 1694 237 1738 effloruit
268 1694 458 1753 populus
486 1694 593 1738 Dei:
632 1694 708 1738 sed
737 1695 831 1738 haee
855 1694 984 1738 arbor
1014 1694 1141 1737 olivae
1171 1702 1321 1753 putata
1350 1701 1435 1747 est,

50 1780 137 1808 non
164 1774 408 1824 amputata,
436 1773 475 1808 et
496 1764 600 1808 inde
623 1765 800 1824 superbi
828 1766 935 1808 rami
959 1763 1082 1808 fracti
1109 1773 1238 1808 sunt:
1264 1764 1354 1823 ipse
1375 1773 1439 1807 est

51 1833 325 1894 blasphemus
343 1844 386 1879 et
407 1834 565 1894 impius
593 1834 782 1894 populus
805 1834 1076 1878 Judaeorum.
1099 1837 1355 1878 Manserunt
1370 1843 1437 1877 ta-

51 1921 148 1949 men
175 1907 283 1949 rami
302 1906 408 1949 boni
431 1915 474 1949 et
503 1904 629 1950 utiles
656 1925 664 1950 :
698 1921 797 1950 nam
822 1905 924 1950 inde
949 1904 1162 1964 Apostoli,
1188 1914 1230 1948 et
1252 1920 1352 1949 cum
1375 1905 1436 1948 ibi

25 2020 27 2023 ,
51 1976 154 2019 rami
181 1975 309 2019 utiles
331 1974 467 2020 relicti
495 1984 656 2032 essent,
683 1992 760 2035 per
783 1976 861 2020 Dei
890 1975 1229 2020 misericordiam
1250 1976 1436 2019 insertus

33 2622 36 2672 Ι

33 2680 37 2735 l

34 2737 39 2846 l

51 2055 112 2090 est
133 2056 175 2091 et
196 2046 378 2091 oleaster
400 2047 605 2091 Gentium
625 2047 695 2091 cui
718 2046 825 2092 dicit
854 2047 1087 2107 Apostolus
1114 2067 1123 2092 ε
1153 2066 1173 2089 «
1201 2050 1265 2090 Tu
1288 2056 1435 2091 autern

54 2135 73 2158 »
106 2132 205 2161 cum
223 2133 333 2161 esses
355 2117 536 2161 oleaster
567 2117 753 2162 insertus
776 2134 818 2162 es
836 2118 881 2161 in
903 2117 985 2161 illis
1002 2153 1012 2172 ‚
1039 2128 1082 2162 et
1096 2117 1312 2177 particeps
1333 2117 1435 2177 pin-

53 2204 73 2228 »
107 2187 305 2245 guedinis
327 2187 453 2230 olivae
487 2186 626 2232 factus
648 2200 706 2232 es'.
732 2188 829 2232 Noli
852 2187 1023 2246 gloriari
1043 2187 1247 2233 adversus
1273 2203 1431 2232 ramos.

54 2274 73 2298 »
94 2257 235 2310 Quod
256 2258 289 2300 si
305 2256 514 2316 gloriaris,
534 2274 624 2302 non
636 2267 685 2302 tu
702 2258 891 2303 radicem
909 2268 1070 2318 portas,
1088 2257 1162 2302 sed
1179 2258 1296 2302 radix
1317 2261 1430 2302 te².»

53 2328 152 2371 Haec
174 2343 261 2370 una
280 2327 408 2371 arbor
424 2336 488 2370 est
519 2329 738 2386 pertinens
761 2329 816 2372 ad
838 2329 1056 2372 Abraham
1084 2338 1128 2373 et
1155 2332 1272 2373 Isaac
1295 2337 1338 2372 et
1358 2330 1435 2371 Ja-

52 2396 131 2440 cob
148 2417 158 2453 3
176 2406 218 2440 et
240 2396 361 2457 quod
381 2396 477 2456 plus
499 2406 562 2440 est
582 2432 592 2449 ,
617 2398 751 2455 magis
771 2398 825 2442 ad
846 2399 1064 2442 Abraham
1089 2408 1131 2444 et
1155 2402 1273 2443 Isaac
1295 2408 1338 2443 et
1362 2401 1436 2442 Ja-

53 2466 132 2511 cob
154 2467 334 2512 oleaster
356 2468 562 2523 insertus,
593 2483 727 2527 quam
744 2470 850 2513 rami
873 2469 1098 2515 confracti.
1128 2470 1196 2514 Illi
1219 2469 1333 2514 enim
1358 2484 1435 2528 per

99 2559 108 2575 ¹
125 2552 191 2585 Gal.
212 2564 258 2595 ιιι,
277 2561 332 2596 29.
352 2570 394 2576 -·
414 2559 427 2575 ²
448 2556 537 2586 Rom.
560 2563 603 2595 111,
623 2564 675 2595 17,
699 2555 749 2585 18.
