1815 3253
441 278 682 309 ENARRATIO
715 282 759 308 IN
793 279 995 308 PsALMUM
1027 281 1169 307 chvx.
1415 266 1492 307 501

115 346 170 389 sit
189 380 200 399 ,
224 345 459 389 charissimi
486 364 493 389 z
516 346 615 401 fiat,
651 356 702 391 ut
729 346 869 391 sanari
890 345 1072 405 possitis.
1098 345 1274 389 Dictum
1295 353 1360 389 est
1383 344 1498 389 enim

115 414 263 459 multis
285 415 377 459 aliis
397 415 716 475 Scripturarum
740 416 845 461 locis
863 437 874 474 ς
900 425 942 459 et
963 417 1148 459 maxime
1168 414 1244 459 illo
1263 415 1378 470 loco,
1395 431 1501 460 voce

115 495 261 530 nostra
299 485 478 546 quidam
507 497 711 543 cantans,
738 486 912 531 dicebat
937 505 944 530 :
976 485 1227 538 «Quoniam
1245 485 1280 529 si
1296 485 1503 530 voluisses

117 575 137 598 »
172 557 453 612 sacrificium,
472 557 685 603 dedissem
718 558 886 619 utique.
916 575 937 599 »
963 560 1052 601 Deo
1083 556 1281 601 dicebat:
1311 575 1331 597 «
1358 556 1401 601 Si
1421 572 1504 601 vo-

117 646 136 669 »
173 627 322 673 luisses
339 629 614 686 sacrificium,
639 629 852 674 dedissem
873 628 1042 688 utique,
1068 626 1331 671 holocaustis
1354 635 1502 670 autem

115 717 136 740 »
171 714 262 743 non
284 697 582 744 delectaberis.
606 719 626 742 »
647 699 764 753 Quid
782 701 916 759 ergo?
940 699 1039 743 Sine
1061 697 1257 742 sacrificii
1279 695 1503 741 oblatione

112 769 467 814 remanebimus?
499 770 615 814 Audi
637 769 744 830 quid
774 779 818 813 te
848 769 954 814 velit
987 769 1160 813 offerre.
1198 768 1406 828 Sequitur
1425 802 1436 822 ‚
1461 777 1505 811 et

105 839 218 883 dicit
242 857 251 883 ς
277 859 297 882 «
321 841 586 886 Sacrificium
614 844 705 886 Deo
728 841 904 900 spiritus
928 839 1248 884 contribulatus
1265 875 1276 894 ‚
1299 855 1374 884 cor
1397 853 1504 883 con-

113 928 134 952 »
170 910 322 954 tritum
356 920 398 955 et
427 911 707 956 humiliatum
736 915 851 956 Deus
873 927 963 955 non
985 920 1160 971 spernet
1178 912 1208 954 ¹.
1247 911 1378 955 Sanat
1400 924 1505 968 ergo

113 999 133 1022 »
169 982 378 1026 contritos
396 980 527 1026 corde
547 1003 555 1027 2
583 1001 602 1022 »
629 983 731 1043 quia
753 980 836 1026 illis
859 982 1128 1042 propinquat
1151 991 1202 1025 ut
1216 990 1338 1025 sanet
1357 1002 1369 1039 3
1393 980 1506 1025 sicut

110 1051 270 1096 dicitur
299 1052 382 1097 alio
416 1053 514 1098 loco
540 1074 548 1098 ε
580 1073 598 1096 α
624 1057 765 1113 Prope
789 1063 852 1097 est
879 1053 1092 1098 Dominus
1115 1053 1181 1097 his
1201 1053 1277 1112 qui
1309 1052 1505 1097 obtrive-

112 1141 135 1166 »
169 1133 273 1168 runt
301 1140 377 1168 cor
392 1128 424 1168 2.
464 1143 484 1165 »
510 1125 595 1178 Qui
618 1125 894 1168 obtriverunt
928 1126 1035 1168 cor?
1058 1123 1272 1167 Humiles.
1309 1123 1395 1175 Qui
1416 1137 1506 1166 non

110 1195 386 1240 obtriverunt
404 1197 510 1240 cor?
535 1195 737 1255 Superbi.
763 1195 1014 1240 Contritum
1036 1194 1261 1238 sanabitur
1279 1229 1290 1248 ‚
1316 1192 1506 1238 elidetur

111 1266 290 1309 elatum.
319 1264 387 1308 Ad
409 1265 493 1309 boc
516 1266 632 1309 enim
654 1264 768 1309 forte
791 1264 970 1309 eliditur
990 1300 1000 1319 ,
1032 1274 1081 1308 ut
1111 1265 1350 1309 contritum
1379 1279 1508 1308 sane-

111 1345 196 1380 tur.
225 1339 288 1381 Ne
324 1335 428 1380 velit
462 1351 586 1394 ergo,
619 1335 800 1391 fratres,
835 1351 910 1379 cor
937 1344 1136 1379 nostrum
1172 1350 1261 1379 esse
1283 1343 1505 1391 erectum,

111 1417 347 1467 antequam
364 1407 418 1451 sit
440 1417 622 1452 rectum.
649 1406 764 1452 Male
781 1407 979 1465 erigitur,
1002 1406 1123 1467 quod
1144 1421 1235 1450 non
1257 1405 1399 1466 primo
1417 1421 1507 1451 cor-

111 1478 281 1537 rigitur.

168 1552 245 1593 Vl.
275 1567 295 1591 «
323 1549 408 1602 Qui
425 1558 548 1593 sanat
569 1549 778 1593 contritos
801 1549 932 1593 corde
948 1583 959 1602 ‚
986 1557 1029 1591 et
1051 1547 1202 1606 alligat
1223 1548 1510 1592 contritiones

114 1639 134 1662 »
169 1635 336 1664 eorum.
373 1622 504 1664 Sanat
523 1655 533 1674 ‚
567 1620 741 1680 inquit,
772 1619 981 1663 contritos
1013 1618 1145 1662 corde
1171 1638 1179 1662 :
1208 1636 1228 1659 »
1260 1628 1383 1662 sanat
1405 1634 1510 1677 ergo

109 1691 361 1736 humiliatos
389 1691 520 1736 corde
540 1726 550 1746 ,
585 1701 708 1735 sanat
738 1692 1024 1744 confitentes,
1055 1699 1177 1734 sanat
1209 1705 1252 1734 se
1283 1691 1398 1749 ipsos
1420 1705 1507 1749 pu-

110 1763 278 1807 nientes
299 1798 310 1818 ,
338 1761 384 1806 in
406 1778 450 1807 se
471 1777 670 1807 severum
697 1761 913 1822 judicium
949 1771 1199 1805 exercentes
1220 1796 1231 1816 ,
1269 1770 1320 1804 ut
1342 1761 1510 1820 possint

112 1850 202 1879 esse
219 1833 334 1878 illius
357 1833 700 1878 misericordiam
719 1833 970 1877 sentientes.
1000 1832 1122 1876 Tales
1139 1841 1262 1876 sanat
1278 1867 1289 1888 ‚
1317 1832 1396 1876 sed
1410 1848 1511 1891 per-

111 1906 226 1949 fecta
259 1920 409 1949 eorum
443 1905 600 1948 sanitas
644 1913 856 1948 transacta
893 1902 1159 1947 mortalitate
1187 1904 1289 1958 fiet,
1329 1903 1509 1962 quando

111 1974 397 2034 corruptibile
418 1975 502 2019 hoc
520 1972 713 2018 induerit
732 1974 1108 2033 incorruptionem
1124 2009 1135 2028 ‚
1163 1982 1206 2017 et
1221 1972 1405 2017 mortale
1423 1973 1508 2018 hoc

112 2046 306 2091 induerit
322 2045 721 2090 immortalitatem3
742 2067 753 2103 3
776 2045 953 2106 quando
971 2044 1080 2088 nihil
1098 2045 1180 2088 erit
1202 2044 1323 2105 quod
1345 2059 1398 2088 ex
1420 2060 1508 2089 car-

112 2118 176 2161 nis
198 2117 298 2161 labe
320 2116 523 2161 sollicitet
539 2152 550 2171 ,
575 2132 666 2160 non
685 2116 827 2160 solum
850 2115 959 2159 nihil
981 2115 1052 2160 cui
1075 2115 1413 2170 consentiamus,
1431 2114 1508 2159 sed

112 2188 222 2232 nihil
250 2186 370 2248 quod
404 2196 662 2246 suggeratur
695 2203 746 2231 cx
778 2202 921 2231 carne.
961 2189 1137 2231 Etenim
1170 2185 1331 2241 modo,
1353 2184 1506 2230 fratres

112 2259 197 2304 mei
217 2294 228 2314 ,
272 2267 449 2318 quantae
487 2258 648 2302 illicitae
693 2257 1002 2302 delectationes
1048 2258 1241 2301 animum
1284 2258 1506 2316 tangunt?

113 2330 318 2383 Quamvis
340 2329 398 2372 eis
426 2344 516 2373 non
549 2328 892 2383 consentiamus,
927 2337 977 2372 ut
998 2328 1194 2371 membra
1217 2336 1362 2371 nostra
1375 2327 1506 2387 justi-

117 2401 185 2445 tiae
203 2399 391 2444 serviant
406 2435 417 2454 ‚
442 2415 531 2444 non
548 2398 770 2459 iniquitati
798 2420 806 2443 ;
832 2408 978 2443 tamen
1000 2397 1071 2442 vel
1092 2397 1297 2442 delectari
1314 2397 1476 2441 talibus
1491 2432 1502 2452 ,

115 2472 194 2516 etsi
211 2487 300 2515 non
323 2471 539 2515 consentis
555 2505 565 2525 ,
592 2469 787 2514 nondum
814 2479 877 2514 est
899 2469 1092 2530 perfecta
1110 2469 1281 2513 sanitas.
1311 2469 1503 2514 Sanabe-

117 2543 172 2586 ris
195 2557 324 2599 ergo,
350 2540 481 2586 corde
504 2541 692 2586 contrito
714 2541 957 2597 sanaberis.
976 2539 1075 2585 Noli
1097 2539 1372 2595 erubescere,
1399 2555 1505 2585 con-

165 2626 321 2667 ¹Psal.1.)
346 2628 396 2667 18,
416 2638 466 2670 ις).
484 2643 524 2649 ——-
548 2634 560 2648 2
581 2627 625 2658 I‹l.
648 2637 757 2668 xxxin,
781 2637 830 2669 19·
851 2643 892 2648 —
914 2623 927 2649 3
949 2636 961 2657 1
984 2629 1057 2658 Cor.
1079 2636 1133 2667 xv,
1153 2626 1209 2666 53,
1234 2623 1288 2666 54.
