1815 3253
385 235 628 269 nuntium
660 241 706 268 nv
737 216 942 271 PS'ALMUM
972 239 1097 267 CXLV.
1340 222 1426 265 475

38 308 194 361 melius
215 322 305 359 esse
325 322 417 357 non
449 305 599 366 possit.
642 308 752 351 Item
791 304 898 352 dicis
926 319 1090 366 equum
1123 303 1360 364 optimum,
1384 311 1428 347 et

38 380 261 432 hominem
284 378 544 438 pessimum3
569 386 715 422 tamen
751 391 866 435 equo
900 374 1078 419 laudato
1106 373 1323 433 praeponis
1344 374 1428 418 ho-

38 450 202 503 minem
238 449 552 508 vituperatum.
581 447 623 492 Si
647 447 763 491 enim
784 445 1059 502 interrogeris
1081 459 1132 488 ex
1160 443 1226 488 his
1254 443 1430 489 duobus

37 519 146 581 quid
168 520 222 569 sit
246 518 422 572 melius,
444 532 729 576 responsurus
750 531 810 569 es,
832 518 975 560 Homo
996 534 1006 559 :
1030 529 1121 558 non
1143 513 1328 567 meriti8‚
1354 512 1430 557 sed

37 599 210 642 natura.
239 592 292 634 In
313 588 478 634 artibus
496 588 602 636 dicis
623 587 839 647 optimum
861 594 1077 640 sutorem,
1111 583 1235 630 verbi
1262 583 1397 642 gratia
1415 618 1428 638 ,

37 670 82 708 et
102 659 383 721 reprehendis
419 658 609 719 aliquem
633 657 956 719 jurisperitum,
991 653 1114 716 quod
1133 653 1294 701 multas
1316 652 1432 711 leges

36 732 230 791 ignoret3
261 739 453 776 sutorem
491 729 702 783 laudasti,
741 728 1040 790 jurisperitum
1075 724 1429 786 reprehendisti:

37 817 90 847 ex
125 803 191 847 his
220 811 368 846 tamen
405 801 581 847 duobus
619 815 767 861 quaere
789 799 886 859 quis
908 800 963 843 sit
994 797 1170 853 melior3
1195 795 1435 855 imperitior

32 872 308 934 jurisperitus
332 871 531 931 perfecto
554 871 689 920 sutori
704 870 989 930 praeponitur.
1015 867 1223 917 Intendat
1236 866 1434 912 Charitas

38 945 205 988 Vestra.
233 946 299 987 Ita
324 942 470 987 multis
494 942 624 986 rebus
640 940 850 995 laudatis,
875 939 1055 1000 aliisque
1068 938 1345 997 vituperatiS‚
1369 937 1436 984 in-

37 1014 245 1073 terrogati
281 1013 542 1074 plerumque
573 1028 638 1057 res
670 1013 935 1072 vituperatas
971 1010 1268 1070 praeponimus
1301 1008 1433 1052 rebus
1463 1066 1467 1068 ῃ

34 1083 235 1135 laudatis.
251 1086 415 1134 Natura
428 1084 582 1127 animae
595 1083 867 1142 praestantior
881 1090 944 1125 est
961 1096 1093 1141 quam
1112 1089 1266 1123 natura
1280 1093 1433 1137 corpo-

36 1155 116 1210 ris,
143 1154 315 1199 excellit
336 1154 526 1204 multum
549 1169 614 1197 res
631 1188 642 1208 ,
664 1144 864 1212 spiritalis
893 1160 978 1205 est,
999 1167 1066 1194 res
1087 1151 1321 1208 incoporea
1339 1157 1429 1204 est,

36 1226 265 1275 vicinaest
297 1225 551 1270 substantiae
574 1225 666 1268 Dei.
695 1223 918 1268 Invisibile
958 1220 1169 1283 quiddam
1192 1229 1279 1275 est,
1323 1221 1434 1279 regit

38 1311 218 1355 corpus,
244 1304 391 1340 movet
414 1295 633 1349 membra,
659 1293 807 1352 dirigit
833 1308 1002 1347 sensus,
1027 1300 1244 1352 praeparat
1265 1290 1434 1349 cogita-

37 1367 199 1421 tiones,
224 1367 359 1411 exerit
379 1367 592 1420 actiones,
613 1366 731 1424 capit
746 1380 888 1408 rerum
907 1364 1179 1408 infinitarum
1198 1361 1428 1419 imagines:

37 1448 82 1484 et
102 1439 200 1498 quis
222 1448 285 1483 est
307 1437 486 1483 tandem
502 1473 512 1492 ,
538 1438 692 1481 fratres
713 1435 974 1490 charissimi,
1009 1435 1085 1495 qui
1119 1434 1307 1478 sufficiat
1334 1433 1433 1478 lau-

38 1508 169 1559 dibus
187 1509 369 1554 animae?
391 1508 484 1553 Etsi
506 1508 552 1552 in
569 1508 725 1552 animae
742 1506 948 1563 laudibus
971 1505 1199 1561 deficitur,
1219 1520 1319 1564 quae
1340 1503 1434 1548 laus

0 1615 1 1618 ,
37 1588 101 1635 est
121 1581 214 1640 ejus
245 1579 322 1639 qui
350 1579 541 1623 animam
573 1576 796 1622 condidit?
826 1580 1059 1621 Etstamen
1090 1585 1212 1620 tanta
1248 1585 1312 1619 est
1345 1576 1436 1634 ejus

37 1651 196 1711 gratia,
234 1660 284 1695 ut
309 1649 426 1695 dicat
461 1650 594 1694 homo
610 1650 711 1704 iste,
737 1668 757 1690 ‹<
783 1647 950 1703 Lauda,
978 1647 1123 1691 anima
1144 1662 1256 1701 mea,
1281 1646 1434 1691 Domi-

40 1740 61 1765 »
96 1738 220 1767 num.
235 1723 374 1776 »Quis
396 1730 539 1781 potest
558 1719 737 1770 laudare
758 1708 928 1764 Deum'?
945 1719 987 1764 Si
1003 1718 1166 1763 diceret
1185 1737 1193 1763 :
1217 1721 1276 1762 Te
1297 1718 1435 1777 ipsam

34 1792 188 1849 lauda,
214 1792 394 1837 fortasse
416 1792 622 1836 deficeret
645 1811 653 1836 :
682 1810 701 1833 «
728 1790 880 1835 Lauda
895 1826 906 1846 ,
932 1790 1100 1850 inquit,
1120 1793 1276 1834 Deum.
1300 1807 1320 1829 n
1346 1791 1435 1834 Co-

36 1879 142 1918 nare
178 1864 350 1924 pietatis
383 1864 568 1918 affectu,
611 1861 786 1907 deficies
802 1862 848 1906 in
881 1860 1090 1906 laudibus
1112 1862 1218 1921 ejus.
1249 1860 1438 1919 Expedit

35 1934 116 1980 tibi
138 1934 324 1980 deficere
356 1933 581 1980 laudando
618 1936 783 1988 Deum,
813 1948 946 1993 quam
971 1933 1182 1992 proficere
1213 1930 1437 1983 laudando

36 2014 94 2050 te.
122 2007 235 2050 Cum
257 2005 372 2050 enim
413 2003 563 2048 laudas
582 2007 746 2059 Deum,
777 2012 821 2047 et
858 2018 948 2048 non
971 2002 1156 2062 explicas
1196 2000 1318 2062 quod
1343 2002 1434 2058 vis,

37 2075 286 2121 extenditur
306 2075 353 2119 in
373 2075 580 2120 interiora
602 2074 808 2134 cogitatio
840 2083 913 2118 tua
931 2109 942 2130 ,
968 2074 1059 2134 ipsa
1086 2073 1277 2118 extensio
1302 2088 1436 2132 capa-

37 2147 197 2192 ciorem
215 2149 258 2191 t'e
275 2144 380 2190 facit
396 2146 486 2206 ejus
509 2161 643 2206 quem
665 2144 833 2194 laudas.

98 2220 152 2262 V.
188 2217 294 2271 Quis
327 2231 429 2274 ergo
465 2225 558 2271 est,
596 2225 647 2260 ut
678 2214 823 2260 dicere
867 2230 1120 2275 coeperam,
1158 2215 1236 2275 qui
1279 2213 1385 2259 dicit
1422 2232 1432 2259 :

42 2308 64 2333 «
98 2288 250 2333 Lauda
272 2289 416 2333 anima
430 2303 526 2332 mea
543 2287 807 2332 Dominum?
832 2305 852 2329 η
878 2289 991 2332 Caro
1007 2302 1098 2331 non
1113 2285 1235 2331 dicit.
1259 2285 1322 2330 Sit
1334 2285 1438 2330 licet

39 2375 196 2420 corpus
225 2358 497 2419 angelicum,
529 2358 711 2403 inferius
741 2368 805 2403 est
838 2373 972 2419 quam
1006 2357 1175 2412 anima,
1206 2356 1438 2401 consilium

39 2431 253 2491 superiori
285 2430 388 2474 dare
419 2445 510 2474 non
541 2427 893 2488 potest.,Infelix
925 2437 992 2473 est
1023 2427 1115 2487 ipsa
1147 2427 1312 2481 anima,
1343 2426 1378 2471 si
1414 2441 1439 2470 a
1497 2480 1502 2481 ⁷

42 2516 223 2561 corpore
246 2509 444 2561 expectat
470 2499 716 2545 consilium.
741 2501 854 2544 Caro
878 2499 992 2543 bene
1015 2496 1247 2552 obedienS,
1271 2495 1438 2541 famula

43 2581 108 2618 est
130 2573 312 2630 animae,
334 2571 408 2617 illa
430 2572 564 2631 regit,
587 2572 683 2616 haec
710 2571 903 2630 regitur,
930 2569 1003 2616 illa
1027 2570 1213 2629 imperat
1227 2603 1239 2624 ,
1263 2569 1344 2614 ista
1365 2562 1451 2613 fa?
