1815 3253
444 270 685 302 ENARRATIO
718 274 763 303 IN
795 272 998 302 PsALMUM
1029 273 1172 301 CXLVI·
1388 261 1471 301 505

92 358 111 380 »
147 339 361 398 apparetis
381 348 586 398 tanquam
608 338 838 383 luminaria
860 339 904 382 in
917 337 1099 382 mundo.
1126 340 1177 381 In
1190 337 1285 393 ista,
1311 338 1470 399 inquit,
1491 390 1495 393 ,

92 428 112 451 »
146 410 321 454 natione
346 418 536 454 tortuosa
559 419 602 454 ct
626 425 845 470 perversa,
875 409 921 452 in
953 409 1113 469 quibus
1134 409 1348 468 apparetis
1375 419 1471 453 tan-

91 498 111 521 »
146 495 279 540 quam
302 480 529 524 luminaria
548 480 591 523 in
613 481 796 536 mundo,
822 479 1006 524 verbum
1029 479 1129 522 vitae
1145 478 1355 523 habentes
1379 482 1409 523 ¹.
1448 498 1468 521 n

22 584 23 587 η
88 553 207 610 Ipsas
235 550 377 595 stellas
406 561 608 596 numerat
628 555 742 596 Deus
776 571 784 596 :
815 552 977 595 Omnes
1002 565 1150 594 secum
1181 559 1436 608 regnaturos
1457 586 1468 606 ,

87 636 236 666 omnes
263 621 557 680 aggregandos
584 622 755 682 corpori
779 621 1000 680 Unigeniti
1022 622 1088 665 sui
1114 630 1362 665 numeratos
1394 623 1474 665 ha-

86 693 176 742 bet,
203 701 246 736 et
261 701 463 736 numerat
484 708 570 737 eos.
592 694 677 746 Qui
693 692 899 752 indignus
920 701 998 746 est,
1024 708 1104 736 nec
1127 701 1396 736 numeratur.
1417 695 1474 736 Et

86 761 213 806 multi
241 761 544 818 crediderunt,
570 762 640 809 vel
666 762 793 807 multi
816 778 860 807 se
882 761 1193 823 qualicumque
1215 761 1473 806 adumbrata

85 834 225 892 specie
247 833 370 889 fidei,
397 834 561 894 populo
582 836 674 895 ejus
698 834 1004 894 applicuerunt
1025 854 1034 879 :
1067 834 1188 878 novit
1218 843 1365 879 tamen
1399 833 1472 877 ille

85 903 192 963 quid
214 914 439 958 numeret,
469 914 512 949 et
534 905 642 966 quid
665 905 861 950 ventilet.
892 907 1002 950 Nam
1030 913 1149 950 tanta
1169 913 1232 948 est
1261 903 1472 948 celsitudo

84 973 331 1033 Evangelii,
366 984 416 1019 ut
444 976 567 1020 fieret
599 975 719 1036 quod
753 975 920 1020 dictum
955 984 1039 1030 est,
1077 994 1097 1017 «
1133 975 1400 1019 Annuntiavi
1431 983 1474 1018 et

88 1062 107 1085 »
142 1044 315 1089 loeutus
349 1062 472 1101 sum,
504 1046 782 1106 multiplicati
824 1055 926 1091 sunt
956 1062 1086 1106 super
1119 1061 1353 1089 numerum
1381 1048 1413 1089 2.
1448 1063 1469 1086 »

86 1118 199 1160 Sunt
223 1132 325 1175 ergo
354 1116 400 1159 in
431 1116 603 1176 populis
633 1126 675 1160 et
706 1117 1072 1176 supernumerarii
1099 1115 1292 1179 quodam
1320 1115 1468 1159 modo.

83 1186 201 1239 Quid
238 1195 322 1241 est,
362 1186 757 1245 supernumerarii?
791 1186 893 1231 Plus
930 1202 1062 1247 quam
1091 1187 1152 1231 ihi
1185 1185 1323 1230 futuri
1353 1194 1470 1229 sunt.

84 1260 203 1300 Intra
221 1257 404 1316 parietes
420 1257 521 1302 istos
535 1257 679 1317 plures
701 1267 818 1313 sunt,
844 1273 976 1318 quam
990 1257 1129 1301 futuri
1150 1267 1252 1301 sunt
1273 1257 1319 1300 in
1341 1271 1473 1314 regno

82 1327 175 1382 Dei,
203 1328 247 1371 iu
264 1327 338 1372 illa
362 1327 602 1373 Jerusalem
624 1327 791 1373 coelesti
817 1347 825 1373 :
851 1328 932 1388 ipsi
952 1343 1081 1387 super
1102 1343 1335 1372 numerum
1353 1337 1470 1371 sunt.

83 1397 412 1442 Animadvertat
435 1399 620 1459 quisque
647 1408 796 1442 utrum
827 1398 971 1442 luceat
1004 1398 1050 1442 in
1076 1399 1288 1453 tenebris,
1324 1407 1474 1442 utrum

83 1471 312 1531 iniquitate
335 1471 481 1515 saeeuli
506 1471 732 1516 tenebrosa
754 1486 844 1515 non
865 1471 1099 1514 seducatur
1129 1485 1138 1511 :
1165 1470 1199 1514 si
1221 1485 1312 1514 non
1343 1469 1476 1513 fuerit

84 1542 289 1586 seductus
305 1557 384 1587 nec
399 1543 556 1598 victus,
578 1552 786 1603 tanquam
802 1540 923 1586 stella
945 1541 1041 1597 erit,
1066 1557 1197 1602 quam
1210 1542 1301 1601 jam
1324 1555 1475 1585 nume-

84 1621 150 1657 rat
166 1615 294 1657 Deus.

142 1686 197 1728 X.
238 1703 258 1726 «
292 1686 349 1728 Et
371 1684 589 1739 omnihus,
609 1683 768 1743 inquit,
794 1685 853 1727 eis
871 1683 1048 1728 nomina
1070 1698 1229 1728 vocans
1250 1702 1259 1728 z
1282 1701 1302 1724 η
1328 1682 1388 1726 ibi
1411 1691 1475 1726 est

85 1763 225 1799 totum
245 1755 489 1815 praemium.
512 1756 733 1799 Habemus
757 1756 933 1799 nomina
951 1754 1152 1815 quaedam
1170 1752 1286 1814 apud
1301 1757 1439 1797 Deum
1463 1772 1471 1797 ε

82 1835 133 1869 ut
153 1826 324 1871 noverit
338 1829 453 1870 Deus
475 1826 653 1870 nomina
671 1835 837 1881 nostra,
864 1826 949 1870 hoc
970 1835 1119 1885 optare
1135 1824 1367 1878 debemus,
1390 1825 1475 1868 hoc

82 1911 209 1955 agere
225 1931 236 1952 ,
252 1897 335 1941 hoc
350 1906 543 1956 satagere
557 1932 567 1952 ,
585 1893 799 1956 quantuni
823 1912 1052 1956 possumus
1071 1932 1081 1951 ,
1108 1912 1198 1941 non
1220 1894 1275 1939 de
1298 1895 1389 1939 aliis
1412 1910 1476 1939 re-

82 1968 165 2011 bus
187 1967 391 2025 gaudere,
411 1983 490 2011 nec
512 1967 566 2012 de
588 1967 712 2012 donis
735 1966 1000 2028 quibusdam
1023 1966 1302 2027 spiritalibus.
1320 1964 1476 2010 Videat

82 2039 276 2084 Charitas
288 2041 439 2083 Vestra
459 2058 468 2084 ε
488 2038 626 2083 multa
648 2037 763 2082 dona
785 2038 951 2082 suntin
972 2038 1162 2082 Ecclesia
1177 2073 1187 2092 ,
1209 2038 1320 2081 sicut
1333 2041 1474 2097 Apos-

85 2108 197 2153 tolus
232 2108 339 2154 dicit
376 2129 384 2153 :
425 2128 446 2151 «
486 2109 571 2153 Alii
608 2108 786 2169 quidem
816 2125 894 2168 per
928 2108 1137 2168 Spiritum
1168 2107 1298 2152 datur
1336 2123 1476 2152 sermo

85 2198 106 2221 »
142 2180 389 2240 sapientiae,
416 2180 487 2224 alii
509 2195 650 2225 sermo
678 2180 868 2224 scientiae
891 2179 1134 2224 seeundum
1149 2179 1351 2224 eumdem
1379 2180 1477 2239 Spi-

85 2268 105 2291 »
141 2251 297 2305 ritum,
334 2249 405 2293 alii
434 2249 541 2293 fides
570 2250 616 2294 in
646 2250 799 2295 eodem
835 2250 1020 2310 Spiritu,
1057 2250 1128 2294 alii
1153 2250 1332 2294 donatio
1354 2266 1475 2294 cura-

84 2338 105 2361 »
140 2321 333 2375 tionum,
360 2319 432 2363 alii
462 2319 715 2380 dijudicatio
738 2321 968 2380 spirituum
984 2356 994 2376 ,
1020 2321 1066 2364 id
1088 2330 1170 2375 est,
1195 2330 1245 2364 ut
1266 2319 1476 2380 dijudicet

85 2409 106 2433 »
141 2391 255 2435 inter
281 2391 420 2435 bonos
452 2400 496 2435 et
523 2391 658 2436 malos
686 2392 883 2451 spiritus3
916 2392 986 2436 alii
1015 2391 1264 2450 linguarum
1289 2407 1444 2451 genera
1461 2427 1472 2447 ,

87 2480 107 2503 »
143 2461 214 2505 alii
243 2462 472 2521 prophetia
507 2464 538 2506 3.
574 2480 593 2503 »
631 2466 799 2515 Quanta
836 2464 971 2508 dixit?
1006 2479 1140 2524 quam
1171 2462 1310 2507 multa
1337 2462 1476 2507 dixit?

81 2532 211 2576 Multi
231 2531 356 2576 donis
378 2531 538 2576 talibus
558 2531 671 2576 male
693 2533 774 2589 usi,
802 2532 982 2578 audient
1002 2534 1048 2577 in
1068 2534 1176 2589 fine,
1215 2553 1235 2575 «
1254 2535 1351 2580 Non
1374 2534 1475 2578 novi

136 2624 145 2641 ¹
163 2617 275 2660 Philip.
295 2629 328 2660 11,
355 2618 409 2661 15,
437 2618 488 2652 16.
507 2636 548 2642 —
575 2626 587 2643 ²
611 2618 691 2652 Psal.
711 2629 826 2661 xxxix,
841 2622 872 2653 G.
890 2637 931 2643 -
951 2618 963 2643 3
986 2631 997 2652 ι
1020 2623 1092 2652 Cor.
1108 2631 1166 2662 ιιι,
1190 2620 1285 2653 8-10.
