1815 3253
361 233 444 271 312
771 240 805 269 s.
842 241 1072 270 Auens'rim
1105 243 1285 272 Emscom

358 327 379 351 »
415 317 491 352 aut
507 308 601 368 quis
623 308 740 366 prior
757 306 877 351 dedit
891 306 952 351 illi
968 342 979 362 ,
1000 316 1042 352 et
1071 309 1336 354 retribuetur
1357 309 1421 353 ei?
1442 308 1656 362 Quoniam
1685 322 1736 352 ex
1778 347 1780 350 .
1811 312 1814 330 ³

358 397 380 421 »
414 380 507 438 ipso
522 387 565 422 et
585 394 662 437 per
680 378 821 436 ipsum
841 386 884 421 et
903 378 948 421 in
967 379 1060 437 ipso
1081 388 1183 423 sunt
1211 380 1377 435 omnia,
1422 379 1503 438 ipsi
1529 377 1664 437 gloria
1691 378 1736 422 in

359 468 379 491 »
414 449 572 494 saecula
589 447 863 507 saeculorum.
879 465 899 489 »
915 448 1148 507 Apostolus
1164 449 1248 494 hoc
1265 450 1370 494 dicit
1390 468 1399 495 :
1420 449 1521 510 quia
1540 447 1736 507 superius

355 520 522 565 dixerat
537 554 547 574 ,
578 538 599 561 «
623 518 803 563 Caecitas
819 533 870 561 ex
886 527 1007 578 parte
1030 517 1162 562 Israel
1181 519 1296 564 facta
1319 528 1404 574 est,
1437 527 1488 563 ut
1508 517 1736 578 plenitudo
1778 535 1780 540 ’

357 610 378 634 >)
415 592 622 637 Gentium
642 591 844 645 intraret,
873 598 916 634 et
942 590 1001 634 sic
1030 591 1168 635 omnis
1197 591 1328 636 Israel
1355 590 1496 635 salvus
1517 591 1640 634 fieret
1656 591 1689 633 1.
1712 607 1733 631 »
1778 612 1779 617 =

354 663 569 708 Excaecati
586 670 688 705 sunt
703 675 804 718 ergo
820 675 871 705 ex
887 669 1008 720 parte
1023 663 1047 705 J
1052 660 1165 705 udaei
1182 696 1193 716 .,
1212 663 1366 706 merito
1384 660 1598 721 superbiae
1615 674 1704 704 suae
1723 693 1734 715 ‚

356 733 510 793 quiase
517 733 656 792 justos
667 730 891 788 dicebant,
907 740 949 774 et
961 729 1734 776 excaecaticrucifixeruntDominum.
1776 769 1777 772 ,
1809 726 1815 758 t

357 804 509 849 Posuit
527 817 656 862 super
682 817 753 846 eos
776 817 954 846 manum
969 818 1090 847 suam
1108 837 1120 857 ,
1142 818 1197 847 ne
1218 802 1416 847 viderent
1444 817 1567 857 eum,
1599 801 1739 845 donec

358 874 581 928 transiret,
606 872 769 917 scilicet
784 872 838 916 de
859 874 943 917 hoc
968 872 1135 918 mundo
1160 872 1215 918 ad
1237 877 1423 918 Patrem.
1454 873 1688 917 Videamus
1705 871 1739 916 si

358 954 642 1006 posteaquam
682 943 850 986 transiit
879 943 1084 988 videntur
1100 943 1335 1004 posteriora
1357 945 1464 1003 ejus,
1491 941 1741 987 Resurrexit

360 1016 583 1068 Dominus,
602 1013 802 1073 apparuit
816 1013 1045 1073 Discipulis
1066 1014 1153 1058 suis
1161 1018 1194 1070 ²,
1211 1024 1253 1059 et
1270 1014 1473 1058 omnibus
1490 1014 1566 1073 qui
1582 1013 1628 1056 in
1639 1027 1740 1056 eum

351 1088 441 1147 jam
475 1084 747 1130 crediderant
769 1099 886 1128 :non
910 1083 968 1127 eis
991 1100 1014 1128 a
1043 1085 1202 1145 quibus
1224 1085 1452 1129 crucifixus
1491 1093 1603 1139 erat,
1639 1083 1741 1143 quia
1811 1088 1813 1105 ⁴

357 1172 487 1216 super
522 1154 617 1198 illos
644 1169 824 1209 manum
853 1164 1057 1213 posuerat
1077 1190 1087 1210 ,
1131 1154 1271 1199 donec
1293 1156 1508 1200 transiret.
1535 1153 1742 1198 Ascendit
1769 1115 1775 1227 1
1810 1157 1814 1177 ²

358 1236 504 1273 autem
525 1226 572 1269 in
589 1224 765 1278 coelum,
786 1224 1068 1283 quadraginta
1090 1223 1242 1269 diebus
1257 1224 1381 1270 factis
1396 1240 1495 1269 cum
1514 1223 1741 1283 Discipulis
1810 1228 1814 1247 ³

356 1298 458 1343 suis.
486 1295 674 1355 Impleto
697 1304 842 1340 autem
873 1295 943 1338 die
976 1298 1270 1351 Pentecostes,
1311 1296 1427 1339 misit
1451 1296 1508 1339 eis
1534 1294 1741 1354 Spiritum
1809 1291 1815 1324 Π

357 1377 572 1414 sanctum.
599 1365 773 1424 Repleti
798 1365 959 1424 Spiritu
981 1374 1157 1420 sancto,
1188 1375 1420 1426 coeperunt
1436 1367 1632 1411 omnium
1655 1365 1742 1409 lin-
1768 1366 1775 1432 f
1799 1367 1815 1429 71

357 1440 451 1499 guis
472 1438 622 1498 loqui,
641 1437 717 1496 qui
734 1437 780 1480 in
802 1452 890 1481 una
914 1437 1004 1480 nati
1024 1446 1168 1492 erant,
1206 1447 1249 1482 et
1269 1454 1402 1482 unam
1426 1438 1559 1482 solam
1583 1436 1742 1481 didice-
1768 1421 1815 1502 {ld

359 1519 472 1555 rant.
511 1511 823 1566 Expaverunt,
858 1516 902 1550 et
921 1507 1242 1552 exhorruerunt
1277 1518 1448 1553 tantum
1481 1506 1742 1552 miraculum
1806 1494 1815 1535 Ε

359 1579 495 1625 millia
506 1592 657 1622 eorum
670 1577 746 1636 qui
759 1577 1307 1623 crucifixerantDominum
1324 1598 1332 1623 :
1349 1578 1601 1637 compuncti
1611 1577 1742 1621 corde

357 1651 413 1696 de
450 1658 572 1693 tanto
600 1647 812 1692 miraculo
833 1683 843 1703 ,
870 1649 1135 1708 quaesierunt
1163 1648 1390 1692 consilium
1424 1649 1479 1692 ab
1507 1647 1739 1707 ApostoliS,

357 1719 468 1781 quid
500 1720 722 1773 facerent,
748 1727 1030 1778 posteaquam
1063 1719 1121 1763 eis
1137 1718 1397 1779 praedicatus
1433 1727 1496 1763 est
1517 1718 1738 1773 Christus,

357 1789 618 1836 mirantibus
640 1788 758 1832 unde
785 1788 933 1832 idiotae
968 1789 1164 1833 homines
1184 1788 1343 1848 linguis
1361 1788 1563 1833 omnibus
1584 1788 1742 1849 loque-

359 1864 616 1908 rentur.Per
624 1864 803 1904 Petrum
815 1859 1200 1919 igiturapostolum
1214 1861 1472 1905 annuntiato
1487 1860 1743 1916 eisChristo,

360 1948 492 1994 quem
512 1933 559 1976 in
585 1946 714 1975 cruce
747 1940 1116 1990 contempserant,
1142 1946 1272 1991 quem
1289 1940 1496 1990 tanquam
1519 1929 1746 1974 mortalem

359 2002 584 2049 hominem
601 2001 821 2045 irriserant
839 2021 850 2059 3
870 2001 941 2045 cui
969 2010 1196 2060 propterea
1224 2000 1520 2054 insultabant,
1560 1999 1662 2059 quia
1687 1999 1746 2044 de
1808 2010 1810 2026 *

359 2089 487 2119 cruce
509 2088 599 2117 non
618 2071 912 2116 descendebat
928 2106 939 2126 ,
965 2086 1067 2115 cum
1085 2070 1237 2130 utique
1259 2071 1396 2129 majus
1419 2068 1560 2114 multo
1581 2069 1714 2114 fuerit
1730 2104 1742 2125 ‚
1808 2081 1811 2097 *

359 2145 479 2204 quod
513 2143 644 2198 feeit,
682 2141 737 2186 de
759 2141 957 2201 sepulcro
979 2155 1219 2198 resurgere,
1246 2151 1380 2200 quam
1413 2139 1469 2184 de
1495 2155 1622 2185 cruce
1645 2139 1745 2185 des-
1807 2145 1815 2172 ἰ

361 2214 548 2260 cendere
574 2232 584 2258 ε
609 2214 872 2256 annuntiato
895 2226 996 2269 ergo
1023 2211 1105 2255 sibi
1126 2211 1298 2256 Christo
1320 2211 1524 2255 dixerunt
1543 2246 1553 2266 ,
1590 2230 1610 2253 «
1630 2210 1746 2264 Quid

363 2303 384 2327 »
419 2283 659 2329 faciemus?
680 2300 699 2323 >›
722 2281 790 2326 Illi
823 2282 900 2342 qui
922 2282 1154 2326 saevierunt
1189 2282 1234 2325 in
1260 2283 1509 2337 Dominum,
1535 2297 1667 2342 quem
1680 2282 1747 2327 vi·
1808 2288 1815 2315 ἒῐ

359 2355 549 2408 debant,
568 2359 659 2410 jam
676 2352 902 2397 consilium
934 2361 1092 2411 petunt
1113 2351 1260 2395 salutis
1281 2371 1289 2396 :
1316 2361 1359 2396 et
1380 2351 1546 2396 dictum
1571 2360 1634 2396 est
1660 2352 1740 2408 cis,
1806 2367 1813 2387 ι

363 2446 384 2469 «
419 2425 545 2484 Agite
569 2423 889 2484 poenitentiam,
917 2432 960 2467 et
975 2423 1219 2483 baptizetur
1238 2423 1536 2483 unusquisque
1553 2431 1744 2467 vestrum

361 2515 382 2539 »
416 2497 463 2540 in
486 2496 661 2540 nomine
692 2494 861 2540 Domini
882 2494 1018 2539 nostri
1044 2496 1147 2538 Jesu
1177 2493 1365 2549 Christi,
1393 2502 1437 2537 et
1463 2493 1743 2538 dimittentur

406 2588 415 2604 ¹
436 2583 527 2613 Rom.
547 2591 594 2623 xi,
613 2580 669 2619 ¹25,
685 2580 727 2612 26
741 2584 776 2612 et
793 2579 906 2613 33-36.
926 2596 968 2603 ·-
984 2585 998 2602 2
1016 2580 1109 2612 Joau.
1125 2589 1180 2621 xx,
1202 2577 1256 2620 14,
1276 2583 1309 2610 et
1327 2588 1393 2619 xxi,
1417 2589 1429 2610 1
1449 2582 1566 2620 etseq.

1792 1577 1815 1622 gl

1790 1649 1815 1694 ih

1791 1727 1813 1761 ’.1)

1801 1790 1815 1822 Ι1]

1807 1860 1815 1888 i

1807 1932 1815 1958 1

1808 2500 1815 2537 5

1762 2592 1764 2632 ι

1761 2639 1764 2710 l
