1815 3253
323 238 378 278 64
756 250 791 277 S.
826 246 1056 278 AUGUSTINI
1087 250 1269 278 EPISCOPI

322 317 406 360 bus
431 315 508 376 qui
550 330 640 361 non
671 324 911 375 potuerunt
942 316 1158 376 opprimi,
1195 331 1285 361 non
1319 315 1452 361 homo
1474 324 1612 372 esset,
1632 315 1708 361 sed

325 385 553 430 Dominus.

382 459 436 500 V.
462 460 605 515 Ergo,
643 475 661 498 «
687 457 775 502 Nisi
803 456 905 517 quia
926 457 1134 502 Dominus
1162 465 1253 501 erat
1277 456 1322 500 in
1343 456 1467 501 nobis
1483 491 1495 511 ,
1519 471 1619 518 cum
1639 456 1710 500 in-

325 546 345 569 »
381 537 608 586 surgerent
630 527 825 571 homines
847 543 975 586 super
993 543 1083 571 nos.
1104 547 1123 569 »
1142 526 1258 581 Quid
1276 527 1392 571 enim
1427 526 1615 571 facerent
1633 542 1711 572 vo-

327 599 389 642 bis
410 598 607 642 homines
630 633 639 652 ,
666 597 961 642 exultantibus
984 607 1022 642 et
1048 598 1353 652 cantantibus,
1390 607 1434 642 et
1465 613 1615 642 secure
1643 607 1711 642 te·
1744 588 1747 591 γ
1777 636 1779 645 .

325 669 530 713 uentibus
555 668 870 712 beatitudinem
892 668 1226 728 sempiternam?
1244 667 1360 721 Quid
1379 668 1498 712 vobis
1521 667 1714 712 facerent

325 740 523 784 homines
544 739 816 799 insurgentes
837 740 884 783 in
905 754 981 784 vos
1001 775 1013 794 ,
1033 739 1115 783 nisi
1133 739 1341 783 Dominus
1366 748 1473 782 esset
1497 739 1542 782 in
1564 739 1714 783 vobis?
1775 791 1776 797 ¹

327 809 435 871 quid
458 809 681 854 facerent?
707 829 727 852 «
754 810 953 854 Forsitan
980 810 1101 854 vivos
1123 809 1446 854 absorbuissent
1465 825 1558 854 nos.
1585 810 1714 854 Vivos
1774 807 1776 820 '

330 899 350 922 »
388 880 709 925 absorbuissent
726 883 739 906 ¹
768 899 777 924 ε
806 898 825 921 »
850 891 938 923 non
961 880 1078 939 prius
1101 878 1384 934 occidissent,
1413 880 1535 924 etsie
1562 879 1714 923 absor-

330 950 536 994 buissent.
559 951 596 993 O
631 950 841 994 immanes
857 984 867 1004 ,
903 965 928 994 o
950 949 1171 994 crudeles!
1197 952 1295 994 Non
1325 949 1384 993 sic
1407 949 1611 993 absorbet
1631 952 1717 994 Ec·
1772 942 1775 992 ἶ
1813 957 1815 961 ’

262 1046 266 1048 >
331 1020 482 1064 clesia:
511 1023 638 1064 Petro
657 1055 668 1075 ,
698 1039 718 1062 «
752 1023 892 1064 Macta
916 1029 959 1064 et
986 1018 1255 1073 manduca2,
1286 1019 1452 1063 dictum
1482 1028 1573 1077 est3
1597 1034 1712 1074 non,
1771 1023 1773 1080 ξ

331 1090 461 1135 Vivos
485 1090 684 1133 absorbe.
716 1090 947 1142 Quomodo
981 1104 1082 1147 crgo
1116 1093 1268 1133 Petrus
1285 1124 1295 1144 ,
1328 1089 1374 1133 id
1401 1098 1465 1133 est
1491 1088 1682 1133 Ecclesia
1702 1123 1713 1145 ,
1771 1077 1779 1087 ¹*

331 1170 492 1206 mactat
512 1197 522 1217 ,
541 1171 584 1206 et
606 1161 663 1205 sic
681 1162 946 1205 manducat?
971 1164 1027 1205 Et
1043 1161 1267 1221 quomodo
1289 1160 1359 1204 isti
1381 1161 1458 1220 qui
1486 1175 1717 1204 exurrexe-
1770 1155 1771 1165 ¹

332 1241 434 1276 runt
461 1247 590 1291 super
612 1246 689 1276 nos
710 1266 720 1286 ,
751 1250 770 1272 «
802 1231 999 1275 Forsitan
1017 1231 1136 1274 vivos
1159 1231 1483 1274 absorbuissent
1511 1245 1587 1275 nos
1602 1265 1613 1285 ,
1638 1230 1718 1274 nisi

336 1320 356 1343 »
392 1303 493 1362 quia
518 1302 728 1345 Dominus
749 1310 841 1345 erat
861 1301 906 1344 in
924 1301 1080 1345 nobis?
1104 1319 1124 1342 »
1151 1300 1262 1353 Quia
1279 1301 1323 1343 in
1341 1300 1544 1345 Ecclesiae
1561 1315 1718 1360 corpus

333 1387 461 1416 nemo
482 1372 640 1427 intrat,
667 1371 748 1415 nisi
765 1371 884 1430 prius
907 1370 1087 1415 occisus.
1108 1371 1295 1415 Moritur
1317 1370 1437 1430 quod
1455 1369 1540 1414 fuit
1557 1405 1568 1426 ,
1593 1379 1643 1414 ut
1664 1369 1720 1414 sit
1766 1384 1768 1435 j

331 1443 451 1502 quod
474 1458 562 1486 non
583 1442 683 1486 fuit.
710 1441 917 1501 Alioquin
934 1476 944 1496 ,
965 1442 1040 1501 qui
1063 1456 1153 1485 non
1174 1441 1386 1485 occiditur
1412 1450 1455 1485 et
1480 1456 1569 1485 non
1591 1456 1719 1484 man-

333 1512 520 1557 ducatur
543 1513 597 1556 ab
620 1512 834 1566 Ecclesia,
859 1527 947 1555 esse
969 1512 1014 1555 in
1041 1526 1225 1555 numero
1253 1510 1406 1571 populi
1439 1520 1607 1571 potest,
1645 1511 1721 1571 qui
1764 1520 1765 1532 ¹

333 1583 507 1627 videtur
533 1582 669 1628 oculis
692 1583 920 1639 humanis,
959 1582 1004 1625 in
1029 1597 1212 1626 numero
1246 1591 1390 1625 autem
1425 1581 1601 1641 populi,
1644 1581 1721 1642 qui
1762 1624 1764 1640 J
1806 1583 1809 1594 ¹

335 1655 534 1713 cognitus
556 1658 643 1698 Deo
666 1663 730 1698 est
752 1688 763 1707 ,
783 1653 837 1697 de
854 1669 942 1713 quo
963 1653 1067 1697 dicit
1089 1652 1346 1712 Apostolus,
1373 1672 1393 1694 «
1418 1653 1548 1698 Novit
1571 1654 1721 1698 Domi-
1762 1645 1764 1714 J

339 1744 358 1767 »
395 1740 473 1769 nus
491 1726 567 1785 qui
588 1733 689 1769 sunt
712 1725 843 1784 ejus3.
874 1742 893 1765 »
923 1726 1020 1768 Non
1039 1732 1287 1783 potestesse
1309 1723 1389 1767 nisi
1407 1723 1717 1779 manducatus,
1761 1734 1762 1752 ³
1809 1718 1811 1733 ‘

337 1811 417 1840 nec
434 1794 688 1840 manducari
709 1794 892 1853 poterit,
916 1795 996 1838 nisi
1020 1794 1160 1853 primo
1183 1803 1411 1838 mactatus.
1434 1795 1564 1838 Venit
1586 1798 1722 1853 Paga-
1760 1811 1761 1842 5
1809 1789 1810 1800 ¹

334 1881 417 1910 nus
432 1901 441 1918 ,
467 1866 611 1910 adhuc
633 1866 678 1908 in
699 1864 774 1909 illo
794 1863 1041 1909 idololatria
1061 1864 1193 1920 vivit,
1219 1863 1473 1908 inserendus
1497 1874 1560 1908 est
1584 1880 1723 1908 mem·
1758 1886 1760 1906 ἢ

337 1936 425 1980 bris
445 1935 604 1980 Christi
631 1954 639 1979 :
664 1943 710 1978 ut
746 1934 981 1990 inseratur,
1009 1950 1181 1978 necesse
1205 1942 1268 1979 est
1296 1934 1609 1991 manducetur,
1647 1934 1721 1978 sed

336 2021 426 2050 non
447 2014 588 2064 potest
612 2003 867 2048 manducari
885 2005 940 2047 ab
958 2004 1150 2048 Ecclesia
1168 2039 1178 2059 ,
1213 2005 1293 2048 nisi
1321 2004 1461 2063 primo
1491 2013 1717 2049 mactatus.

338 2075 577 2120 Renuntiet
598 2073 758 2118 saeculo
772 2109 782 2128 ,
808 2083 914 2117 tunc
934 2082 1147 2117 mactatur
1168 2093 1176 2117 :
1200 2074 1348 2117 credat
1370 2073 1415 2116 in
1436 2077 1597 2130 Deum,
1616 2083 1721 2119 tunc

339 2144 641 2189 manducatur.
659 2143 891 2196 Quomodo
905 2159 1006 2202 ergo
1023 2142 1084 2186 illi
1107 2162 1126 2185 «
1143 2144 1272 2188 Vivos
1291 2142 1613 2189 absorbuissent
1626 2159 1719 2200 nos,

343 2234 362 2257 »
398 2215 479 2260 nisi
498 2215 599 2275 quia
629 2214 837 2259 Dominus
862 2223 953 2257 erat
979 2215 1024 2257 in
1048 2214 1205 2258 nobis?
1235 2233 1255 2255 »
1290 2216 1577 2259 Surrexerunt
1609 2215 1722 2258 enim
1753 2254 1755 2261 ,

340 2286 467 2330 multi
489 2294 783 2345 persecutores
814 2284 1075 2344 aliquando,
1096 2294 1140 2328 et
1166 2300 1283 2329 nunc
1313 2300 1401 2329 non
1424 2284 1595 2330 desunt.
1625 2287 1722 2331 Sin·
1752 2288 1753 2341 ἶ
1801 2328 1805 2332 «

341 2355 522 2415 gillatim
540 2358 795 2415 insurgunt,
821 2365 864 2399 et
887 2355 1121 2416 aliquando
1141 2356 1260 2400 vivos
1283 2357 1544 2412 absorbent,
1571 2357 1646 2401 sed
1678 2357 1723 2401 in
1750 2374 1752 2386 τ
1797 2371 1815 2410 5

342 2427 502 2486 quibus
525 2443 613 2471 non
636 2436 699 2470 cst
722 2427 939 2471 Dominus.
972 2425 1076 2469 Ideo
1109 2435 1209 2470 ante
1237 2427 1381 2471 omnia
1402 2427 1465 2470 illi
1498 2426 1719 2482 dixerunt,

346 2516 367 2539 «
400 2497 490 2541 Nisi
512 2497 613 2556 quia
635 2496 844 2540 Dominus
867 2505 957 2539 erat
980 2495 1025 2539 in
1048 2496 1172 2540 nobis
1197 2516 1205 2541 :
1235 2515 1254 2538 »
1281 2497 1382 2557 quia
1414 2496 1541 2541 multi
1572 2497 1722 2541 absor-

390 2587 398 2604 ¹
417 2582 497 2613 Psat.
517 2592 623 2623 cxxm,
640 2582 669 2613 3.
691 2599 731 2604 -
753 2583 853 2613 Ἀεὶ.
874 2592 906 2623 x,
930 2581 978 2613 13.
1000 2597 1042 2603 —·
1065 2579 1078 2605 3
1096 2590 1115 2614 2
1137 2582 1216 2614 Tim.
1237 2593 1271 2624 11,
1297 2592 1346 2624 ¹9·
