1815 3253
355 196 439 237 234
794 211 828 242 s.
862 213 1094 246 Aucus‘nm
1124 219 1305 247 Emscom

354 274 649 334 fragmentum
675 279 763 338 jam
800 296 890 324 non
918 281 979 326 ibi
1016 292 1142 339 sunt,
1178 283 1358 328 oleaster
1373 298 1462 328 non
1484 283 1546 328 ibi
1578 293 1670 328 erat
1689 293 1731 329 et

355 345 415 389 ibi
437 356 500 391 est
526 366 534 392 :
558 346 619 391 illi
638 364 714 408 per
735 351 983 409 superbiam
1004 351 1144 412 frangi
1163 362 1438 409 meruerunt,
1463 355 1540 398 iste
1554 370 1631 414 per
1646 355 1732 399 hu-

355 416 583 462 militatem
616 419 743 463 inseri
771 423 930 466 meruit
955 442 963 467 z
989 422 1051 466 illi
1069 424 1302 469 amiserunt
1327 424 1536 480 radicem,
1566 426 1644 469 iste
1666 435 1732 469 te-

355 488 453 531 nuit
469 503 578 531 eam.
595 491 706 534 Cum
721 506 822 548 ergo
845 491 1022 536 audistis
1037 494 1166 537 Israel
1183 496 1275 550 Dei,
1294 495 1423 539 Isra'e'l
1444 495 1734 554 pertinentem

357 557 412 601 ad
436 562 595 614 Deum,
614 560 715 604 inde
738 561 872 606 nolite
892 578 967 606 vos
989 561 1130 608 facere
1153 563 1327 609 alienos.
1344 564 1536 609 Oleaster
1558 564 1735 625 quidem

359 626 500 672 fuistis
519 665 529 683 ,
551 629 626 673 sed
648 630 760 674 oliva
778 631 875 675 estis
890 667 900 686 ,
926 633 1152 692 participes
1169 633 1444 693 pinguedinis
1462 634 1602 679 olivae.
1628 637 1736 679 Nam

357 696 488 741 vultis
518 715 642 743 nosse
677 700 722 743 in
755 700 973 745 Abraham
996 712 1038 746 et
1063 705 1178 747 Isaac
1206 713 1248 748 et
1274 704 1409 747 Jacob
1442 705 1663 764 quomodo
1686 703 1739 748 sit

356 768 539 812 insertus
558 769 754 824 oleaster,
771 786 826 814 nc
843 772 1002 830 putetis
1022 788 1097 817 vos
1119 772 1171 817 ad
1195 774 1306 818 hanc
1324 774 1521 817 arborem
1542 789 1629 818 non
1647 789 1739 833 per-

356 839 509 894 tinere,
526 841 626 899 quia
652 856 738 884 non
762 841 984 900 pertinetis
1007 843 1234 887 carnaliter
1252 844 1306 887 ad
1328 857 1474 887 semen
1493 843 1740 887 Abraham?

358 910 568 954 Dominus
591 910 767 970 quando
785 912 964 956 miratus
987 922 1050 957 est
1071 911 1202 957 fidem
1223 913 1499 958 Centurionis
1520 913 1651 968 illius,
1666 914 1740 973 qui
1812 925 1815 951 ἑ

360 995 449 1023 non
467 990 558 1024 erat
580 981 634 1025 de
658 981 819 1041 populo
841 983 971 1026 Isra'e'l
990 1019 1000 1038 ,
1026 983 1101 1027 sed
1126 993 1217 1027 erat
1238 984 1292 1028 de
1312 983 1478 1043 populo
1501 983 1707 1027 Gentium
1729 1003 1737 1028 :
1813 1001 1815 1020 ι

362 1068 382 1091 «
417 1053 671 1109 Propterea,
703 1052 866 1112 inquit,
904 1052 1002 1097 dico
1025 1053 1146 1098 vobis
1163 1089 1173 1108 ,
1209 1053 1309 1113 quia
1335 1053 1461 1097 multi
1484 1053 1538 1097 ab
1566 1052 1762 1097 Oriente‘

364 1139 385 1163 υ
420 1131 463 1165 et
479 1123 715 1167 Occidente
729 1123 930 1168 venient¹
952 1143 960 1169 :
989 1142 1008 1166 n
1034 1127 1147 1169 Ecce
1161 1126 1249 1186 jam
1267 1124 1448 1169 oleaster
1469 1124 1514 1168 in
1531 1137 1665 1168 manu
1681 1124 1744 1167 in-

363 1190 534 1236 sertoris
553 1209 561 1237 2
591 1193 751 1238 «Multi
774 1194 828 1237 ab
846 1193 1022 1237 Oriente
1044 1203 1086 1238 et
1108 1193 1344 1239 Occidente
1360 1195 1549 1239 venient.
1571 1211 1590 1235 »
1611 1193 1744 1238 Vide·
1809 1206 1815 1233 t

360 1278 456 1307 mus
478 1262 585 1324 quid
609 1263 719 1308 ferat
745 1264 1046 1320 inserendum,
1072 1265 1150 1309 ubi
1178 1267 1336 1310 inserat
1357 1266 1578 1310 videamus
1607 1284 1615 1310 :
1645 1284 1665 1307 «
1689 1268 1745 1310 Et
1808 1276 1815 1303 Ι]

365 1350 385 1374 n
421 1333 702 1388 recumbent,
727 1334 895 1395 inquit,
922 1351 1021 1379 cum
1045 1336 1265 1379 Abraham
1283 1371 1293 1390 ,
1321 1339 1436 1380 Isaac
1459 1345 1501 1379 et
1519 1333 1675 1390 Jacob,
1699 1336 1744 1380 in
1807 1347 1814 1374 0

365 1421 386 1444 »
422 1419 554 1462 regno
572 1405 800 1448 coelorum.
827 1423 846 1446 n
875 1404 1082 1449 Videmus
1106 1415 1148 1450 et
1168 1405 1274 1466 quid
1288 1407 1467 1450 inseruit
1487 1441 1497 1459 ,
1522 1415 1564 1450 et
1583 1405 1657 1450 ubi
1675 1406 1744 1449 in-
1765 1420 1771 1466 μ
1806 1420 1810 1441 ³

364 1474 511 1518 seruit.
540 1480 597 1518 De
623 1475 750 1518 ramis
771 1475 967 1534 superbis
989 1475 1258 1519 naturalibus
1274 1476 1381 1536 quid
1396 1475 1501 1520 dicit
1517 1478 1535 1520 Ρ
1550 1474 1648 1519 Filii
1665 1490 1744 1519 au-
1805 1470 1815 1513 il

365 1556 451 1590 tem
486 1546 606 1603 regni
628 1546 754 1589 ibunt
781 1547 824 1590 in
850 1547 1049 1590 tenebras
1077 1547 1307 1591 exteriores
1323 1582 1333 1601 ,
1356 1547 1416 1590 ibi
1441 1547 1521 1590 erit
1549 1546 1677 1590 fletus
1704 1553 1745 1590 et
1768 1545 1769 1548 ’

364 1616 522 1660 stridor
543 1616 756 1661 dentium.
784 1619 867 1660 Res
882 1618 1171 1676 praenuntiata
1188 1652 1199 1672 ,
1218 1632 1283 1660 rcs
1297 1615 1490 1676 impleta.
1794 1626 1815 1669 :sl

424 1689 545 1731 VIII.
571 1690 711 1745 Ergo,
742 1706 761 1729 «
793 1685 966 1731 Psallite
988 1688 1195 1742 Domino,
1225 1686 1431 1746 quoniam
1455 1687 1594 1731 suavis
1616 1695 1692 1730 est.
1722 1684 1742 1728 ii
1806 1701 1810 1714 =

365 1760 422 1801 Et
444 1757 654 1801 attendite
676 1773 776 1817 quae
798 1757 911 1801 circa
939 1772 1017 1801 nos
1043 1756 1160 1801 fecit
1191 1776 1210 1799 κ
1229 1757 1445 1810 Quoniam
1460 1751 1595 1801 Jacob
1618 1756 1746 1818 elegit
1780 1736 1815 1819 Ν

369 1846 388 1868 »
426 1827 507 1871 sibi
525 1828 757 1882 Dominus,
784 1825 944 1871 Isra'el
935 1843 979 1870 m
1001 1827 1309 1886 possessionem
1335 1827 1416 1870 sibi
1434 1830 1465 1871 ².
1489 1845 1509 1868 ³>
1528 1826 1742 1880 Laudate',
1782 1832 1815 1874 liffl

365 1897 556 1958 psallite,
582 1899 788 1959 quoniam
812 1895 917 1942 fecit
938 1898 1031 1941 ista.
1061 1897 1176 1941 Talia
1211 1896 1330 1952 dico,
1365 1912 1464 1958 quae
1492 1913 1645 1957 capere
1672 1912 1746 1941 va-
1782 1884 1815 1939 :ill

366 1968 501 2013 leatis.
526 1971 712 2013 Caeteras
733 1977 880 2027 gentes
906 1967 986 2011 sub
1011 1966 1185 2026 Angelis
1210 1966 1382 2027 posuit:
1415 1986 1432 2008 «
1460 1967 1595 2011 Jacob
1619 1963 1747 2026 elegit
1794 1985 1806 2006 »ι

369 2058 389 2081 »
425 2039 507 2083 sibi
535 2039 773 2094 Dominus,
806 2037 937 2082 Isra‘e'l
974 2037 1019 2081 in
1051 2038 1361 2096 possessionem
1383 2035 1479 2081 sibi.
1507 2054 1527 2078 »
1564 2038 1746 2080 Gentem
1790 2051 1814 2092 ιςῳ

366 2125 487 2154 suam
510 2110 612 2153 fecit
635 2125 785 2167 agrum
801 2145 812 2164 ,
839 2125 968 2170 quem
1002 2109 1163 2153 coleret
1180 2143 1190 2163 ,
1219 2122 1351 2167 quem
1375 2107 1465 2166 ipse
1488 2106 1742 2151 seminaret}
1795 2121 1815 2151 ιιι

366 2182 564 2242 quamvis
595 2180 685 2240 ipse
719 2196 868 2224 omnes
899 2190 1045 2239 gentes
1071 2177 1341 2232 condiderit,
1374 2187 1548 2222 caeteras
1574 2173 1750 2236 Angelis
1787 2192 1815 2221 aa

367 2251 609 2306 commisit,
628 2250 709 2294 sibi
725 2252 848 2308 istam
871 2249 1172 2309 possidcndam
1195 2247 1539 2307 servandamque
1560 2246 1744 2306 deputa÷
1793 2261 1812 2293 151

368 2322 428 2367 vit
449 2341 456 2366 ε
482 2322 599 2365 hunc
621 2319 857 2380 populum,
885 2320 1002 2363 hunc
1025 2318 1176 2362 Jacob.
1205 2319 1361 2362 Merito
1380 2317 1515 2371 illius,
1536 2332 1590 2360 an
1613 2310 1747 2376 gratia
1794 2320 1815 2362 :lei

366 2394 537 2436 sua‘?Dc
559 2390 754 2435 nondum
776 2391 885 2433 natis
908 2389 986 2433 ait:
1010 2409 1027 2430 «
1045 2389 1155 2442 Quia
1179 2390 1314 2448 major
1336 2387 1492 2433 serviet
1512 2387 1741 2441 minori³,»
1799 2404 1815 2432 u

363 2460 595 2522 Apostolus
621 2460 742 2505 dixit.
769 2459 897 2514 Quod
917 2459 1118 2503 meritum
1142 2458 1304 2503 habere
1326 2456 1523 2502 nondum
1553 2456 1642 2501 nati
1664 2471 1743 2516 po·
1799 2462 1815 2504 tl

414 2554 423 2570 ¹
443 2546 557 2580 Matth.
571 2555 643 2585 vm,
665 2556 715 2578 ιι.
736 2561 778 2568 --
798 2551 811 2568 ⁸
831 2543 911 2576 Psal.
931 2554 1058 2585 cxxxiv,
1073 2541 1106 2584 4.
1126 2559 1168 2566 —-
1190 2540 1204 2567 3
1223 2544 1313 2575 Rom,
1336 2553 1379 2583 ix,
1404 2541 1456 2574 ιδ.
