1815 3253
359 198 442 235 338
790 208 823 234 5.
860 209 1089 236 Aucus‘rnu
1122 210 1301 236 nasoon

353 272 481 317 multi
514 274 662 333 injusti
685 274 808 334 quasi
840 289 931 318 non
965 283 1192 330 nocentes,
1225 290 1316 319 non
1351 283 1453 318 sunt
1484 274 1608 328 saevi,
1647 288 1759 318 non·
1800 274 1801 277 ’

354 352 456 388 sunt
472 343 632 403 asperi,
653 360 743 388 non
762 354 864 389 sunt
882 354 1184 405 persequentes
1196 355 1239 389 et
1257 360 1471 405 pressuras
1488 344 1738 389 hominibus
1789 383 1791 387 ,

353 413 559 459 facientes
580 434 590 460 :
609 414 686 459 sed
704 424 852 460 tamen
870 415 973 460 inde
988 416 1158 475 injusti,
1178 416 1280 476 quia
1298 415 1382 460 alio
1401 415 1591 476 quodam
1606 415 1738 460 modo

353 477 589 541 luxuriosi,
628 485 817 540 ebriosi,
851 484 1151 544 voluptatibus
1184 485 1334 529 dediti.
1371 485 1600 538 Quomodo
1629 483 1739 529 nulli

353 565 510 612 nocet,
539 556 615 619 qui
637 555 718 600 sibi
745 572 834 600 non
865 557 1032 615 parcit?
1059 559 1272 600 Innocens
1299 556 1416 600 enim
1447 555 1521 600 ille
1553 565 1638 611 est,
1663 555 1739 615 qui

351 643 442 672 non
465 636 615 685 nocet3
633 643 722 671 non
735 636 882 671 autem
899 627 975 686 qui
988 627 1071 671 sibi
1085 637 1228 671 nocet.
1249 627 1344 671 Tibi
1357 637 1504 671 autem
1516 626 1741 687 quomodo
1784 653 1787 687 3
1811 626 1813 631 ’

356 707 499 758 potest
534 713 626 742 non
647 713 830 752 nocere,
867 698 944 757 qui
968 698 1050 741 sibi
1083 699 1242 742 nocet?
1278 697 1363 742 Sed
1394 698 1650 756 respondes,
1689 699 1741 740 In
1778 700 1784 739 l

357 783 446 828 quo
468 767 576 811 mihi
597 769 751 811 nocet?
773 770 871 812 Non
892 768 1007 812 enim
1033 768 1188 812 invasit
1211 783 1299 811 rem
1321 783 1461 812 meam
1481 802 1492 822 ,
1517 776 1592 811 aut
1609 782 1742 826 appe-²
1783 774 1785 778 '

355 838 453 883 tivit
473 837 658 881 salutem
682 852 824 881 meam
850 857 859 882 ;
879 836 1052 883 luxuria
1073 853 1149 882 sua
1172 838 1361 897 pascitur
1378 873 1389 893 ‚
1426 838 1512 881 suis
1539 837 1742 896 voluptaa

355 908 472 952 tibus
494 907 737 952 delectatur
764 927 773 952 2
794 908 870 952 sed
886 909 920 952 si
942 909 1190 968 inquinatas
1210 908 1342 952 habet
1356 907 1626 968 voluptates,
1651 908 1742 967 ipse
1808 907 1809 919 ¹

355 978 611 1039 inquinatur
637 997 646 1023 :
671 978 777 1023 mihi
804 979 912 1039 quid
937 980 1154 1039 pertinet,
1185 980 1257 1024 cui
1289 979 1494 1023 molestus
1528 995 1619 1024 non
1646 980 1744 1023 est?
1807 1033 1809 1036 Α

355 1052 492 1095 Nocet
507 1049 587 1093 tibi
609 1048 762 1094 saltem
784 1049 851 1094 vel
889 1049 1088 1109 exemplo
1105 1085 1117 1105 ‚
1142 1050 1244 1110 quia
1266 1051 1372 1095 vivit
1401 1061 1548 1095 tecum
1566 1085 1577 1104 ‚
1613 1059 1657 1093 et
1689 1048 1745 1094 ad

356 1121 477 1182 quod
493 1121 582 1179 agit
596 1121 764 1165 invitat.
791 1123 945 1166 Nonne
966 1136 1067 1165 cum
1085 1137 1186 1165 eum
1201 1122 1319 1165 vides
1339 1121 1455 1166 forte
1481 1120 1627 1165 inillis
1650 1136 1746 1165 sore
1774 1171 1775 1175 Ἰ

357 1192 486 1236 dibus
509 1190 779 1251 prosperari,
805 1190 975 1235 duceris
995 1191 1144 1235 talium
1176 1191 1465 1236 delectatione
1499 1192 1746 1236 factorum?

357 1262 449 1307 Etsi
471 1277 561 1306 non
582 1261 820 1316 consentis,
841 1261 992 1305 saltem
1013 1261 1215 1306 invenisti
1237 1261 1358 1321 quod.
1379 1277 1612 1321 expugnes.
1634 1266 1750 1315 Quo-¹

360 1331 492 1377 modo
515 1347 618 1390 ergo
642 1331 721 1375 tibi
742 1347 833 1376 non
864 1332 1051 1375 nocebat
1067 1332 1180 1391 ‚qui
1213 1332 1384 1376 laboras
1424 1333 1599 1377 vincere
1626 1332 1747 1392 quod

356 1402 490 1448 fecit
481 1419 526 1446 m
554 1400 685 1446 corde
708 1403 810 1446 tuo?
831 1400 1049 1460 Malignus
1077 1410 1141 1445 est
1170 1416 1270 1459 ergo
1294 1403 1435 1446 omnis
1467 1403 1678 1463 injustus,
1703 1411 1747 1447 et

1765 1355 1774 1440 Ι
1801 1418 1807 1439 s

358 1488 530 1518 necesse
567 1481 631 1516 est
651 1472 803 1516 noxius
833 1471 910 1526 sit,
946 1472 1035 1516 sive
1064 1471 1122 1515 sit
1144 1470 1358 1527 blandus,
1393 1473 1481 1517 sive
1520 1474 1575 1517 sit
1608 1472 1768 1517 ferox.·'
1794 1475 1795 1478 ’

362 1624 530 1674 captus,
555 1613 745 1657 inveniet
763 1628 894 1672 quam
913 1613 966 1656 sit
982 1613 1161 1656 noxium
1179 1613 1299 1672 quod
1322 1614 1504 1672 putabat
1516 1613 1626 1657 lene.
1646 1616 1752 1657 Etea
1803 1669 1805 1671 ι

363 1686 481 1740 nim,
506 1683 684 1738 fratres,
720 1694 758 1726 et
780 1683 914 1742 spinae
934 1698 1024 1727 non
1053 1693 1256 1743 pungunt
1288 1683 1334 1727 in
1363 1684 1597 1728 radicibus.
1632 1687 1749 1728 Erue
1790 1684 1815 1707 3

365 1969 563 2015 homines
584 1967 708 2028 quasi
727 1967 846 2011 lenes
859 1976 902 2010 et
916 1966 1087 2021 blandi,
1113 1976 1323 2010 amatores
1344 1976 1491 2010 tamen
1513 1965 1763 2010 camanum:
1779 1953 1807 2029 ΙΙΙ

368 2041 667 2099 voluptatum,
685 2048 728 2082 et
744 2039 1070 2098 inquinatarum
1089 2037 1378 2096 cupiditatum
1391 2046 1640 2090 sectatores
1657 2051 1747 2080 non·
1774 2018 1815 2083 sil:

368 2112 493 2158 vobis
515 2110 729 2170 placeant.
749 2109 842 2153 Etsi
863 2108 1008 2152 adhuc
1025 2107 1229 2152 videntur
1249 2107 1366 2151 lenes
1383 2142 1393 2161 ‚
1414 2108 1578 2151 radices
1605 2107 1749 2165 spina-2
1772 2111 1815 2167 igi

372 2197 468 2227 rum
481 2190 596 2225 sunt.
609 2183 714 2224 Nam
729 2178 889 2222 talibus
903 2176 1025 2221 factis
1039 2193 1113 2237 per
1129 2178 1343 2221 luxuriam
1358 2177 1616 2237 plerumque
1630 2176 1747 2237 quod
1779 2180 1815 2223 <ibt

370 2254 610 2299 effundunt
629 2249 749 2310 quod
771 2250 992 2293 habebant
1019 2268 1027 2293 :
1053 2259 1096 2293 ct
1111 2250 1333 2309 quomodo
1350 2257 1554 2308 quaerunt
1573 2247 1751 2307 implere
1783 2262 1810 2294 elta

372 2323 650 2370 effuderunt?
668 2318 894 2380 Numquid
909 2320 998 2378 jam
1020 2328 1203 2378 parcunt
1225 2319 1381 2378 rapinis
1413 2328 1456 2362 et
1478 2318 1750 2377 cogitationi·
1786 2320 1814 2365 ιΙΙΙ

374 2396 457 2439 bus
475 2391 680 2437 fraudum
696 2425 707 2446 ,
732 2390 852 2434 omni
875 2389 1020 2448 generi
1038 2388 1314 2447 malignitatis
1328 2389 1606 2448 exquirendae
1623 2390 1704 2432 PJa
1787 2393 1815 2436 mu

374 2463 493 2510 vides
504 2462 664 2506 malum
681 2460 916 2514 hominem,
928 2475 1056 2521 quem
1074 2458 1255 2518 putabas
1266 2468 1391 2503 antea
1400 2457 1747 2511 lenein.Quando
1789 2471 1815 2507 ιΙΙι

376 2534 500 2579 illum
532 2531 708 2578 videbas
735 2530 965 2585 inebriari,
1002 2529 1146 2573 bonus
1176 2537 1267 2573 erat
1299 2547 1308 2573 z
1338 2528 1470 2574 modo
1490 2528 1580 2588 jam
1611 2527 1753 2636 furem!
1790 2543 1814 2581 *i

1746 2645 1750 2714 Ι

1744 2755 1748 2846 3

1742 2849 1747 2975 Ι
