1815 3253
417 181 659 211 ENARRA‘no
691 183 735 209 IN
769 180 973 209 PsALMtxM
1005 180 1158 208 cxxxn.
1388 166 1472 204 215

87 248 164 294 ubi
201 248 411 307 scriptum
450 248 504 291 sit
535 261 695 291 nomen
736 246 1050 290 monachorum
1073 280 1085 299 ,
1126 243 1357 288 ostendant
1395 241 1472 286 ubi

85 318 293 377 scriptum
326 318 380 362 sit
413 333 574 362 nomen
601 316 964 374 Agonisticorum.
1003 315 1072 360 Sic
1100 329 1172 358 eos
1191 348 1202 369 ,
1238 314 1470 374 inquiunt,

0 407 2 411 ’
38 421 39 424 ,
84 386 353 449 appellamus
367 398 545 449 propter
561 403 760 446 agonem.
783 390 963 433 Certant
984 386 1098 430 enim
1121 404 1131 430 :
1156 393 1199 429 et
1216 385 1323 429 dicit
1339 387 1476 443 Apos-

84 459 198 504 tolus
214 494 225 513 ,
258 479 277 501 «
313 461 545 504 Certamen
568 459 735 503 bonum
753 458 912 504 certavi
932 459 971 501 1.
1009 456 1157 509 »Quia
1174 464 1277 499 sunt
1297 455 1374 515 qui
1387 469 1474 498 cer-

83 537 178 574 taut
209 529 413 574 adversus
446 529 698 584 diabolum,
746 539 789 573 et
820 526 1083 588 praevalent,
1119 525 1280 570 milites
1314 525 1474 570 Christi

36 619 37 622 ¹
82 601 323 659 Agonistici
339 600 632 661 appellantur.
653 600 827 646 Utinam
846 615 949 658 ergo
966 597 1122 643 milites
1137 597 1297 643 Christi
1315 606 1472 651 essent,

84 681 126 721 et
142 687 231 716 non
250 671 407 716 milites
422 671 600 726 diaboli,
618 688 640 716 a
657 671 818 732 quibus
836 670 933 730 plus
952 670 1130 714 timetur
1145 672 1177 713 ².
1199 671 1290 712 Deo
1306 666 1473 722 laudes,

81 757 214 802 quam
243 742 442 786 fremitus
469 742 620 786 leonis..
653 743 710 786 Hi
739 741 868 786 etiam
896 740 1104 786 insultare
1128 739 1255 784 nobis
1286 739 1473 793 audent,

24 803 25 807 ¹
80 814 183 873 quia
206 812 380 868 fratres,
406 829 508 858 cum
536 814 687 859 vident
709 813 931 868 homines,
959 815 1047 857 Deo
1071 812 1228 871 gratias
1257 810 1412 856 dicunt
1441 811 1473 855 ³.

81 883 198 936 Quid
215 893 293 938 est,
315 884 538 944 inquiunt,
561 888 651 929 Deo
675 884 858 943 gratias?
882 887 1019 928 Ita-ne
1040 882 1198 927 surdus
1220 898 1281 938 es,
1300 891 1352 927 ut
1373 897 1475 926 nes-

80 956 165 1000 cias
187 955 294 1015 quid
317 956 393 1010 sit,
420 959 510 1000 Deo
531 956 712 1014 gratias?
731 955 816 1009 Qui
843 954 964 1010 dicit,
990 958 1080 999 Deo
1104 955 1260 1013 gratias
1276 989 1287 1010 ,
1321 954 1477 1013 gratias

81 1027 168 1085 agit
197 1029 301 1071 Deo.
334 1026 444 1071 Vide
478 1027 511 1070 si
544 1042 634 1070 non
667 1025 802 1070 debet
834 1025 969 1070 frater
1008 1029 1099 1070 Deo
1131 1025 1289 1084 gratias
1321 1040 1474 1084 agere,

69 1096 256 1157 -quando
289 1097 408 1142 videt
435 1096 615 1141 fratrem
645 1111 791 1141 suum.
835 1099 951 1141 Num
985 1097 1101 1140 enim
1132 1111 1223 1140 non
1256 1104 1320 1139 est
1353 1094 1477 1140 locus

10 1172 15 1179 ’
81 1167 402 1226 gratulationis,
430 1168 610 1228 quando
641 1183 685 1211 se
704 1167 897 1212 invicem
924 1166 1076 1211 vident
1104 1167 1180 1227 qui
1201 1166 1403 1210 habitant
1429 1165 1477 1209 in

15 1245 19 1251 '
81 1239 279 1286 Christo?
308 1242 366 1284 Et
387 1249 535 1284 tamen
557 1255 633 1284 vos
656 1243 746 1284 Deo
767 1239 922 1298 gratias
951 1248 1149 1284 nostrum
1171 1238 1318 1282 ridetis
1344 1257 1354 1283 z
1385 1240 1476 1283 Deo

77 1308 227 1353 laudes
259 1319 450 1354 vestrum
492 1309 667 1369 plorant
703 1310 917 1354 homines.
956 1309 1041 1355 Sed
1074 1318 1191 1354 certe
1227 1308 1477 1353 reddidistis

77 1381 290 1425 rationem
313 1380 368 1425 de
405 1382 606 1435 nomine,
645 1397 780 1442 quare
815 1379 1042 1441 appelletis
1079 1380 1366 1439 Agonisticos.
1408 1383 1476 1424 Ita

77 1451 170 1505 fiat,
194 1460 245 1495 ut
266 1451 516 1510 appellatis3
539 1452 599 1496 ita
622 1452 720 1507 fiat,
746 1452 927 1496 omnino
947 1450 1160 1496 favemus.
1186 1455 1367 1496 Praestet
1392 1454 1477 1496 Do-

76 1522 220 1566 minus
262 1531 312 1566 ut
343 1521 404 1566 illi
446 1532 597 1567 contra
631 1522 859 1567 diabolum
894 1532 1086 1578 certent,
1124 1532 1166 1567 et
1198 1538 1289 1566 non
1324 1531 1477 1567 contra

77 1593 319 1645 Christum,
357 1594 480 1653 cujus
512 1603 838 1653 persequuntur
875 1593 1129 1638 Ecclesiam.
1172 1596 1335 1637 Tamen
1373 1594 1477 1654 quia

77 1671 265 1717 certant,
289 1661 429 1707 dicitis
451 1664 746 1721 Agonisticos3
771 1673 815 1708 et
835 1664 1059 1708 invenistis
1084 1663 1203 1708 unde
1220 1663 1470 1723 appelletis,

76 1734 177 1795 quia
197 1733 303 1778 dixit
325 1734 575 1794 Apostolus,
605 1754 625 1778 «
649 1738 819 1780 Bonum
838 1751 1022 1794 agonem
1039 1736 1199 1780 certavi
1222 1736 1254 1780 4.
1285 1754 1306 1777 n
1327 1738 1473 1789 Quare

77 1820 178 1864 ergo
191 1815 232 1849 et
245 1821 322 1849 nos
337 1822 425 1850 non
440 1805 708 1865 appellemus
722 1808 976 1861 monachos,
995 1823 1097 1851 cum
1110 1807 1226 1851 dicat
1240 1806 1436 1851 Psalmus
1457 1827 1466 1852 ε

81 1893 101 1918 ι(
133 1879 246 1920 Ecce
262 1892 394 1936 quam
418 1877 585 1921 bonum
608 1887 651 1922 et
670 1893 803 1938 quam
822 1876 1073 1938 jucundum
1100 1878 1298 1922 habitare
1316 1877 1472 1923 fratres

79 1962 100 1988 »
132 1945 175 1990 in
202 1948 370 1991 unum?
396 1956 495 1993 nii-123
521 1947 636 1992 enim
664 1940 779 1991 unus
801 1947 962 1992 dicitur
995 1967 1004 1992 z
1036 1957 1082 1992 et
1104 1964 1195 1992 non
1217 1964 1331 1993 unus
1356 1964 1472 2009 quo-

0 2030 5 2050 »’
66 2016 426 2078 ,modoeumque3
451 2034 552 2062 nam
583 2028 626 2063 et
658 2019 704 2063 in
732 2020 862 2064 turba
886 2029 950 2064 est
985 2036 1120 2076 unus,
1152 2020 1229 2065 sed
1248 2036 1337 2065 una
1371 2037 1473 2066 cum

76 2087 223 2133 multis
244 2105 358 2133 unus
389 2089 475 2134 dici
505 2101 672 2150 potest,
694 2100 783 2144 μόνας
804 2108 892 2136 non
916 2102 1083 2153 potest,
1124 2092 1170 2137 id
1202 2103 1287 2149 est,
1315 2093 1432 2150 solus
1458 2113 1468 2139 ε

76 2167 163 2212 μόνας
190 2160 310 2203 enim
342 2176 456 2205 unus
490 2162 606 2206 solus
628 2172 706 2207 est.
732 2164 817 2217 Qui
841 2179 944 2222 ergo
972 2164 1033 2209 sic
1053 2165 1209 2209 vivunt
1233 2165 1279 2208 in
1301 2180 1441 2209 unum
1457 2200 1469 2221 ,

75 2238 125 2274 ut
140 2245 279 2273 unum
297 2231 519 2277 hominem
541 2232 702 2278 faciant
717 2270 728 2290 ,
754 2244 803 2279 ut
821 2235 875 2279 sit
897 2235 981 2279 illis
1001 2251 1102 2280 vere
1124 2237 1244 2297 quod
1260 2237 1470 2297 scriptum

74 2311 160 2357 est,
193 2321 212 2344 «
240 2305 335 2346 Una
365 2304 508 2348 anima
539 2315 582 2349 et
613 2322 752 2350 unum
777 2324 852 2352 cor
878 2310 921 2365 ⁵3
954 2326 974 2349 n
1001 2308 1141 2354 multa
1163 2325 1367 2369 corpora,
1398 2309 1475 2354 sed

78 2386 167 2416 non
189 2372 343 2417 multae
359 2374 515 2418 animae
533 2396 544 2431 3
567 2376 708 2421 multa
730 2379 1023 2437 corpora,'sed
1044 2395 1134 2424 non
1158 2380 1295 2424 multa
1314 2380 1443 2425 corda
1461 2401 1472 2437 ς

80 2469 82 2471 ’
124 2475 133 2490 ¹
155 2478 173 2501 2
196 2470 277 2502 Tim.
297 2481 348 2511 iv,
372 2482 404 2512 7.
431 2489 470 2494 --
493 2479 505 2494 ²
527 2474 596 2505 Vox
625 2473 934 2509 circumcellionum.
964 2495 1004 2500 —
1033 2476 1046 2500 3
1070 2481 1137 2510 Vox
1158 2478 1396 2511 monachorum.
1428 2494 1468 2501 -·

78 2522 92 2548 4
109 2532 126 2553 ‘1
144 2525 223 2557 Tim.
251 2537 339 2567 1v‚7.
364 2544 403 2549 .,.-
423 2525 437 2548 ,5
456 2530 527 2559 Act.
556 2539 603 2562 tv,
630 2529 681 2559 δ’).
