1815 3253
348 206 430 245 116
778 217 811 244 s.
847 213 1075 245 Aucus'rnu
1107 214 1287 245 nmscom

345 281 507 326 ventris
543 280 587 324 in
613 280 748 325 Jacob
771 291 883 336 erat,
909 282 1011 342 quia
1034 282 1174 341 ipsum
1197 281 1346 325 dilexit
1365 289 1517 325 mater.
1545 298 1565 322 «
1589 279 1724 324 Jacob

347 369 369 393 »
394 350 544 406 dilexi,
568 350 672 395 dicit
693 353 830 406 Deus,
855 352 970 394 Esaii
992 361 1136 394 autem
1169 351 1298 395 audio
1329 350 1464 394 habui
1481 352 1509 393 ¹.
1538 368 1558 391 »
1583 349 1725 394 Ambo

344 419 399 464 de
416 436 505 465 uno
527 429 650 464 utero
668 429 968 479 processerunt
994 439 1002 464 :
1028 436 1141 464 unus
1163 420 1296 464 amari
1318 420 1495 474 meruit,
1527 418 1634 463 alius
1656 433 1724 461 re-

343 490 533 551 probari.
558 493 610 534 In
632 489 800 534 dilectis
823 505 925 549 ergo
947 490 1039 550 ejus
1067 488 1232 533 fructus
1259 490 1363 545 erit,
1389 507 1406 530 «
1433 492 1546 547 Ergo
1564 503 1725 533 merces
1782 494 1783 504 ³

346 579 367 603 »
393 561 562 606 fructus
577 560 753 604 ventris.
787 580 803 600 ι

405 633 483 674 ΙΧ.
523 649 542 672 «
570 631 690 675 Sicut
711 630 877 688 sagittae
896 630 941 673 in
959 643 1093 674 manu
1109 630 1297 689 potentis
1311 664 1322 685 ‚
1347 629 1406 674 sic
1429 629 1506 673 filii
1529 642 1728 673 excusso-

347 719 367 742 »
393 716 504 745 rum.
521 719 539 740 s>
554 700 678 744 Unde
695 700 811 744 enim
828 698 940 744 facta
960 708 1023 743 est
1039 699 1267 743 haereditas
1281 699 1384 753 ista,
1407 699 1588 742 fratres?
1602 697 1726 742 Unde

345 772 459 816 facta
479 780 542 814 est
564 779 648 814 tam
674 769 811 814 multa
833 769 1086 824 haereditas,
1114 769 1168 813 de
1190 784 1276 829 qua
1300 769 1384 813 dici
1397 769 1529 813 habet
1545 769 1590 812 in
1611 769 1697 812 fine
1712 803 1723 823 ,

344 844 458 885 Ecce
477 840 704 883 haereditas
722 839 895 883 Domini
912 874 927 894 ‚
949 838 1050 894 filii,
1073 853 1234 882 merces
1255 836 1422 882 fructus
1442 839 1628 882 ventris?
1643 841 1728 882 Ex-

345 911 456 955 cussi
476 918 577 954 sunt
596 909 775 969 quidam
793 908 848 952 dc
865 923 999 952 manu
1016 908 1212 962 Domini,
1247 916 1453 968 tanquam
1475 908 1662 966 sagittae,
1685 916 1728 952 et

345 981 489 1025 ierunt
506 979 650 1038 longe,
668 988 710 1023 et
732 988 867 1023 totam
888 987 1046 1022 terram
1059 978 1496 1037 impleverunt‚unde
1508 977 1727 1037 pullulant

345 1051 494 1095 sancti.
516 1053 623 1094 Nam
646 1050 736 1109 ipsa
759 1059 821 1093 est
839 1047 1067 1093 haereditas
1083 1083 1093 1103 ,
1123 1047 1177 1092 de
1195 1063 1279 1108 qua
1303 1047 1488 1093 dicitur:
1513 1065 1532 1089 «
1553 1046 1727 1092 Postula
1774 1088 1775 1093 ,

346 1139 367 1163 »
398 1136 422 1165 a
443 1135 512 1164 me
530 1129 572 1164 et
593 1119 708 1164 dabo
735 1119 811 1163 tibi
834 1127 981 1177 gentes
1001 1117 1299 1162 haereditatem
1324 1127 1466 1173 tuam,
1493 1127 1536 1162 et
1558 1132 1726 1177 posses-
1772 1166 1773 1170 Ἰ

346 1211 366 1234 »
392 1191 558 1236 sionem
580 1200 698 1234 tuam
723 1190 927 1234 terminos
949 1192 1119 1233 terrae2.
1147 1207 1168 1230 »
1200 1191 1257 1233 Et
1279 1188 1501 1249 quomodo
1524 1189 1603 1233 ista
1625 1203 1726 1248 pos·
1771 1201 1773 1222 ὲ

345 1262 472 1306 sessio
492 1260 767 1320 pertenditur
795 1269 837 1304 et
859 1260 1010 1304 crescit
1031 1274 1170 1319 usque
1199 1260 1254 1303 ad
1288 1260 1394 1303 fines
1412 1261 1568 1303 terrae?
1590 1259 1696 1312 Quia
1714 1294 1726 1315 ‚
1770 1295 1771 1298 ,

350 1352 367 1373 »
397 1332 517 1375 Sicut
538 1331 702 1388 sagittae
725 1330 769 1373 in
796 1345 929 1373 manu
960 1329 1175 1388 potentis,
1206 1329 1265 1373 sic
1287 1329 1366 1373 filii
1387 1344 1679 1374 excussorum.
1703 1348 1723 1370 n
1770 1354 1771 1357 =
1799 1346 1801 1387 j

345 1405 407 1445 De
426 1416 529 1444 arcu
549 1400 826 1444 excutiuntur
847 1399 1033 1456 sagittae,
1059 1408 1101 1442 et
1116 1408 1280 1458 quanto
1301 1399 1456 1444 fortior
1478 1400 1724 1455 excusserit,
1768 1426 1769 1433 κ

345 1481 469 1516 tanto
491 1469 663 1527 longius
687 1469 805 1513 vadit
829 1469 998 1528 sagitta.
1016 1469 1128 1521 Quid
1151 1478 1295 1513 autem
1315 1468 1468 1514 fortius
1486 1471 1727 1514 excutiente
1766 1491 1769 1502 ι

345 1542 561 1586 Domino?
582 1544 641 1583 De
663 1555 765 1583 arcu
787 1556 864 1583 suo
884 1539 1060 1582 mandat
1076 1539 1306 1598 Apostolos
1327 1556 1425 1584 suos
1448 1560 1456 1585 :
1482 1556 1569 1585 non
1588 1540 1728 1599 potuit
1766 1571 1767 1593 ἢ

345 1628 435 1656 0550
458 1611 677 1655 residuum
697 1645 705 1665 ‚
732 1625 820 1670 quo
842 1625 927 1653 non
951 1609 1196 1667 perveniret
1219 1609 1371 1667 sagitta
1390 1626 1412 1653 a
1430 1619 1518 1654 tam
1540 1610 1640 1654 forti
1659 1626 1728 1653 ex-

345 1698 465 1726 cussa
483 1717 492 1736 ‚
518 1681 716 1740 pervenit
731 1695 868 1739 usque
890 1678 943 1722 ad
961 1679 1068 1722 fines
1089 1688 1230 1722 terrae.
1249 1679 1352 1724 Ideo
1375 1695 1463 1724 non
1477 1680 1605 1735 ultra,
1626 1681 1728 1741 quia

345 1751 450 1796 nihi}
476 1761 538 1794 est
556 1750 665 1793 ultra
689 1749 854 1808 generis
871 1749 1064 1792 humani.
1084 1751 1192 1794 Nam
1211 1757 1351 1793 tantas
1362 1750 1473 1793 vires
1491 1749 1724 1806 illehabet‚

345 1832 394 1866 ut
421 1821 549 1864 etiam
578 1820 610 1863 si
634 1820 745 1862 ultra
769 1828 878 1862 esset
898 1834 986 1878 quo
1007 1818 1285 1877 pertenderet
1305 1819 1480 1878 sagitta,
1506 1828 1726 1864 excuteret

344 1890 448 1935 illuc
473 1890 686 1948 sagittam.
717 1889 783 1933 Sic
802 1898 902 1932 sunt
925 1897 1071 1931 autem
1087 1888 1164 1931 filii
1177 1905 1475 1940 excussorum,
1505 1890 1726 1950 quomodo

344 1970 387 2004 et
408 1960 471 2003 illi
488 1959 667 2003 excussi.
690 1959 929 2011 Quaesitum
950 1966 1013 2000 est
1035 1957 1150 2000 enim
1169 1958 1224 2001 de
1240 1959 1322 2002 hoc
1355 1959 1489 2003 verbo
1513 1960 1642 2003 etiam
1671 1960 1725 2004 ab

343 2031 393 2075 iis
416 2031 490 2090 qui
515 2038 614 2072 ante
656 2044 734 2072 nos
768 2028 846 2071 ista
875 2035 1140 2081 tractarunt,
1173 2043 1306 2087 quare
1339 2028 1415 2072 filii
1451 2044 1725 2074 excussorum

344 2100 447 2145 dicti
475 2108 598 2153 sunt,
631 2097 701 2142 vel
723 2097 797 2157 qui
821 2107 921 2141 sunt
944 2096 1213 2154 intelligendi
1246 2097 1323 2141 filii
1346 2114 1621 2144 excussorum
1649 2120 1656 2144 :
1685 2109 1726 2145 et

343 2170 605 2230 quibusdam
620 2168 759 2212 visum
782 2177 844 2211 est
862 2202 872 2221 ,
899 2167 1008 2211 sieut
1030 2166 1160 2211 modo
1179 2167 1282 2224 dixi,
1300 2168 1409 2213 filios
1432 2185 1722 2226 excussorum,

341 2241 452 2285 filios
476 2255 563 2283 esse
586 2237 908 2298 Apostolorum.

398 2312 454 2354 X.
492 2308 696 2353 Intendat
719 2306 945 2367 paululum
967 2307 1162 2352 Charitas
1183 2309 1347 2352 Vestra.
1376 2310 1616 2362 Quaesitum
1633 2319 1721 2365 est,

341 2395 474 2440 quare.
508 2379 671 2423 excussi
709 2376 904 2436 Apostoli
932 2397 940 2422 :
969 2377 1133 2421 dictum
1175 2387 1237 2421 est
1264 2395 1287 2423 a
1313 2379 1595 2438 quibusdam,
1628 2380 1724 2424 ideo

340 2451 437 2495 illos
461 2449 698 2509 appellatos
717 2464 912 2493 excussos
928 2483 938 2502 ‚
960 2449 1061 2508 qnia
1084 2449 1290 2508 praecepit
1312 2450 1370 2493 eis
1395 2451 1623 2504 Dominus,
1644 2469 1662 2492 «
1681 2451 1723 2495 Si

389 2541 397 2558 ¹
419 2533 554 2567 Malacli.
571 2545 593 2574 1,
612 2542 644 2573 2,
663 2533 694 2574 3,
714 2536 746 2564 ct
766 2535 855 2564 Rom.
877 2543 922 2574 ix,
942 2533 991 2564 13.
1010 2549 1050 2556 —·
1070 2539 1083 2556 ⁸
1102 2531 1183 2565 Psal.
1209 2543 1316 2574 cxxv,
1331 2532 1361 2575 4,
1384 2550 1424 2556 —-
1449 2532 1461 2558 ³
1482 2534 1528 2567 Id.
1552 2545 1590 2575 n,
1605 2535 1637 2567 8.

1796 2700 1799 2781 ι

1796 2793 1800 2968 ἓ

1796 2988 1799 3087 ε

1706 3091 1799 3253 Ji

1768 1441 1769 1448 ¹
1799 1441 1802 1479 Ι

1766 1546 1767 1565 ι

1764 1634 1766 1685 f

1760 1890 1762 1916 l

1759 1917 1761 1934 1

1794 2296 1801 2623 ἵ
