1815 3253
363 190 604 220 minuto
637 193 680 219 ni
716 191 917 220 PsALMUM
950 192 1111 219 cxxxix.
1354 181 1433 220 351

49 273 136 302 non
167 256 372 317 loquatur
389 291 400 311 ,
435 255 510 300 sed
532 266 582 300 ut
613 254 669 300 de
695 254 770 301 illo
791 256 1023 301 locutionis
1045 257 1239 301 officium
1258 257 1402 316 exigat
1427 276 1436 302 z

49 326 257 387 gaudium
289 336 436 371 autem
469 326 778 372 taciturnitatis
807 328 968 372 habeat
994 328 1041 371 in
1074 326 1328 383 voluntate,
1359 343 1439 372 vo-

49 413 142 443 cem
169 397 383 442 doctrinae
418 397 462 440 in
483 398 750 442 necessitate.
785 397 969 450 Quando
992 398 1108 441 enim
1129 413 1239 458 opus
1255 407 1318 442 est
1336 413 1443 442 voce

48 468 259 514 doctrinae
276 470 294 510 ?
317 468 504 522 Quando
522 470 683 528 poteris
699 469 977 528 imperitum?
991 468 1180 522 Quando
1197 469 1355 529 pateris
1371 470 1442 514 in-

48 539 244 584 doctum.
272 539 315 583 Si
338 554 507 599 semper
531 549 572 583 te
594 539 782 584 delectat
800 540 957 584 docere
974 575 985 594 ‚
1006 555 1176 599 semper
1196 541 1259 584 vis
1277 541 1443 584 'habere

48 610 298 669 imperitum
311 625 441 669 quem
459 610 628 654 doceas.
645 610 688 655 Si
710 619 857 654 autem
873 609 1111 654 benevolus
1125 624 1185 665 es,
1201 619 1244 654 et
1265 611 1328 655 vis
1345 626 1442 655 om-

49 696 124 726 nes
139 681 290 725 doctos
304 696 409 735 esse,
426 696 516 725 non
529 682 592 725 vis
608 696 776 741 semper
792 681 953 725 habere
971 697 1079 741 quos
1096 680 1251 726 doceas
1266 703 1276 739 3
1292 691 1335 725 et
1353 697 1443 726 non

48 752 127 796 erit
145 751 189 794 in
210 750 435 795 voluntate
452 752 702 796 exercitatio
719 750 787 795 vel
803 752 1003 811 probatio
1018 751 1229 796 doctrinae
1247 761 1351 808 tuae,
1368 751 1443 796 sed

47 822 93 867 in
116 822 382 866 necessitate.
396 821 615 866 Gaudium
635 822 715 866 tibi
737 822 851 866 sitin
869 822 1093 867 auditione
1108 823 1198 877 Dei,
1214 823 1442 868 necessitas

31 892 130 951 'tibi
152 892 206 935 sit
226 893 269 936 in
291 892 512 936 locutione
526 902 603 936 tua
629 911 638 937 :
665 901 709 936 et
721 908 810 936 non
827 892 909 936 eris
932 892 997 936 vir
1019 892 1262 951 linguosus,
1279 909 1334 936 ne
1353 907 1442 938 non

48 963 260 1021 dirigaris.
277 965 422 1016 Quare
448 963 588 1023 loqui,
605 962 757 1008 audire
780 979 870 1007 non
892 964 954 1008 vis
969 965 987 1007 P
1005 966 1183 1023 Semper
1205 962 1319 1008 foras
1338 965 1442 1019 exis,

48 1034 163 1079 intro
198 1032 337 1077 redire
371 1032 600 1077 detrectas.
638 1034 723 1086 Qui
757 1034 874 1077 enirn
910 1043 952 1077 te
980 1032 1108 1078 docet
1127 1069 1138 1089 ,
1180 1035 1299 1078 intus
1340 1043 1405 1079 est
1430 1054 1442 1079 ε

49 1105 226 1165 quando
242 1114 291 1148 tu
312 1104 458 1159 doces,
475 1113 685 1163 tanquam
697 1104 812 1147 foras
830 1104 916 1148 exis
937 1105 993 1147 ad
1010 1119 1082 1148 eos
1099 1104 1175 1163 qui
1196 1103 1300 1148 foris
1321 1114 1438 1149 sunt.

48 1175 117 1223 Ab
138 1174 344 1219 interiore
372 1174 487 1217 enim
513 1173 714 1217 audimus
736 1174 963 1217 veritatem
977 1208 987 1227 ,
1014 1183 1057 1217 et
1077 1175 1133 1217 ad
1150 1189 1222 1218 eos
1240 1174 1317 1234 qui
1339 1175 1443 1219 foris

50 1261 74 1290 a
101 1255 251 1290 nostro
278 1244 410 1289 corde
443 1253 572 1298 sunt,
598 1243 837 1304 loquimur.
866 1242 997 1297 Quod
1024 1244 1139 1288 enim
1161 1244 1348 1289 dicimur
1370 1261 1443 1290 eos

49 1316 94 1361 in
115 1315 247 1361 corde
269 1316 452 1370 habere,
477 1314 534 1358 de
550 1314 711 1375 quibus
734 1315 976 1373 cogitamus
995 1331 1006 1358 :
1027 1315 1269 1359 secundum
1291 1332 1444 1376 quam-

50 1387 150 1431 dam
171 1386 406 1444 imaginem
437 1384 645 1439 dicimur,
672 1400 805 1444 quam
843 1385 898 1428 de
920 1384 1004 1428 illis
1028 1384 1241 1430 habemus
1262 1386 1444 1446 impres-

0 1489 2 1511 ;
49 1472 153 1502 sam.
180 1460 288 1501 Nam
311 1456 345 1500 si
368 1455 548 1499 omnino
564 1455 682 1499 intus
698 1455 778 1514 ipsi
800 1465 957 1508 essent,
983 1456 1144 1500 scirent
1165 1458 1318 1517 utique
1334 1457 1442 1518 quid

49 1529 94 1574 in
121 1528 251 1574 corde
275 1537 423 1572 nostro
447 1537 585 1585 esset,
620 1536 753 1586 atque
769 1526 830 1570 ita
850 1535 900 1570 ut
922 1527 980 1570 eis
1003 1525 1306 1587 loqueremur,
1331 1538 1441 1588 opus

0 1639 3 1647 .
50 1616 139 1645 non
161 1609 283 1644 esset.
312 1599 355 1643 Si
377 1608 522 1642 autem
542 1598 625 1642 hoc
649 1607 691 1641 te
714 1597 916 1652 delectat,
936 1599 1057 1657 quod
1078 1596 1178 1643 foris
1196 1600 1285 1658 agis
1307 1620 1317 1645 ι
1341 1600 1441 1644 vide

0 1684 2 1691 ’
50 1687 105 1716 ne
132 1680 344 1715 tumescas
378 1670 483 1714 foris
496 1705 512 1725 ,
542 1679 586 1713 et
607 1685 697 1713 non
719 1668 853 1728 possis
878 1670 1018 1712 redire
1037 1685 1116 1729 per
1137 1680 1364 1727 angustam
1398 1681 1442 1716 et

0 1781 4 1789 .
51 1758 138 1787 non
157 1741 289 1801 possit
308 1740 385 1784 tibi
409 1741 554 1784 dicere
578 1743 690 1783 Deus
712 1749 816 1783 tuus
837 1758 844 1782 z
875 1759 894 1781 «
921 1742 1040 1783 Intra
1058 1740 1102 1782 in
1125 1740 1332 1798 gaudium
1356 1745 1442 1787 Do-

0 1835 5 1870 ῐ
54 1830 78 1854 »
109 1812 216 1856 mini
235 1812 329 1855 tui1
355 1830 364 1855 z
395 1829 415 1852 υ
445 1810 521 1853 sed
553 1809 670 1853 dicat
698 1809 801 1864 tibi,
822 1809 924 1868 quia
946 1809 1186 1853 forinsecus
1208 1821 1298 1855 erat
1319 1812 1441 1872 quod

0 1912 6 1942 3
53 1884 225 1938 amasti,
266 1902 286 1924 «
312 1882 462 1941 Ligate
484 1880 522 1924 ei
546 1896 701 1924 manus
731 1889 775 1924 et
807 1881 938 1940 pedes
959 1916 969 1934 ,
1001 1890 1045 1924 et
1071 1881 1230 1925 mittite
1263 1898 1363 1927 eum
1395 1884 1441 1928 in

0 1987 4 2013 ζ
54 1972 75 1996 »
114 1955 314 1998 tenebras
343 1951 575 1996 exteriores
591 1953 623 1994 2.
653 1969 673 1991 n
702 1950 786 1995 Ubi
808 1951 924 1994 enim
953 1951 1143 1995 ostendit
1167 1952 1330 1997 malum
1352 1969 1442 1999 esse

0 2053 6 2083 2
52 2025 166 2068 mitti
186 2023 371 2067 exterius
388 2057 399 2077 ,
425 2022 484 2066 ibi
518 2020 708 2065 ostendit
735 2021 902 2065 bonum
932 2037 1022 2066 esse
1051 2022 1212 2066 intrare
1239 2024 1436 2070 interius.

0 2119 7 2154 1
51 2098 159 2141 Nam
187 2109 311 2139 servo
347 2094 466 2137 bono
500 2093 608 2152 quid
639 2091 782 2135 dixit?
815 2095 933 2136 Intra
970 2093 1014 2136 in
1036 2094 1243 2152 gaudium
1267 2097 1441 2141 Domini

1 2158 21 2226 .l
53 2166 131 2211 tui.
156 2165 273 2211 Malo
297 2173 444 2208 autem
465 2178 589 2207 servo
609 2197 620 2217 ‚
646 2162 846 2222 Projicite
876 2162 1001 2206 illum
1024 2164 1068 2207 in
1099 2166 1299 2211 tenebras
1322 2177 1442 2212 exte-

0 2236 21 2286 ,ἰ
54 2238 200 2281 riores.
228 2238 326 2280 Non
353 2249 454 2292 ergo
476 2248 670 2277 amemus
692 2234 828 2292 magis
860 2235 1071 2279 exteriora
1087 2270 1097 2289 ,
1124 2235 1199 2280 sed
1216 2237 1436 2283 interiora.

0 2300 21 2357 ‚l
55 2311 115 2354 De
130 2306 409 2352 interioribus
432 2304 698 2364 gaudeamus
726 2323 735 2348 z
756 2304 801 2348 in
823 2306 1107 2350 exterioribus
1124 2316 1272 2352 autem
1293 2325 1442 2355 neces-

0 2396 21 2439 1³
55 2381 222 2425 sitatem
242 2378 503 2432 habeamus,
529 2391 619 2420 non
634 2375 922 2421 voluntatem.
956 2396 977 2419 «
1004 2379 1080 2422 Vir
1100 2378 1324 2438 linguosus
1351 2398 1442 2427 non

0 2505 8 2522 ι
58 2469 78 2492 »
112 2450 322 2508 dirigetur
338 2463 470 2508 super
491 2457 665 2492 terram.
689 2464 710 2488 »

103 2542 112 2560 ¹
132 2535 247 2568 Matth.
265 2545 345 2576 xxv,
364 2543 402 2567 21
425 2533 523 2566 et23.
544 2548 587 2555 —
605 2532 678 2565 ²1d.
701 2542 784 2574 xxii,
804 2532 854 2564 13.
