1815 3253
367 234 450 280 332
804 250 838 280 s.
873 249 1104 281 Atreus-nm
1125 255 1307 282 EPIScoPI

369 337 389 360 «
425 316 623 362 Perfecto
648 316 783 362 odio?
808 336 828 359 »
853 318 1041 362 Oderam
1067 319 1113 363 in
1134 320 1191 364 eis
1209 320 1455 380 iniquitates
1478 334 1627 364 eorum
1646 355 1657 375 ‚
1678 320 1746 364 di-

364 388 552 446 ligebam
576 387 870 433 conditionem
893 398 1028 433 tuam'.
1051 392 1143 434 Hoc
1160 400 1223 435 est
1237 390 1430 450 perfecto
1453 390 1552 435 odio
1575 389 1713 435 odisse
1731 426 1742 447 ‚

364 467 414 502 ut
436 474 516 502 nee
537 468 715 518 propter
735 459 837 503 vitia
855 460 1051 504 homines
1073 460 1235 514 oderis,
1256 477 1334 505 nec
1355 461 1459 505 vitia
1476 470 1653 520 propter
1666 462 1746 505 ho-

363 530 502 574 mines
524 529 690 589 diligas.
726 533 834 576 Nam
863 546 962 575 ecce
984 531 1084 575 vide
1117 530 1225 591 quid
1259 531 1467 592 adjungat
1486 567 1497 586 ‚
1537 532 1747 576 «Inimici
1812 569 1815 594 7

318 612 321 615 '
366 618 388 642 »
424 599 525 645 facti
547 611 648 645 sunt
685 601 805 645 mihi.
833 619 852 642 n
874 604 971 646 Non
990 602 1079 661 jam
1102 610 1272 645 tantum
1306 601 1408 657 Dei,
1435 601 1509 646 sed
1537 617 1635 646 suos
1663 602 1748 645 ini·
1813 641 1815 645 .

363 671 496 715 micos
519 670 724 715 ostendit.
752 670 984 725 Quomodo
1005 687 1107 730 ergo
1135 672 1180 716 in
1209 671 1267 716 eis
1295 672 1495 731 implebit
1515 707 1526 727 ‚
1561 681 1604 716 et
1628 672 1748 732 quod
1812 663 1815 715 i

363 741 453 800 ipse
475 741 607 796 dixit,
642 760 661 783 «
686 744 839 786 Nonne
858 757 929 785 eos
952 741 1027 802 qui
1059 741 1242 786 oderant
1265 752 1328 793 te,
1355 742 1454 786 odio
1475 743 1632 799 habui3
1660 760 1679 783 »
1705 752 1748 786 et

362 810 484 869 quod
509 811 718 854 Dominus
740 812 969 870 praecepit,
1003 811 1176 870 Diligite
1199 812 1395 856 inimicos
1418 813 1610 857 vestros?
1634 815 1749 865 Quo·

361 883 496 926 modo
518 882 718 942 implebit
738 883 822 927 hoc
842 918 852 938 ‚
878 883 959 927 nisi
977 883 1053 927 illo
1084 883 1278 942 perfecto
1306 883 1431 942 odio3
1455 893 1505 928 ut
1521 885 1605 928 hoc
1626 885 1670 927 in
1689 885 1748 928 eis

363 953 505 998 oderit
527 953 647 1014 quod
669 954 808 1015 iniqui
830 963 932 998 sunt
947 990 957 1009 ‚
974 955 1058 999 hoc
1078 954 1226 1013 diligat
1248 956 1366 1015 quod
1386 956 1585 1000 homines
1613 957 1748 998 sunt?
1812 993 1815 1013 ·,

361 1025 470 1069 Nam
511 1033 554 1068 et
596 1033 792 1083 tempore
835 1025 1004 1069 Veteris
1041 1026 1302 1069 Testamenti
1321 1061 1331 1080 ,
1381 1041 1469 1085 quo
1505 1024 1748 1069 visibilibus
1813 1066 1815 1081 2

361 1094 582 1154 suppliciis
606 1095 787 1139 earnalis
811 1095 998 1154 populus
1024 1096 1320 1151 coercebatur,
1345 1096 1478 1139 homo
1498 1095 1550 1138 ad
1573 1097 1745 1140 Novum

363 1167 687 1209 Testamentum
717 1181 793 1225 per
827 1166 1159 1224 intelligentiam
1187 1167 1407 1224 pertinens
1444 1164 1634 1209 famulus
1668 1165 1745 1209 Dei

359 1237 530 1292 Moyses
549 1270 560 1288 ‚
586 1235 809 1295 quomodo
831 1234 981 1279 oderat
999 1245 1223 1294 peccantes
1244 1271 1254 1289 ‚
1274 1250 1374 1279 cum
1398 1251 1478 1294 pro
1500 1235 1558 1278 eis
1573 1235 1741 1289 orabat,

360 1313 403 1348 et
435 1306 656 1364 quomodo
687 1321 775 1350 non
810 1305 985 1360 oderat,
1016 1321 1115 1349 cum
1146 1321 1218 1350 eos
1243 1305 1493 1360 occidebat,
1531 1305 1613 1349 nisi
1643 1306 1744 1364 quia

358 1374 553 1433 perfecto
576 1376 676 1420 odio
705 1376 856 1420 oderat
873 1378 973 1420 eos?
990 1379 1053 1420 Ea
1071 1391 1260 1437 namque
1282 1376 1551 1435 perfectione
1565 1375 1624 1420 sic
1647 1375 1746 1420 ode·
1770 1372 1776 1441 Ι

358 1455 424 1489 rat
447 1445 723 1506 iniquitatem
739 1482 748 1500 ‚
784 1462 916 1506 quam
940 1447 1177 1506 puniebat,
1203 1456 1254 1491 ut
1275 1445 1475 1506 diligeret
1496 1446 1744 1490 humanita-
1769 1443 1776 1519 l

360 1524 470 1570 tem,
491 1532 571 1575 pro
591 1533 677 1576 qua
699 1517 866 1561 orabat.

416 1589 580 1630 XXIX.
607 1589 719 1631 Cum
755 1603 857 1646 ergo
880 1603 1035 1646 corpus
1057 1587 1213 1632 Christi
1246 1587 1299 1631 ab
1335 1587 1476 1646 impiis
1506 1595 1549 1630 et
1587 1587 1744 1646 iniquis

358 1657 488 1700 etiam
511 1657 793 1716 corporaliter
825 1659 870 1701 in
905 1659 991 1702 fine
1019 1657 1308 1718 separandum
1328 1694 1338 1712 ‚
1376 1673 1494 1702 nunc
1525 1657 1641 1701 inter
1672 1671 1744 1701 eos

357 1727 530 1770 interim
550 1738 692 1787 gemat
719 1748 727 1773 :
754 1738 797 1773 et
819 1744 920 1773 cum
937 1729 999 1772 illi
1025 1729 1152 1774 occisi
1186 1738 1434 1788 peccatores
1457 1737 1664 1788 tanquam
1689 1727 1744 1771 de

359 1795 573 1841 malorum
597 1799 904 1842 communione
939 1799 1064 1843 bonis
1097 1798 1406 1843 calumniando
1427 1834 1437 1853 ,
1475 1807 1518 1842 et
1551 1813 1595 1841 se
1622 1798 1744 1857 quasi

358 1883 435 1927 per
462 1868 730 1913 occasionem
756 1869 969 1913 malorum
993 1870 1127 1928 magis
1158 1885 1179 1913 a
1203 1870 1327 1914 bonis
1364 1879 1407 1913 et
1437 1869 1744 1927 innocentibus
1763 1878 1770 2128 Ι

359 1939 620 1997 separando,
661 1940 720 1984 sic
754 1940 966 2000 accipiant
1002 1941 1048 1984 in
1081 1941 1292 1985 vanitates
1315 1941 1510 1985 civitates
1538 1955 1659 1994 suas,
1694 1948 1752 1984 ut*

357 2008 485 2052 multi
509 2009 609 2053 mali
648 2009 791 2054 adhuc
813 2020 999 2066 restent,
1027 2011 1102 2070 qui
1132 2027 1283 2056 eorum
1313 2011 1623 2070 separationem
1654 2025 1743 2054 non

357 2089 619 2139 sequantur,
645 2080 719 2123 sed
737 2096 757 2123 a
784 2080 908 2125 bonis
933 2097 1070 2141 usque
1091 2081 1137 2123 in
1170 2083 1300 2124 finem
1330 2079 1541 2124 tolerandi
1563 2115 1573 2135 ‚
1600 2080 1644 2123 in
1676 2095 1744 2124 ea-

358 2149 458 2192 dem
480 2150 764 2208 permixtione
786 2160 1038 2194 remaneant
1059 2170 1067 2194 :
1089 2151 1196 2210 quid
1224 2151 1337 2194 inter
1359 2151 1451 2194 haec
1474 2151 1562 2209 agit
1585 2165 1742 2209 corpus
1807 2193 1810 2196 Α

357 2219 541 2273 Christi,
566 2221 652 2263 sive
684 2229 917 2264 centenum
938 2255 948 2274 ‚
984 2221 1071 2263 sive
1102 2235 1362 2279 sexagenum
1380 2256 1390 2275 ,
1417 2221 1504 2264 sive
1528 2221 1741 2264 tricenum

357 2290 551 2334 fructum
588 2291 771 2334 afferens
806 2306 906 2334 cum
944 2284 1227 2335 tolerantiass?
1262 2291 1377 2344 Quid
1423 2292 1509 2349 agit
1548 2291 1740 2350 proxima

359 2361 518 2405 Christi
530 2361 574 2403 in
592 2360 733 2405 medio
751 2360 954 2415 filiarum,
973 2361 1084 2405 sicut
1094 2361 1234 2404 lilium
1254 2361 1299 2404 in
1316 2361 1460 2405 medio
1475 2361 1741 2420 spinarum?

360 2434 468 2484 Quae
490 2441 591 2475 sunt
609 2447 736 2476 voces
762 2433 884 2492 ejus?
905 2448 1004 2491 quae
1022 2433 1312 2476 conscientia?
1333 2448 1431 2491 quae
1464 2431 1624 2490 species
1640 2429 1740 2473 filiae

359 2502 469 2560 regis
500 2503 817 2546 intrinsecus3?
845 2505 957 2547 Ecce
980 2503 1081 2546 audi
1112 2501 1220 2561 quid
1248 2500 1364 2546 dicat
1397 2520 1406 2545 :
1445 2521 1463 2542 «
1501 2500 1639 2545 Proba
1669 2514 1738 2543 me

1758 2538 1761 2571 Ι

410 2593 418 2608 ¹
440 2585 551 2618 Matih.
574 2597 641 2627 xm,
661 2586 717 2628 23,
737 2591 769 2618 et
787 2588 862 2619 Luc
878 2598 947 2627 vm,
974 2586 1024 2618 15.
1045 2603 1085 2608 —
1106 2593 1117 2609 ‘¹
1133 2589 1222 2619 Cant.
1245 2597 1277 2624 n,
1305 2594 1334 2616 2,
1358 2603 1397 2608 -
1419 2584 1431 2608 3
1452 2585 1529 2617 Psal.
1549 2594 1635 2623 μιν,
1658 2581 1707 2624 14.
1757 2575 1760 2639 Ι

1757 2646 1759 2666 i

1756 2677 1759 2708 Ι

1756 2769 1757 2799 l

1755 2814 1757 2845 Ι
