1815 3253
368 222 451 262 324
816 236 850 261 s.
885 232 1114 261 AUGUSTINI
1146 233 1325 262 Eiuscom

366 304 572 357 putarent
593 311 664 341 eos
684 296 858 342 miseros
886 297 977 341 fieri
998 297 1372 357 persecutionibus
1394 297 1495 341 suis.
1526 296 1594 341 llli
1627 297 1744 341 enim
1769 310 1781 324 ··

364 383 436 412 eos
456 383 506 411 ex
521 383 597 411 sua
613 368 863 412 infirmitate
884 368 1198 428 conjiciebant,
1223 368 1300 428 qui
1322 383 1410 413 non
1432 368 1656 412 habebant
1672 384 1744 412 os-

363 453 458 481 sum
477 436 780 481 absconditum
798 438 977 482 interius
1002 457 1011 482 :
1031 437 1096 481 illi
1111 450 1230 493 vero,·
1250 439 1326 498 qui
1344 438 1579 493 habebant,
1600 439 1744 483 homi-
1789 482 1792 486 ,

361 507 493 551 nibus
506 506 607 552 foris
622 508 763 551 tristes
777 507 1056 563 videbantur,
1076 508 1193 552 intus
1208 517 1354 552 autem
1368 508 1617 567 gaudebant
1629 511 1742 567 De03

361 579 433 624 cui
455 595 545 624 non
566 588 657 623 erat
670 578 975 623 absconditum
995 594 1140 624 ossum
1154 579 1363 638 ipsorum,
1383 578 1504 639 quod
1522 577 1683 623 fecerat
1697 580 1745 623 in

362 651 632 695 abscondito.
664 652 814 710 Aperit
847 660 992 695 autem
1020 651 1104 695 hoc
1132 666 1272 695 ossum
1306 651 1351 694 in
1373 650 1626 695 abscondito
1650 649 1743 695 fac-

361 731 454 766 tum
478 738 501 765 a
523 725 614 766 Deo
642 722 759 765 idem
781 720 999 781 apostolus
1017 721 1178 766 Paulus
1195 756 1206 777 ‚
1227 722 1292 766 his
1313 722 1482 766 verbis:
1512 740 1532 763 «
1557 724 1653 766 Nou
1673 737 1744 766 so-

359 810 380 833 »
415 791 509 835 lum
532 800 701 846 autem,
727 791 892 852 inquit,
922 793 998 835 sed
1019 792 1150 836 etiam
1171 791 1405 850 gloriamur
1432 792 1476 835 in
1493 791 1742 836 tribulatio-

360 880 379 903 »
415 862 559 906 nibus.
574 879 594 902 τ»)
621 865 779 905 Parum
801 871 865 906 est
882 861 982 922 quia
1000 877 1090 906 non
1111 878 1154 906 es
1172 862 1303 906 tristis
1320 897 1331 917 ⁷
1356 861 1432 906 sed
1453 871 1497 905 et
1518 861 1743 919 gloriaris?

357 931 552 977 Sufficiat
575 931 654 975 tibi
674 932 840 976 tristem
863 947 953 976 non
978 947 1082 976 esse.
1109 935 1268 976 Parum
1290 941 1380 987 est,
1403 931 1574 991 inquit,
1596 932 1742 977 Chris-

353 1002 480 1046 tianis
506 1021 514 1046 :
540 1001 626 1046 tale
644 1018 788 1047 ossum
809 1002 916 1045 mihi
937 1001 1042 1046 fecit
1064 1002 1109 1045 in
1131 1002 1387 1046 abscondito
1403 1036 1413 1056 ‚
1439 1011 1490 1045 ut
1507 1018 1661 1061 parum
1686 1003 1741 1047 sit

315 1119 321 1127 ,
352 1088 442 1116 non
466 1070 636 1130 frangi,
668 1072 748 1115 nisi
770 1072 899 1115 etiam
928 1071 1099 1130 glorier.
1127 1071 1251 1116 Unde
1269 1071 1498 1130 gloriaris?
1521 1075 1572 1116 In
1596 1072 1740 1116 tribu-

350 1143 586 1188 lationibus
603 1178 613 1198 ‚
645 1144 826 1187 scientes
862 1144 963 1203 quia
986 1143 1211 1187 tribulatio
1233 1144 1487 1202 patientiam
1515 1153 1735 1202 operatur.

349 1214 461 1259 Vide
491 1214 714 1274 quomodo
742 1214 929 1258 formata
959 1216 1012 1258 sit
1047 1214 1121 1258 illa
1143 1215 1325 1258 firmitas
1347 1215 1464 1258 intus
1500 1214 1547 1257 in
1569 1214 1700 1259 corde
1725 1234 1736 1261 ι

353 1304 374 1327 α
411 1285 602 1330 Scientes
631 1285 839 1344 quoniam
877 1284 1104 1328 tribulatio
1138 1285 1392 1343 patientiam
1415 1295 1643 1344 operatur,
1667 1302 1741 1345 pa·
1784 1295 1786 1310 ¹

411 1355 562 1398 tientia
595 1354 896 1413 probationem
913 1389 924 1409 ,
960 1354 1158 1413 probatio
1180 1369 1298 1413 spem
1315 1390 1325 1409 ,
1363 1370 1458 1414 spes
1480 1365 1626 1399 autem
1648 1371 1740 1400 non

353 1444 373 1467 »
410 1424 642 1470 confundit
674 1445 682 1469 :
708 1425 914 1485 quoniam
947 1425 1132 1468 charitas
1161 1425 1238 1469 Dei
1260 1425 1419 1469 diffusa
1442 1435 1504 1470 est
1527 1426 1572 1468 in
1594 1425 1740 1470 cordi-

354 1516 365 1538 ›
410 1496 491 1540 bus
522 1496 678 1540 nostris
711 1511 788 1554 per
824 1495 1032 1554 Spiritum
1063 1504 1288 1549 sanetum,
1328 1495 1404 1555 qui
1426 1495 1552 1540 datus
1573 1505 1636 1539 est
1658 1512 1737 1541 no-

351 1583 372 1607 »
408 1566 518 1609 bisl.
548 1584 568 1607 »
597 1566 665 1610 Sic
687 1564 924 1609 formatum
948 1574 1079 1624 atque
1111 1566 1332 1608 firmatum
1367 1575 1431 1609 est
1458 1582 1602 1610 ossum
1627 1566 1738 1612 illud

349 1636 655 1680 absconditum
675 1671 686 1690 ,
711 1645 761 1679 ut
782 1635 910 1679 faciat
928 1651 1007 1679 nos
1029 1635 1157 1680 etiam
1181 1635 1353 1693 gloriari
1371 1636 1416 1678 in
1440 1635 1736 1680 tribulationi-

349 1708 447 1751 bus.
477 1706 560 1752 Sed
588 1706 786 1751 videmur
816 1705 1067 1750 hominibus
1094 1705 1263 1760 miseri,
1296 1706 1398 1765 quia
1430 1706 1734 1752 absconditum

349 1788 414 1822 est
435 1779 493 1822 eis
515 1777 636 1837 quod
652 1778 864 1821 habemus
882 1776 1154 1820 intrinsecus.
1181 1796 1200 1817 «
1225 1779 1323 1821 Non
1346 1785 1409 1819 est
1430 1777 1735 1822 absconditum

354 1868 374 1891 1)
411 1864 457 1893 os
478 1863 626 1892 meum
651 1865 675 1891 a
692 1856 735 1890 te
750 1882 760 1902 ‚
786 1845 906 1906 quod
930 1844 1068 1889 fecisti
1090 1847 1136 1889 in
1158 1846 1411 1891 abscondito
1439 1866 1447 1889 :
1468 1856 1511 1890 et
1531 1847 1734 1891 substan-

351 1938 373 1961 »
408 1920 468 1962 tia
493 1934 590 1962 mea
605 1952 615 1972 ‚
633 1918 679 1960 in
700 1916 978 1960 inferioribus
1001 1925 1141 1959 terrae.
1159 1933 1179 1957 »
1201 1919 1313 1960 Ecce
1335 1917 1378 1960 in
1398 1932 1528 1960 carne
1550 1927 1613 1961 est
1634 1917 1734 1961 sub-

350 1990 508 2034 stantia
529 2003 649 2039 mea,
679 1988 724 2031 in
742 1987 1021 2031 inferioribus
1046 1996 1170 2030 terrae
1191 1995 1254 2030 est
1276 1986 1512 2031 substantia
1535 2003 1629 2031 mea
1656 2007 1665 2032 :
1690 1997 1733 2032 et

354 1373 373 1396 '6

363 1516 372 1537 v

351 2060 493 2103 habeo
513 2068 659 2103 tamen
681 2072 823 2102 ossum
843 2057 1121 2111 intrinsecus,
1145 2056 1266 2115 quod
1286 2055 1506 2111 formasti,
1528 2057 1647 2116 quod
1664 2057 1732 2102 fa-
1783 2106 1786 2109 Δ
1804 2055 1814 2088 ῑ”

350 2132 436 2175 ciat
471 2146 540 2173 me
571 2145 661 2173 non
694 2129 846 2172 cedere
880 2127 1080 2171 omnibus
1115 2127 1486 2185 persecutionibus
1520 2127 1732 2173 inferioris
1775 2179 1779 2181 Α

349 2201 478 2258 hujus
499 2199 706 2257 regionis,
744 2197 821 2240 ubi
839 2206 901 2240 est
916 2196 1059 2240 adbuc
1083 2197 1323 2241 substantia
1346 2213 1455 2240 mea.
1483 2199 1598 2251 Quid
1615 2201 1730 2243 enim
1775 2219 1778 2224 ’

352 2285 562 2329 magnum
586 2278 648 2312 est
666 2303 677 2323 ,
702 2268 734 2311 si
755 2267 875 2311 fortis
898 2276 961 2310 est
982 2268 1204 2326 Angelus?
1221 2271 1427 2325 Magnum
1446 2279 1524 2323 cst,
1556 2271 1587 2313 si
1612 2270 1732 2315 fortis

348 2350 411 2384 est
434 2355 548 2384 caro.
575 2341 632 2382 Et
660 2337 778 2382 unde
800 2337 922 2381 fortis
945 2353 1043 2381 caro
1058 2373 1068 2392 ‚
1091 2338 1208 2381 unde
1235 2339 1346 2382 forte
1369 2354 1440 2382 vas
1463 2340 1594 2383 fictile
1609 2375 1619 2394 ‚
1646 2341 1729 2384 nisi

348 2411 449 2470 quia
467 2409 631 2453 factum
655 2418 718 2452 est
738 2408 797 2451 ibi
821 2423 965 2452 ossum
988 2410 1032 2451 in
1055 2408 1342 2452 abscondito?
1368 2428 1387 2450 «
1408 2412 1464 2453 Et
1486 2411 1728 2456 substantia
1789 2409 1800 2462 {³

353 2500 371 2521 »
409 2495 503 2523 mea
526 2480 569 2522 iu
592 2478 868 2522 inferioribus
887 2483 1071 2521 tei-raes»

400 2571 406 2586 ¹
427 2568 503 2595 Itoni
539 2575 569 2600 v,
587 2564 654 2594 3-5.
