1815 3253
323 184 406 223 468
745 192 780 218 s.
815 188 1046 218 Aucusnm
1077 191 1257 218 ErlsCOPl

324 278 344 300 »
380 255 578 301 nedicam
613 263 668 298 tc.
710 272 728 295 n
764 257 859 313 Ipse
890 253 1050 308 Filius,
1087 254 1176 313 ipse
1207 254 1397 308 Unicus,
1430 254 1517 313 pati
1551 252 1702 310 utique

318 336 494 373 venerat
508 362 519 383 ,
537 326 701 372 solvere
719 324 840 385 quod
857 340 946 369 non
958 323 1171 380 debebat,
1191 326 1301 370 mori
1321 325 1368 368 in
1381 324 1584 369 manibus
1604 337 1703 382 pec-

317 408 515 444 catorum
530 433 540 452 ‚
568 396 775 456 sanguine
807 411 886 440 suo
908 394 1052 440 delere
1075 395 1414 456 chirographum
1437 395 1585 440 mortis
1604 409 1704 437 nos-

322 480 397 514 trae
419 491 429 526 3
454 469 510 513 ad
532 469 613 514 hoc
635 474 841 524 venerat3
863 475 907 510 et
930 475 1075 511 tamen
1095 474 1145 510 ut
1173 466 1252 511 tibi
1292 465 1539 511 ostenderet
1562 479 1707 509 exem-

320 539 441 599 plum
465 538 708 599 patientiae,
733 536 1058 595 transfiguravit
1078 551 1235 596 corpus
1255 537 1510 581 humilitatis
1546 543 1704 580 nostrae

319 609 545 654 conforme
560 607 731 667 corpori
750 606 899 665 gloriae
912 607 1017 650 suae²
1027 640 1036 649 .
1046 609 1215 660 »Pater,
1227 606 1384 666 inquit,
1396 606 1431 650 si
1444 605 1532 649 fieri
1544 612 1701 665 potest,

318 687 507 724 transeat
527 677 636 723 calix
656 677 735 721 iste
753 693 776 720 a
798 692 867 720 me
883 680 916 720 ².
944 695 964 718 »
990 678 1047 721 Et
1067 685 1118 721 ut
1148 676 1370 736 impleret,
1396 676 1593 737 quamvis
1616 689 1705 719 non

315 749 532 809 acciperet
552 747 673 808 quod
694 756 840 807 petere
861 746 1093 792 videbatur
1108 782 1119 803 ‚
1148 766 1168 790 «
1196 751 1276 792 Per
1299 746 1488 805 singulos
1511 746 1601 790 dies
1623 746 1704 790 be-

318 839 338 862 »
373 820 575 865 nedicam
598 829 640 863 tc
667 838 676 863 :
701 821 866 862 Verum
889 834 984 863 non
1007 818 1128 878 quod
1145 834 1225 877 ego
1245 818 1368 873 volo,
1395 818 1473 873 ait,
1494 817 1569 862 sed
1585 817 1706 876 quod

319 909 340 933 »
362 899 412 936 tu
427 890 507 945 vis,
534 893 678 934 Pater.
700 888 828 932 Oculi
850 888 1046 933 omnium
1068 889 1114 932 in
1135 897 1178 934 te
1199 898 1388 949 sperant,
1409 898 1452 933 et
1469 897 1518 933 tu
1539 887 1615 933 das
1637 903 1706 936 es-

320 978 340 1002 »
377 976 473 1005 cam
493 959 577 1004 illis
601 960 646 1003 in
668 958 1009 1019 opportunitate.
1037 976 1057 1000 >›

376 1033 478 1076 XX.
502 1050 522 1072 «
544 1031 696 1090 Aperis
718 1039 768 1074 tu
788 1045 969 1074 manum
991 1039 1134 1085 tuam,
1160 1038 1204 1074 et
1225 1028 1376 1089 imples
1397 1044 1526 1074 omne
1550 1028 1708 1073 animal

323 1120 344 1143 n
381 1099 685 1145 benedictione
700 1102 731 1144 3.
760 1118 780 1141 »
819 1100 907 1143 Etsi
926 1115 1016 1144 non
1052 1099 1128 1143 das
1161 1099 1423 1159 aliquando,
1459 1099 1534 1143 das
1564 1108 1708 1143 tamen

317 1173 366 1216 in
388 1171 713 1231 opportunitate
739 1190 748 1215 :
779 1169 950 1226 differs,
981 1186 1073 1216 non
1101 1169 1242 1215 aufers
1260 1205 1271 1226 ,
1306 1179 1348 1214 et
1371 1171 1517 1215 hocin
1548 1185 1709 1229 oppor-

320 1241 524 1285 tunitate.

378 1312 502 1354 XXI.
546 1327 566 1350 «
600 1310 749 1352 Justus
772 1307 983 1352 Dominus
1013 1309 1060 1352 in
1095 1307 1300 1353 omnibus
1333 1309 1408 1353 viis
1435 1308 1521 1353 suis
1537 1310 1568 1351 4.
1605 1325 1625 1348 »
1652 1310 1709 1352 Et

318 1380 499 1443 quando
521 1378 650 1424 caedit
667 1414 677 1435 ‚
695 1387 739 1422 et
762 1379 940 1439 quando
958 1388 1081 1423 curat
1100 1413 1110 1434 ‚
1132 1379 1272 1438 justus
1290 1387 1353 1422 est
1367 1413 1377 1433 ‚
1402 1386 1445 1422 et
1468 1378 1586 1438 apud
1607 1393 1709 1422 eum

317 1452 522 1512 iniquitas
541 1466 632 1495 non
654 1459 732 1494 est.
756 1450 952 1510 Denique
974 1466 1124 1495 omnes
1138 1450 1274 1494 sancti
1288 1450 1333 1493 in
1353 1450 1708 1495 tribulationibus

317 1521 566 1576 constituti,
591 1521 710 1581 prius
727 1519 941 1580 justitiam
966 1521 1056 1580 ejus
1077 1519 1385 1575 laudaverunt,
1405 1529 1447 1564 et
1469 1520 1527 1565 sic
1542 1521 1708 1564 benefi-

322 1595 388 1639 cia
427 1592 693 1652 petiverunt.
731 1590 854 1633 Prius
882 1589 1106 1644 dixerunt,
1144 1593 1318 1634 Justum
1342 1599 1406 1634 est
1436 1590 1557 1649 quod
1583 1589 1703 1635 facis.

321 1664 389 1709 Sic
431 1659 597 1720 rogavit
629 1658 807 1714 Daniel,
849 1659 909 1703 sic
943 1659 1014 1703 alii
1037 1659 1173 1704 sancti
1210 1676 1218 1700 ε
1250 1663 1372 1704 Justa
1407 1669 1509 1704 sunt
1545 1659 1709 1720 judicia

319 1745 393 1780 tua
410 1768 420 1789 ,
443 1733 553 1777 bene
573 1731 683 1791 passi
698 1746 869 1786 sumus,
895 1739 1012 1776 recte
1029 1731 1142 1791 passi
1160 1747 1308 1775 sumus
1322 1734 1353 1774 ⁵.
1376 1734 1474 1777 Non
1489 1730 1708 1775 dederunt

321 1809 409 1850 Deo
431 1802 711 1862 injustitiam,
737 1816 828 1845 non
851 1800 890 1844 ei
907 1800 1124 1845 dederunt
1142 1801 1415 1861 iniquitatem
1439 1810 1483 1845 et
1499 1802 1707 1860 insipien-

320 1877 439 1920 tiam.
466 1871 774 1917 Laudaverunt
802 1871 943 1930 primo
972 1871 1287 1929 flagellantem,
1321 1880 1364 1915 et
1395 1871 1453 1915 sic
1481 1881 1708 1916 senserunt

319 1945 554 1991 cibantem.
585 1961 604 1984 «
630 1944 653 1986 J
659 1950 778 1986 ustus
800 1941 1007 1985 Dominus
1030 1942 1074 1985 in
1096 1942 1298 1986 omnibus
1317 1941 1394 1985 viis
1408 1942 1507 1986 suis.
1530 1961 1548 1983 »
1570 1944 1707 1987 Nemo

318 2024 445 2077 putet
461 2014 585 2058 illum
606 2013 836 2073 injustum,
859 2013 1036 2073 quando
1053 2012 1155 2057 mali
1173 2011 1339 2072 aliquid
1364 2011 1477 2056 forte
1502 2012 1667 2072 patitur
1694 2029 1704 2055 :

318 2087 391 2132 sed
424 2085 556 2145 ipsius
582 2084 793 2144 justitiam
815 2082 993 2137 laudet,
1021 2092 1063 2126 et
1089 2098 1211 2126 suam
1238 2082 1492 2141 injustitiam
1516 2092 1702 2127 accuset.

322 2177 343 2200 α
377 2159 526 2200 Justus
548 2153 759 2198 Dominus
775 2153 820 2196 in
844 2151 1047 2195 omnibus
1069 2151 1147 2196 viis
1163 2151 1248 2195 suis
1263 2186 1273 2206 ⁷
1291 2161 1334 2196 ct
1355 2161 1528 2196 sanctus
1543 2152 1588 2196 in
1613 2168 1707 2197 om-

323 2245 343 2269 »
378 2226 507 2270 nibus
530 2223 736 2283 operibus
758 2222 861 2266 suis.
886 2241 905 2263 »

378 2297 521 2339 XXII.
532 2297 696 2351 «Prope
705 2300 768 2336 est
783 2291 990 2335 Dominus
1003 2292 1205 2336 omnibus
1219 2292 1523 2336 invocantibus
1536 2296 1671 2337 cumb}
1683 2312 1704 2336 υ

317 2369 373 2412 Et
390 2365 467 2409 ubi
489 2372 552 2408 est
575 2361 710 2417 illud,
737 2380 757 2403 «
777 2362 870 2406 Erit
889 2362 1005 2406 enim
1027 2377 1127 2407 cum
1141 2362 1410 2406 invocabunt
1435 2378 1526 2419 mc,
1551 2374 1595 2408 et
1617 2379 1706 2408 non

368 2470 375 2486 ¹
397 2461 507 2504 Philip.
528 2471 578 2501 ιιι,
599 2469 652 2491 21.
676 2475 716 2482 --
736 2466 749 2481 ²
768 2458 880 2490 Matth.
898 2468 981 2497 xxvi,
1001 2458 1054 2499 39.
1076 2475 1117 2479 --
1134 2456 1146 2479 3
1164 2457 1242 2488 Psal.
1266 2469 1367 2498 cxciv,
1391 2458 1494 2490 16.—
1513 2457 1527 2487 4
1547 2458 1626 2491 lbid.
1653 2470 1702 2501 ις.
1757 2474 1763 2481 ¹

323 2535 363 2543 -
379 2517 393 2541 5
415 2521 491 2549 Dan.
512 2528 560 2558 ιιι,
584 2525 639 2557 27,
659 2519 751 2556 etix,
765 2513 798 2556 5,
815 2517 878 2547 etc.
900 2530 942 2538 ·--
963 2512 979 2537 ⁶
998 2513 1076 2547 I'sul.
1102 2524 1209 2554 cmiv,
1234 2515 1281 2544 18.
