1815 3253
374 181 458 220 254
802 191 835 220 s.
871 191 1100 222 Aucus‘nm
1132 192 1314 222 EPISCOPI

370 256 515 300 minus
546 272 597 300 ex
632 257 733 302 Sion
751 292 761 312 ,
798 257 900 317 quia
928 258 1202 316 speculamur
1229 257 1378 318 quoad
1408 258 1554 302 veniat
1585 277 1594 303 :
1631 253 1769 305 nunc⁴

369 335 516 370 tamen
533 328 729 387 quandiu
751 328 796 371 in
815 343 889 387 spe
910 328 1110 383 vivimus,
1134 329 1179 372 in
1203 329 1306 374 Sion
1336 343 1498 371 sumus.
1526 329 1666 372 Finita
1681 330 1749 374 via

369 395 660 442 habitabimus
688 399 733 440 in
758 396 835 441 illa
866 397 1063 452 civitate,
1089 413 1187 457 quae
1210 413 1434 457 nunquam
1465 398 1631 442 ruitura
1658 407 1747 458 est3

369 466 471 525 quia
496 476 539 510 et
563 467 771 510 Dominus
792 467 961 511 habitat
983 467 1027 510 in
1049 482 1095 510 ca
1111 501 1122 521 ,
1149 475 1192 510 et
1208 467 1394 511 custodit
1417 483 1511 511 eam
1530 486 1538 511 :
1565 483 1663 527 quae
1689 476 1750 512 est

369 535 475 578 visio
498 536 613 594 pacis
628 545 789 580 aeterna
814 536 1068 591 Jerusalem,
1095 536 1208 595 pacis
1226 537 1354 591 illius,
1382 536 1533 580 fratres
1555 537 1662 590 mei,
1683 537 1751 581 cui

368 602 599 648 laudandae
634 605 782 664 lingua
816 621 905 650 non
942 606 1122 660 sufficit,
1157 606 1234 649 ubi
1269 605 1441 649 nullum
1473 606 1640 649 hostem
1662 606 1751 665 jam

367 676 600 719 sentiemus
619 691 699 720 nec
730 677 776 719 in
803 676 1021 730 Ecclesia,
1054 692 1134 720 nec
1166 686 1283 720 extra
1305 675 1539 721 Ecclesiam
1557 711 1568 730 ,
1597 691 1677 719 nec
1705 675 1751 720 in

369 761 497 789 carne
534 756 697 801 nostra,
735 762 815 791 nec
851 747 896 791 in
934 748 1195 806 cogitatione
1236 757 1395 791 nostra.
1436 746 1752 791 Absorbebitur
1811 765 1815 794 ι

368 830 483 859 mors
505 817 551 859 in
581 817 826 872 victoriam,
854 826 898 861 et
923 818 1172 862 vacabimus
1194 816 1249 861 ad
1275 816 1515 862 videndum
1538 820 1677 861 Deum
1706 817 1752 861 in

367 900 473 944 pace
497 896 657 931 aeterna
671 921 682 943 ‚
705 887 819 932 cives
842 886 1083 931 Jerusalem
1103 887 1209 932 facti
1229 887 1411 933 civitatis
1433 886 1526 931 Dei.

369 1051 1748 1069 mmmmmmrmmmmmmmmmmmmmff
1795 1058 1801 1067 ι

876 1208 1256 1256 ENARRATIO

721 1379 779 1417 IN
824 1378 1126 1418 PSALMUM
1167 1377 1398 1418 CXXXV.

426 1522 461 1562 Ι.
488 1537 508 1561 «
533 1521 830 1563 Commrnmm
846 1519 1047 1573 Domino,
1065 1519 1272 1579 quoniam
1295 1518 1457 1574 bonus,
1483 1517 1748 1577 quoniamin
1812 1543 1813 1549 κ

369 1607 388 1629 »
424 1588 634 1633 saeculum
664 1588 954 1632 misericordia
986 1589 1075 1648 ejus
1110 1591 1139 1632 1.
1182 1607 1201 1630 »
1240 1587 1434 1632 Psalmus
1466 1588 1545 1631 iste
1574 1587 1748 1631 laudem

364 1660 558 1702 continet
592 1659 689 1713 Dei,
715 1668 758 1702 et
791 1659 946 1702 eodem
978 1658 1109 1703 modo
1136 1658 1181 1701 in
1213 1659 1416 1702 omnibus
1445 1658 1530 1701 suis
1558 1658 1748 1702 versibus
1811 1673 1815 1699 ι

365 1729 637 1772 terminatur.
677 1728 864 1772 Proinde
896 1729 1091 1788 quamvis
1126 1728 1197 1771 hic
1227 1728 1273 1770 in
1303 1725 1480 1771 laudem
1506 1728 1583 1771 Dei
1611 1725 1748 1771 multa
1810 1744 1815 1757 i

364 1798 588 1853 dicantur,
622 1798 806 1841 maxime
840 1807 984 1841 tamen
1020 1799 1110 1857 ejus
1147 1797 1437 1842 misericordia
1471 1796 1748 1841 commenda-

367 1878 461 1924 tur,
487 1870 578 1912 sine
605 1870 727 1928 cujus
756 1868 1136 1914 commendatione
1165 1868 1429 1927 apertissima
1459 1867 1631 1911 nullum
1653 1882 1749 1911 ver·
1812 1884 1815 1909 1

365 1954 462 1981 sum
495 1938 637 1982 claudi
673 1938 830 1992 voluit,
868 1954 942 1996 per
980 1951 1111 1997 quem
1137 1938 1319 1997 Spiritus
1349 1946 1521 1981 sanctus
1553 1935 1748 1981 condidit
1810 1956 1815 1981 3

364 2008 599 2052 Psalmum.
621 2009 800 2053 Memini
818 2019 963 2052 autem
982 2024 1050 2051 me
1068 2009 1112 2051 in
1131 2007 1299 2052 Psalmo
1317 2008 1744 2066 centesimo-quinto,
1807 2026 1814 2051 .·,

364 2079 439 2138 qui
461 2078 656 2122 similiter
673 2078 840 2136 incipit,
858 2078 1067 2137 quoniam
1088 2077 1242 2132 codex,
1268 2093 1400 2137 quem
1423 2077 1642 2132 intuebar,
1658 2090 1746 2121 non

363 2149 522 2203 habet,
552 2167 572 2190 ι(
589 2151 641 2191 In
665 2157 905 2203 aeternum,
936 2166 956 2188 u
983 2148 1084 2202 scd,
1114 2167 1131 2187 «
1160 2151 1211 2191 In
1233 2147 1443 2192 saeculum
1457 2146 1747 2191 misericordia

367 2237 386 2260 »
423 2220 530 2278 ejus,
560 2236 578 2259 »
604 2217 804 2277 quoesisse
831 2217 938 2277 quid
963 2218 1105 2276 potius
1135 2217 1376 2276 intelligere
1399 2219 1670 2262 deberemus.
1698 2220 1746 2261 In

365 2304 505 2347 graeco
528 2289 643 2331 enim
676 2303 872 2331 sermone
895 2288 1101 2346 scriptum
1136 2297 1219 2342 est,
1259 2307 1277 2328 «
1305 2296 1344 2332 εἰς
1362 2296 1525 2328 τὸνάιῶνα.
1543 2323 1553 2342 ,
1580 2305 1599 2329 »
1626 2286 1744 2347 quod

367 2370 410 2402 et
431 2378 451 2400 «
475 2362 528 2402 In
551 2358 775 2411 saeculum,
797 2376 815 2398 »
835 2366 877 2400 et
903 2377 922 2398 «
943 2360 993 2400 In
1015 2366 1226 2401 aeternum
1252 2376 1272 2398 »
1294 2358 1565 2417 interpretari
1584 2366 1735 2417 potest.

369 2427 451 2472 Sed
482 2428 591 2487 quid
620 2425 708 2470 illic
735 2437 784 2470 ut
817 2426 941 2486 potui
971 2427 1266 2482 disseruerim,
1296 2427 1424 2471 etiam
1456 2427 1526 2471 hic
1558 2436 1742 2471 retexere

415 2518 423 2534 ¹
445 2511 523 2543 Psal.
543 2521 660 2552 cxxxv,
686 2521 713 2542 1.
