1815 3253
311 222 393 259 102
744 231 778 259 s.
816 230 1043 260 Avensa-Im
1076 235 1257 262 Emscom

308 305 515 357 praestant
535 295 721 341 mendici
739 298 757 341 Ξ)
773 297 977 343 Intendat
996 300 1191 344 Charitas
1209 308 1346 344 vestra
1365 298 1587 360 quomodo
1608 299 1685 345 fiat

306 367 594 425 eleemosyna.
619 370 746 412 Certe
777 367 964 413 mendici
999 379 1099 414 sunt
1119 372 1165 414 in
1186 386 1295 430 quos
1315 369 1421 414 facis
1443 369 1685 425 eleemosy-

305 453 406 482 nam
424 472 436 494 ‚
466 437 653 482 mendici
685 448 828 496 egent.
861 438 1096 484 Attenditis
1118 440 1229 485 forte
1259 439 1409 484 fratres
1440 449 1629 494 vestros,
1653 440 1686 484 si

309 508 456 569 aliquo
484 517 640 567 egent3
666 509 880 564 tribuitis,
916 509 950 553 si
978 519 1042 554 θεῖ
1071 510 1117 553 in
1143 510 1265 555 vobis
1292 510 1488 555 Christus
1505 545 1516 565 ,
1556 511 1686 554 etiam

306 580 475 623 exteris.
501 579 584 624 Sed
602 580 635 624 si
652 579 715 623 illi
737 589 840 624 sunt.
855 580 1042 624 mendici
1063 616 1073 634 ‚
1097 582 1173 641 qui
1194 579 1502 641 professionem
1521 581 1687 625 habent

307 649 507 709 petendi,
521 651 566 693 in
588 665 781 694 aerumna
804 660 847 694 et
869 651 948 710 ipsi
966 651 1130 695 habent
1151 652 1271 713 quod
1292 661 1498 712 praestent
1517 651 1598 695 sibi
1619 651 1687 694 in-

307 721 461 765 vicem.
487 723 585 765 Non
605 720 701 764 illos
722 721 912 765 deseruit
933 724 1061 776 Deus,
1082 723 1201 766 unde
1221 722 1484 781 probentur,
1508 722 1611 782 quia
1628 719 1688 766 fa-

308 792 428 836 ciunt
447 791 753 848 eleemosynas.
781 795 865 835 Iste
892 807 981 836 non
1008 801 1149 851 potest
1175 792 1428 851 ambulareg
1452 793 1528 853 qui
1547 801 1688 852 potest

309 862 557 917 ambulare,
586 864 718 921 pedes
752 878 851 907 suos
875 862 1175 908 accommodat
1209 863 1366 908 claudo
1392 883 1401 909 :
1432 864 1509 924 qui
1544 863 1684 920 videt,

307 932 456 976 oculos
475 947 574 976 suos
590 932 889 977 accommodat
905 949 1020 978 caeco
1036 942 1099 978 :et
1119 933 1196 994 qui
1210 935 1380 993 Juvenis
1397 942 1460 978 est
1481 942 1524 977 et
1540 949 1685 990 sanus,

306 1004 417 1047 vires
437 1019 533 1047 suas
552 1003 853 1048 accommodat
872 1004 942 1049 vel
960 1005 1051 1049 seni
1070 1004 1139 1050 vel
1160 1014 1345 1064 aegroto,
1372 1013 1514 1065 portat
1530 1003 1652 1048 illum
1674 1023 1684 1049 ε

305 1072 379 1117 ille
396 1072 565 1132 indiget
580 1107 591 1128 ‚
613 1072 686 1116 ille
703 1073 821 1118 dives
844 1084 922 1118 θεῖ.

364 1147 491 1188 XIII.
524 1143 774 1204 Aliquando
796 1155 839 1190 et
864 1144 981 1190 dives
1009 1146 1228 1190 invenitur
1251 1161 1442 1205 pauper,
1469 1154 1512 1190 et
1539 1161 1562 1189 a
1583 1160 1688 1204 pau-

306 1230 410 1274 pere
431 1223 662 1274 praestatur
684 1214 745 1258 illi
779 1215 959 1276 aliquid.
987 1216 1117 1260 'Venit
1137 1216 1282 1260 nescio
1304 1216 1402 1276 quis
1425 1216 1477 1260 ad
1497 1215 1684 1271 flumen,

305 1296 428 1331 tanto
445 1286 669 1331 delicatior
685 1296 852 1347 quanto
869 1287 1022 1345 diti0r3
1046 1288 1228 1333 transire
1250 1303 1337 1332 non
1356 1296 1497 1347 potest
1517 1306 1526 1331 :
1551 1287 1582 1331 si
1609 1300 1688 1331 nu-

304 1356 415 1401 datis
442 1357 648 1400 membris
670 1357 898 1412 transiret,
930 1356 1196 1415 frigesceret,
1221 1366 1448 1416 aegrotaret
1463 1393 1474 1412 ,
1499 1372 1690 1402 morere-

304 1436 378 1471 tur
398 1445 407 1470 :
433 1425 598 1470 accedit
619 1442 784 1486 pauper
801 1428 1070 1472 exercitatior
1090 1443 1269 1488 corpore
1287 1449 1297 1485 3
1312 1428 1468 1488 trajicit
1492 1427 1685 1483 divitem,

305 1497 625 1554 eleemosynam
648 1496 751 1541 facit
767 1497 813 1540 in
835 1496 1157 1557 divitem.E1·go
1175 1498 1310 1543 nolite
1331 1514 1402 1543 eos
1419 1507 1589 1542 tantum
1606 1513 1690 1557 pu-

306 1577 398 1612 tare
415 1582 646 1626 pauperes,
672 1567 749 1627 qui
771 1583 861 1611 non
882 1568 1044 1612 habent
1060 1568 1305 1627 pecuniam.
1327 1571 1377 1612 In
1395 1583 1484 1628 quo
1505 1568 1689 1628 quisque

305 1652 471 1697 pauper
492 1645 555 1681 est
574 1672 585 1690 ,
609 1636 671 1680 ibi
693 1636 818 1680 illum
837 1636 936 1681 vide
955 1658 967 1695 3
998 1638 1099 1697 quia
1120 1638 1234 1682 forte
1255 1646 1303 1682 tu
1325 1638 1371 1681 in
1393 1653 1444 1682 θο
1474 1637 1593 1682 dives
1615 1653 1658 1681 es
1673 1673 1684 1693 ‚

304 1709 350 1752 in
372 1723 461 1768 quo
482 1706 555 1750 ille
576 1722 743 1766 pauper
768 1717 847 1761 est,
873 1716 916 1751 et
936 1707 1069 1751 habes
1093 1708 1211 1751 unde
1229 1707 1688 1752 accommodes.Fortc

306 1777 502 1822 membra
524 1786 599 1821 tua
620 1776 922 1821 accommodas
939 1812 950 1832 ‚
975 1786 1018 1821 et
1037 1777 1133 1836 plus
1156 1786 1219 1821 est
1249 1792 1380 1836 quam
1402 1778 1435 1821 si
1456 1778 1688 1837 pecuniam

305 1847 668 1892 accommodares.
705 1846 895 1892 Consilio
925 1848 1110 1905 indiget,
1148 1856 1197 1890 tu
1230 1847 1385 1906 plenus
1407 1863 1450 1892 es
1473 1847 1685 1905 consili03

303 1918 350 1962 in
367 1917 546 1962 consilio
567 1916 641 1960 ille
664 1933 843 1977 pauper,
868 1926 917 1961 tu
939 1917 1057 1962 dives
1080 1932 1139 1961 es.
1160 1920 1273 1961 Ecce
1296 1932 1375 1961 nec
1392 1917 1586 1972 laboras,
1607 1932 1688 1962 nec

303 1987 469 2047 aliquid
493 1987 633 2046 perdis
650 2008 661 2045 3
677 1987 751 2031 das
764 1987 1007 2042 consilium,
1029 1997 1072 2031 et
1095 1987 1327 2046 praestitisti
1346 1986 1682 2044 eleemosynam.

303 2057 459 2110 Modo,
484 2055 637 2100 fratres
661 2057 762 2111 mei,
779 2072 879 2100 cum
901 2056 1137 2116 loquimur,
1161 2057 1282 2116 quasi
1302 2072 1510 2116 pauperes
1532 2057 1587 2100 ad
1610 2072 1688 2101 nos

303 2128 399 2172 estis
419 2148 431 2185 3
455 2136 497 2171 et
520 2127 622 2187 quia
644 2127 768 2172 nobis
792 2130 906 2171 Deus
929 2128 1131 2186 dignatus
1153 2137 1217 2171 est
1237 2127 1341 2171 dare
1359 2162 1370 2182 ,
1409 2127 1562 2172 damus
1584 2127 1686 2172 inde

302 2198 425 2243 vobis
443 2215 455 2249 ;
477 2208 519 2242 et
541 2213 690 2242 omnes
713 2198 768 2241 ab
790 2197 864 2242 illo
886 2199 1117 2257 accipimus
1132 2234 1143 2252 ‚
1161 2199 1236 2258 qui
1254 2198 1369 2243 solus
1386 2208 1449 2243 est
1466 2198 1601 2243 dives.
1617 2198 1686 2243 Sic

301 2284 346 2312 se
368 2284 471 2327 ergo
493 2277 613 2312 tenet
640 2283 796 2328 corpus
823 2269 980 2313 Christi
1000 2303 1012 2322 ‚
1049 2269 1242 2312 membra
1269 2268 1382 2313 socia
1404 2269 1463 2313 sic
1485 2269 1683 2328 compin-

301 2347 473 2396 guntur
487 2347 529 2382 et
554 2337 803 2383 adunantur
830 2339 875 2401 in
895 2338 1103 2382 charitate
1116 2348 1158 2382 et
1175 2339 1219 2382 in
1239 2337 1414 2383 vinculo
1432 2339 1563 2398 pacis,
1581 2353 1682 2382 cum

299 2409 484 2468 quisque
507 2407 551 2452 id
571 2407 691 2468 quod
714 2408 872 2462 habet,
910 2417 1084 2467 praestat
1106 2408 1144 2451 ei
1167 2408 1242 2468 qui
1265 2424 1354 2452 non
1376 2409 1508 2452 habet
1531 2427 1541 2454 ε
1564 2409 1609 2452 in
1631 2423 1682 2452 eo

297 2479 419 2538 quod
442 2478 599 2533 habet,
634 2478 752 2522 dives
787 2487 875 2535 θεῖε,
903 2479 948 2521 in
970 2493 1021 2521 eo
1043 2478 1163 2538 quod
1186 2478 1257 2521 ille
1280 2494 1369 2522 non
1389 2478 1523 2521 habet
1540 2513 1550 2532 ,
1573 2493 1683 2536 pau-

295 2563 372 2607 pcr
390 2556 466 2591 est.
492 2549 558 2593 Sic
581 2564 655 2594 vos
674 2549 856 2607 diligite,
882 2548 940 2592 sic
958 2563 1032 2592 vos
1055 2558 1210 2592 amate.
1231 2548 1374 2594 Nolite
1394 2546 1450 2593 ad
1472 2563 1547 2592 vos
1568 2546 1680 2592 solos
