1815 3253
408 247 649 276 muana-10
683 248 726 274 m
762 248 963 274 PSALMUM
995 246 1112 273 cxxi.
1399 233 1451 270 37

66 334 86 358 »
104 323 180 359 est.
203 331 222 355 a
241 316 297 358 Et
317 313 397 373 ipsi
413 314 519 373 justi
541 323 642 358 sunt
665 313 785 358 sedes
804 348 814 368 ,
837 323 880 357 ct
900 312 1067 356 habent
1089 310 1226 364 sedes,
1253 319 1295 354 et
1317 311 1359 353 in
1378 309 1451 354 illa

61 384 300 431 Jerusalem
322 384 537 428 sedebunt
559 383 695 429 sedes.
722 384 789 428 Ad
812 398 943 443 quam
965 383 1086 426 rem?
1111 400 1129 422 (ι.
1154 384 1203 424 In
1216 381 1447 440 judicium.

63 476 83 500 »
121 456 333 501 Sedebitis
349 491 359 511 ‚
386 456 544 515 inquit,
569 471 698 515 super
719 454 952 499 duodecim
975 453 1096 497 sedes
1113 487 1123 506 ,
1150 468 1175 496 o
1203 467 1279 496 vos
1297 451 1418 495 sedes
1437 486 1448 505 ‚

63 547 83 570 »
114 526 360 589 judicantes
383 525 615 570 duodecim
638 526 778 570 tribus
798 524 931 569 Israel
948 527 976 567 ¹.
1006 541 1025 564 n
1049 528 1163 576 Quos
1175 522 1452 583 judicantes?

62 597 180 643 Infra
213 598 288 658 qui
311 606 412 641 sunt
433 597 478 641 in
501 605 630 641 terra.
658 597 743 649 Qui
767 595 1064 656 judicabunt?
1095 595 1180 647 Qui
1213 591 1315 637 facti
1349 600 1453 636 sunt

59 668 236 713 coelum.
264 667 333 712 Illi
351 677 496 712 autem
515 668 592 727 qui
609 667 954 728 judicabuntur,
980 666 1023 709 in
1046 665 1154 709 duas
1176 674 1319 724 partes
1342 662 1453 707 divi-

58 739 218 786 dentur
239 760 250 797 3
270 754 357 783 una
380 738 433 782 ad
455 737 677 783 dexteram
692 773 702 792 ,
728 737 864 782 altera
887 736 941 780 ad
963 736 1180 780 sinistram
1204 735 1299 779 erit.
1322 732 1451 778 Judi-

58 810 226 854 cabunt
258 823 359 853 cum
391 808 565 853 Christo
597 808 750 853 sancti.
781 827 806 850 «.
824 807 982 851 Veniet
1012 807 1129 850 enim
1155 805 1201 849 in
1235 805 1453 866 judicium

61 898 81 920 »
116 894 216 923 cum
241 878 481 922 senioribus
508 877 661 937 populi
679 882 696 905 2
716 913 726 933 ,
761 896 781 918 »
807 878 867 921 ait
903 880 1048 921 Isa'i'as.
1083 875 1168 920 Alii
1190 885 1292 919 sunt
1313 890 1416 933 ergo
1437 909 1448 930 ,

57 950 133 1010 qui
161 964 262 994 cum
284 948 360 993 illo
385 948 679 1008 judicabunt3
705 948 798 1003 alii,
831 948 907 1008 qui
930 948 985 991 ab
1008 946 1084 991 illo
1100 946 1448 1007 judicabuntur,

57 1029 101 1065 et
121 1021 176 1064 ab
200 1019 283 1064 illis
302 1020 378 1080 qui
400 1035 500 1063 cum
523 1033 574 1064 eo
590 1018 870 1079 judicabunt.
897 1018 1156 1063 Dividentur
1189 1033 1292 1076 ergo
1313 1018 1382 1061 isti
1406 1017 1453 1061 in

56 1091 164 1136 duas
183 1100 326 1150 partes
353 1110 361 1135 :
387 1106 475 1135 una
496 1099 686 1150 ponetur
704 1090 759 1134 ad
777 1090 1013 1144 dexteram,
1037 1089 1107 1133 cui
1129 1089 1453 1133 enumerabun-

57 1172 129 1207 tur
160 1162 475 1219 eleemosynae,
501 1177 608 1222 quas
643 1162 843 1205 fecerunt
872 1181 880 1205 :
919 1161 1000 1204 alia
1025 1169 1214 1220 ponetur
1237 1159 1291 1204 ad
1326 1159 1452 1203 sinis-

56 1242 189 1287 tram,
220 1232 290 1276 cui
313 1232 641 1276 enumerabitur
662 1230 895 1276 crudelitas
917 1241 960 1275 et
982 1231 1182 1275 sterilitas
1206 1230 1452 1274 misericor-

56 1302 154 1347 diae.
187 1305 243 1346 Et
274 1301 357 1346 illis
387 1301 442 1346 ad
475 1301 696 1346 dexteram
719 1302 966 1346 constitutis
988 1294 1158 1345 dicetur
1180 1320 1187 1345 :
1221 1320 1240 1343 «
1263 1301 1420 1344 Venite
1436 1335 1448 1356 ‚

58 1392 79 1416 »
114 1373 334 1418 benedicti
355 1373 493 1417 Patris
514 1374 627 1429 mei,
654 1373 863 1433 percipite
885 1388 1066 1431 regnum
1086 1371 1208 1433 quod
1226 1372 1349 1417 vobis
1371 1388 1451 1432 pa-

58 1463 79 1486 »
115 1453 257 1489 ratum
294 1453 358 1488 est
386 1444 441 1488 ab
474 1445 638 1502 origine
662 1444 831 1488 mundi.
865 1464 884 1486 »
905 1446 1077 1498 Quare?
1105 1464 1124 1486 «
1146 1444 1316 1489 Esurivi
1337 1479 1347 1499 ,
1378 1444 1449 1487 in-

57 1533 78 1557 »
114 1516 236 1575 quit,
262 1523 305 1558 et
327 1513 506 1558 dedistis
529 1515 636 1558 mihi
664 1514 944 1559 manducare.
976 1534 995 1556 »
1017 1518 1074 1560 Et
1094 1514 1184 1569 illi,
1215 1534 1235 1557 «
1261 1514 1449 1567 Quando

57 1603 78 1627 »
113 1595 156 1630 te
172 1585 360 1629 vidimus
382 1585 677 1629 esurientem?
697 1604 717 1626 »
744 1588 800 1629 Et
821 1585 893 1628 ille
909 1620 918 1638 ‚
954 1587 1065 1630 Cum
1085 1587 1161 1628 uni
1185 1600 1237 1629 ex
1260 1585 1450 1628 minimis

58 1674 78 1697 »
114 1656 218 1699 meis
240 1654 423 1710 fecistis,
455 1655 563 1699 mihi
590 1655 797 1699 fecistis³.
826 1673 845 1695 η
872 1658 988 1712 Ergo
1012 1655 1119 1715 quid
1143 1664 1206 1698 cst
1223 1690 1234 1710 ,
1259 1653 1450 1699 fratres?

58 1725 408 1786 Illijudicabunt
440 1725 494 1769 de
528 1726 689 1785 quibus
722 1725 888 1770 dictum
922 1735 1012 1774 est.
1037 1735 1087 1769 ut
1108 1726 1215 1770 fiant
1235 1726 1362 1770 amici
1394 1725 1449 1769 de

56 1812 303 1841 mammona
325 1797 581 1856 iniquitatis.
609 1815 629 1838 ‹<
657 1799 714 1841 Ut
735 1806 779 1840 et
806 1797 912 1856 ipsi,
943 1797 1113 1856 inquit,
1140 1797 1350 1856 recipiant
1372 1812 1448 1841 vos

59 1887 80 1910 »
113 1867 158 1911 in
181 1876 342 1911 aeterna
364 1866 644 1911 tabernacula
662 1869 724 1910 ⁴.»
739 1868 884 1912 Sancti
901 1867 1117 1912 sedebunt
1135 1884 1235 1912 cum
1260 1868 1448 1912 Domino

55 1938 278 1982 attendere
300 1938 375 1998 qui
398 1937 599 2000 fecerunt
631 1938 993 1993 misericordiam,
1027 1947 1069 1982 et
1098 1948 1319 1982 assument
1351 1938 1447 1982 illos

54 2017 270 2067 separatos
303 2008 349 2069 in
385 2009 606 2052 dexteram
636 2008 681 2052 in
710 2024 896 2067 regnum
925 2008 1141 2053 coelorum
1167 2028 1175 2053 ;
1203 2018 1246 2053 et
1268 2010 1357 2068 ipsa
1383 2018 1447 2053 est

54 2094 136 2138 pax
157 2079 412 2123 Jerusalem.
434 2081 543 2132 Quae
566 2088 629 2123 est
646 2096 729 2139 pax
751 2079 1024 2124 Jerusalem?
1048 2082 1104 2124 Ut
1126 2096 1255 2139 opera
1276 2080 1446 2124 miseri-

53 2149 212 2193 cordiae
228 2149 467 2209 corporalia
485 2151 729 2210 jungantur
751 2151 956 2210 operibus
978 2149 1296 2210 praedicationis
1318 2151 1444 2210 spiri-

54 2218 239 2274 talibus,
268 2228 311 2263 et
342 2220 417 2264 fiat
438 2236 520 2279 pax
550 2219 697 2265 dando
720 2231 762 2265 et
784 2220 1054 2280 accipiendo.
1076 2221 1147 2265 Ait
1170 2221 1285 2264 enim
1309 2225 1444 2280 Apos-

56 2289 170 2334 tolus
189 2325 200 2342 ‚
232 2291 308 2350 qui
335 2290 547 2335 rationem
579 2290 667 2336 dati
697 2301 741 2335 et
771 2291 938 2351 accepti
961 2290 1066 2336 dixit
1097 2307 1187 2336 esse
1210 2292 1307 2336 istas
1332 2292 1444 2336 elee-

54 2375 257 2417 mosynas
288 2380 297 2405 2
333 2361 392 2405 ait
414 2377 514 2419 ergo
545 2382 553 2406 ;
582 2381 602 2404 «
640 2362 682 2407 Si
711 2378 789 2406 nos
824 2362 946 2406 vobis
978 2361 1183 2421 spiritalia
1218 2355 1444 2408 seminavi-

58 2448 78 2472 »
113 2445 230 2485 mus,
256 2446 463 2489 magnum
489 2441 551 2475 est
569 2432 603 2476 si
620 2442 759 2477 vestra
781 2432 970 2477 carnalia
994 2442 1207 2477 metamus
1223 2435 1264 2477 ⁵?
1279 2436 1368 2477 »Et
1386 2433 1441 2477 de

102 2531 110 2547 ¹
132 2525 247 2556 Matth.
269 2536 342 2565 xix,
363 2526 418 2558 28.
441 2543 482 2548 -—
502 2533 514 2549 ²
533 2529 605 2560 Isai-
626 2539 683 2565 ιιι,
708 2527 757 2570 ι4.
781 2545 819 2551 -
842 2526 854 2550 3
874 2529 986 2560 Manli.
1009 2540 1091 2567 xxv,
1113 2528 1233 2569 31-45.
1262 2546 1302 2551 --
1323 2528 1338 2556 4
1360 2531 1437 2562 Luc.

56 2591 161 2622 Ἄτης).
187 2599 219 2602 Ᾰ-
240 2579 253 2603 5
277 2593 284 2612 ι
310 2583 380 2613 Cor.
403 2592 448 2621 ιῐ)
470 2593 517 2613 ιι.
