1815 3253
329 228 413 266 280
761 235 794 262 s.
830 232 1060 262 Aucusnm
1090 232 1271 259 EPISCOPI

328 304 431 348 civis
463 317 506 346 es
529 299 795 356 Jerusalem,
831 299 908 359 qui
946 313 1036 342 non
1072 296 1333 343 oblivisceris
1362 297 1598 341 Jerusalem
1617 332 1628 353 ,
1657 313 1713 343 ne
1758 317 1768 337 1

329 372 610 419 obliviscatur
632 381 674 416 te
696 370 872 414 dextera
890 379 988 426 tua,
1011 383 1110 412 ecce
1131 367 1194 411 illi
1215 368 1292 428 qui
1313 367 1447 411 locuti
1465 377 1567 411 sunt
1590 368 1714 412 vani-

326 454 485 498 tatem,
509 443 687 487 beatum
705 441 909 485 dixerunt
926 438 1138 499 populum
1157 439 1228 483 cui
1249 439 1343 483 haec
1361 447 1463 483 sunt
1484 458 1492 484 :
1515 437 1586 482 dic
1605 438 1714 483 mihi

326 525 378 560 tu
399 513 617 559 canticum
641 512 759 557 Sion.
790 530 810 554 «
834 514 1008 564 Beatus,
1033 509 1192 569 inquit,
1208 507 1397 569 populus
1418 509 1542 569 cujus
1563 507 1714 553 Domi-

329 604 350 628 »
369 601 451 630 nus
467 588 579 629 Deus
593 584 760 643 ipsius¹.
776 602 796 625 1)
816 585 1086 640 Interrogate
1098 580 1228 624 corda
1241 589 1396 635 vestra,
1414 579 1582 635 fratres,
1598 579 1632 624 si
1645 579 1715 623 de-

328 655 521 700 sideratis
536 655 650 699 bona
669 654 760 708 Dei,
778 653 811 696 si
823 651 1072 696 desideratis
1086 651 1303 695 civitatem
1317 650 1437 694 illam
1455 649 1712 705 Jerusalem,
1767 662 1770 712 J

326 728 362 772 si
374 725 677 784 concupiscitis
692 724 828 769 vitam
842 732 1065 767 aeternam.
1087 721 1237 765 Omnis
1252 721 1330 765 ista
1349 729 1518 765 terrena
1532 719 1715 765 felicitas

328 798 498 841 sinistra
513 795 637 839 vobis
654 794 708 838 sit
722 829 732 849 ,
758 793 830 838 illa
849 793 903 838 sit
924 793 1099 837 dextera
1127 808 1258 853 quam
1289 807 1457 851 semper
1479 791 1710 836 habebitis.
1766 790 1771 813 >²

327 868 421 913 Etsi
452 865 690 911 habueritis
720 865 964 919 sinistram,
997 862 1133 908 nolite
1164 863 1219 906 de
1240 862 1408 906 sinistra
1435 877 1711 921 praesumere.

327 940 483 983 Nonne
505 936 681 995 corripis
704 950 803 979 eum
837 934 914 994 qui
941 933 996 978 de
1017 934 1185 978 sinistra
1211 932 1399 978 voluerit
1425 932 1716 978 manducare?

330 1008 374 1053 Si
397 1023 558 1051 mensae
579 1015 668 1050 tuae
704 1006 909 1066 injuriam
930 1014 1058 1064 putas
1080 1004 1173 1048 fieri
1210 1004 1503 1047 manducante
1536 1002 1718 1048 conviva

327 1079 382 1123 de
399 1078 596 1134 sinistra,
621 1076 845 1137 quomodo
866 1092 956 1120 non
978 1076 1026 1119 fit
1054 1075 1208 1135 injuria
1238 1090 1398 1118 mensae
1421 1074 1512 1129 Dei,
1537 1074 1569 1117 si
1598 1073 1718 1133 quod

328 1147 532 1193 dextrum
570 1156 655 1201 651,
693 1147 914 1191 sinistrum
951 1144 1122 1200 seceris,
1160 1154 1203 1189 et
1235 1144 1355 1205 quod
1378 1145 1596 1188 sinistrum
1629 1153 1714 1200 est,

330 1219 534 1264 dextrum
558 1216 739 1262 feceris?
762 1216 879 1270 Quid
901 1218 1032 1274 ergo?
1054 1235 1073 1257 «
1096 1215 1138 1260 Si
1161 1215 1322 1259 oblitus
1339 1216 1403 1259 tui
1425 1213 1571 1271 fuero,
1591 1217 1720 1259 Jeru-

332 1308 354 1331 »
390 1290 522 1334 salem
538 1324 549 1344 ,
576 1289 856 1333 obliviscatur
872 1303 940 1331 mc
962 1288 1137 1331 dextera
1160 1302 1269 1330 mea.
1294 1305 1314 1328 »

388 1363 533 1404 XVII.
564 1379 584 1402 «
606 1359 841 1404 Adhaereat
863 1359 1011 1416 lingua
1041 1373 1137 1402 mea
1172 1356 1372 1401 faucibus
1395 1356 1522 1412 meis,
1553 1357 1634 1401 nisi
1654 1356 1720 1401 tui

331 1449 354 1473 1)
389 1430 669 1474 meminero2.
711 1448 731 1471 »
764 1429 815 1474 Icl
850 1438 936 1484 est,
977 1429 1298 1484 obmutescam,
1336 1427 1501 1489 inquit,
1542 1428 1622 1471 nisi
1654 1427 1720 1471 tui

329 1501 394 1546 tui
428 1501 682 1545 meminero.
725 1502 784 1544 Ut
823 1499 929 1560 quid
959 1499 1077 1543 enim
1111 1497 1332 1558 loquitur,
1363 1507 1413 1542 ut
1440 1497 1547 1558 quid
1571 1506 1715 1553 sonat,

330 1573 407 1633 qui
429 1572 595 1617 cantica
612 1607 622 1627 ,
650 1572 754 1619 Sion
777 1587 866 1615 non
888 1572 1038 1615 sonat?
1061 1573 1157 1629 Ipsa
1177 1579 1241 1614 est
1262 1570 1409 1628 lingua
1423 1579 1568 1613 nostra
1586 1605 1596 1624 ,
1621 1584 1721 1614 can·

332 1643 468 1688 ticum
493 1641 748 1686 J‹rusal..em
770 1642 1000 1686 Canticum
1024 1640 1265 1685 dilectionis
1288 1634 1438 1684 saeculi
1461 1641 1614 1699 hujus,
1638 1639 1725 1684 lin-

332 1731 452 1774 gua
440 1714 604 1767 aliena,
629 1713 779 1772 lingua
797 1713 874 1756 bal
881 1714 980 1756 bara
999 1721 1062 1756 est
1083 1727 1244 1772 ,quam
1275 1713 1319 1755 in
1341 1711 1589 1771 captivitate
1611 1711 1724 1755 didi-

1763 0 1771 76 .--,-

330 1785 484 1828 cimus.
510 1787 626 1842 Ergo
649 1792 796 1827 mutus
811 1783 893 1860 6111
916 1786 1004 1826 Deo
1023 1783 1130 1842 ,qui
1146 1781 1307 1826 oblitus
1322 1780 1453 1825 fuerit
1466 1781 1720 1860 Jerusalem.
1765 1769 1771 1830 1
1800 1796 1815 1829 esi

331 1925 526 1969 volentes
545 1940 640 1968 eam
664 1933 872 1969 ever.tere
900 1872 1008 1976 Qiiae
1037 1932 1100 1966 est
1128 1922 1277 1966 civitas
1310 1923 1411 1976 ista,
1443 1922 1621 1966 dicunt?
1641 1923 1770 1976 Qui’

331 2004 434 2039 sunt
458 1994 717 2039 Christiani?
738 2004 781 2038 et
802 1993 951 2054 quales
967 2002 1069 2037 sunt
1086 1993 1344 2037 Christiani?
1365 1995 1402 2036 O
1419 1993 1452 2037 si
1472 2009 1561 2037 non
1584 2003 1726 2038 essent

333 2065 591 2110 Christiani!
621 2065 735 2109 Vicit
752 2066 842 2124 jam
865 2064 1035 2123 captiva
1074 2064 1201 2108 turba
1226 2064 1512 2122 captivatores
1534 2080 1656 2120 suos,
1681 2073 1725 2109 et
1768 2108 1778 2134 ,ὃ

332 2146 480 2180 tamen
496 2144 774 2179 murmurant
792 2170 803 2190 ,
829 2144 872 2179 et
889 2135 1096 2188 saeviunt,
1113 2143 1157 2178 et
1173 2133 1329 2178 volunt
1348 2135 1590 2179 interficere
1608 2134 1726 2195 apud
1775 2157 1777 2169 ι

332 2222 378 2250 se
395 2206 745 2265 peregrinantem
773 2215 965 2250 sanctam
999 2205 1218 2249 civitatem
1252 2224 1262 2250 z
1287 2206 1400 2250 sicut
1421 2205 1561 2250 voluit
1582 2207 1724 2265 ipsum
1774 2227 1778 2243 ι

334 2276 550 2337 populum
567 2277 811 2320 interficere
832 2276 1023 2330 Pharao,
1049 2275 1226 2335 quando
1258 2276 1469 2320 masculos
1497 2276 1728 2321 occidebat-

338 2356 479 2400 natOS,
499 2355 543 2390 61
562 2346 762 2390 foeminas
785 2346 1086 2406 relinquebat,
1110 2347 1288 2390 virtutes
1306 2346 1590 2406 praefocabat,
1615 2362 1722 2391 con-

333 2416 618 2475 cupiscentias
643 2416 877 2459 nutriebat.
911 2419 1069 2459 Parum
1091 2431 1194 2474 ergo
1225 2426 1288 2460 est
1316 2417 1558 2460 meminisse
1585 2436 1593 2461 :
1618 2417 1719 2461 vide
1778 2434 1780 2440 ·

335 2486 557 2546 quomodo
572 2486 829 2530 memineris.
845 2486 1052 2539 Quaedam
1072 2501 1172 2530 cum
1190 2485 1290 2531 odio
1307 2487 1602 2543 meminimus,
1620 2502 1719 2547 quae

667 2570 682 2588 Γ

386 2577 396 2593 ¹
414 2570 494 2603 Psal.
513 2581 619 2613 cxmn,
646 2582 695 2603 1.›.
719 2588 758 2593 -
779 2578 791 2594 ²
810 2571 857 2604 Id.
878 2582 1003 2613 cuxw,
1022 2571 1054 2603 6.
