1815 3253
346 271 400 308 82
776 279 811 309 s.
846 279 1076 312 Aucusnm
1108 285 1289 313 Emscom

337 347 384 391 in
403 354 617 391 aeternum
636 380 647 402 ‚
673 349 731 392 Et
750 347 833 392 1100
849 357 933 405 051,
962 367 984 392 «
1001 351 1067 394 Ex
1079 350 1164 395 hoc
1185 359 1229 395 et
1242 364 1382 410 usque
1397 350 1444 394 in
1464 349 1720 395 saeculum.»

395 418 495 460 VII.
526 436 544 458 «
573 416 791 470 Quoniam
812 433 903 463 non
920 418 1195 481 derelinquet
1211 419 1422 465 Dominus
1441 420 1609 478 virgam
1628 434 1726 478 pec-

342 503 363 528 »
386 496 583 532 catorum
604 503 734 548 super
754 498 915 534 sortem
922 490 1165 550 justorum,
1186 501 1236 535 ut
1258 506 1349 535 non
1370 489 1605 535 extendant
1620 489 1728 549 justi

342 577 361 601 »
387 553 444 603 ad
480 558 755 619 iniquitatem
788 575 943 604 manus
976 575 1088 605 suas.
1117 579 1137 603 »
1162 559 1296 607 Modo
1321 560 1499 621 quidem
1516 561 1623 621 justi
1645 559 1727 604 ali-

337 639 554 690 quantum
572 629 791 686 laborant,
807 640 851 675 et
871 631 1003 677 modo
1025 631 1262 693 aliquando
1278 632 1425 693 injusti
1446 631 1729 678 dominantur

283 744 285 747 ⁴
328 701 470 761 justis.
490 701 659 755 Quibus
673 701 845 747 modis?
862 702 1113 763 Aliquando
1129 703 1278 763 injusti
1298 702 1559 762 perveniunt
1574 701 1629 746 ad
1645 701 1728 745 ho—

336 787 463 816 nores
482 771 629 816 53001111
649 791 657 817 :
674 787 775 817 cum
791 773 1069 832 pervenerint
1090 782 1133 817 et
1154 772 1260 817 facti
1277 770 1440 816 fuerint
1460 771 1529 816 vel
1541 770 1725 830 judices,

340 838 411 888 vel
430 857 571 901 reges,
607 844 710 903 quia
729 844 814 888 hoc
834 842 939 889 facit
958 848 1071 890 Deus
1089 852 1267 902 propter
1295 843 1568 902 disciplinam
1590 841 1730 909 plebis
1790 879 1792 882 ,

340 929 453 969 51130,
477 923 655 973 propter
682 914 956 974 disciplinam
973 914 1125 975 populi
1147 915 1212 966 sui
1228 935 1239 972 3
1258 930 1348 959 non
1377 922 1520 973 potest
1540 912 1634 957 fieri
1650 913 1731 959 nisi

340 992 390 1027 ut
411 983 667 1028 exhibeatur
688 983 772 1028 illis
786 986 927 1030 honor
949 984 1122 1029 debitus
1135 985 1353 1044 potestati.
1374 983 1604 1028 Ordinavit
1617 983 1732 1026 enim

341 1054 401 1099 510
421 1057 535 1099 Deus
558 1054 796 1100 Ecclesiam
824 1048 946 1107 suam
960 1091 971 1112 ‚
1006 1065 1056 1107 ut
1073 1051 1228 1100 ’01111115
1251 1065 1438 1115 potestas
1468 1055 1665 1099 ordinata
1686 1054 1733 1097 in

341 1124 502 1169 saeculo
521 1125 682 1169 habeat
702 1126 914 1170 honorem
930 1161 941 1182 ‚
970 1135 1013 1170 et
1036 1126 1271 1186 aliquando
1299 1142 1323 1170 a
1353 1125 1619 1170 melioribus.
1648 1122 1734 1169 Sed

343 1194 529 1255 exempli
546 1194 680 1253 gratia
697 1212 830 1240 unam
855 1212 947 1240 rem
971 1196 1070 1241 dico
1085 1232 1096 1252 ‚
1122 1197 1224 1241 hinc
1243 1197 1444 1256 conjicite
1468 1195 1625 1255 gradus
1643 1210 1734 1240 om-

341 1265 463 1309 nium
484 1275 766 1324 potestatum.
794 1267 938 1311 Prima
970 1276 1013 1311 et
1043 1266 1299 1327 quotidiana
1325 1276 1515 1326 potestas
1547 1265 1732 1310 hominis

340 1335 387 1379 in
408 1336 630 1380 hominem
664 1335 831 1381 domini
855 1337 985 1381 estin
1007 1352 1195 1385 servum.
1231 1340 1371 1396 Prope
1405 1351 1555 1381 omnes
1579 1335 1734 1380 domus
1769 1372 1771 1381 .

342 1405 507 1449 habent
529 1406 780 1465 hujusmodi
797 1415 1071 1465 potestatem.
1092 1402 1203 1451 Sunt
1217 1406 1405 1461 domini,
1426 1415 1529 1450 sunt
1545 1415 1589 1449 et
1605 1406 1731 1460 servi,

342 1475 510 1521 diversa
531 1485 633 1520 sunt
654 1477 832 1522 nomina
857 1492 865 1518 :
897 1476 973 1521 sed
995 1477 1193 1521 homines
1216 1485 1259 1520 et
1279 1477 1475 1526 homines
1493 1476 1612 1535 paria.
1630 1484 1734 1520 sunt

345 1546 537 1591 nomina.
560 1549 617 1590 Et
633 1545 742 1607 quid
763 1547 869 1591 dicit
894 1547 1128 1606 Apostolus
1143 1582 1154 1602 ‚
1188 1546 1349 1592 docens
1371 1562 1515 1592 servos
1550 1546 1736 1591 dominis

345 1617 432 1660 suis
455 1616 653 1660 subditos
667 1618 782 1661 055οΡ
808 1617 969 1672 «Servi,
990 1616 1197 1662 obaudite
1217 1617 1404 1661 dominis
1420 1616 1570 1662 vestris
1583 1632 1737 1661 secun-

347 1706 368 1728 »
395 1686 503 1731 dum
525 1703 699 1731 carnem
721 1707 729 1732 :
758 1705 779 1729 1»
804 1687 907 1748 quia
929 1697 993 1732 est
1017 1688 1228 1733 Dominus
1252 1687 1493 1732 secundum
1517 1687 1732 1747 spiritum.
1762 1702 1765 1707 ’

345 1756 426 1801 Ille
443 1766 506 1801 est
526 1772 655 1802 verus
672 1757 884 1802 Dominus
901 1766 946 1801 et
967 1766 1156 1801 aeternus
1170 1792 1181 1813 ,
1205 1758 1275 1802 isti
1305 1766 1452 1802 autem
1477 1756 1737 1817 temporales
1761 1775 1763 1784 ¹

348 1827 592 1872 secundum
628 1837 815 1888 tempus.
856 1832 922 1873 Tu
956 1844 1058 1873 cum
1088 1828 1285 1872 ambulas
1312 1829 1358 1872 in
1385 1829 1476 1883 via,
1501 1844 1601 1873 cum
1631 1828 1738 1874 vivis

347 1899 393 1942 in
433 1899 515 1943 hac
553 1898 668 1955 vita,
712 1914 802 1943 non
837 1896 935 1943 vult
978 1908 1022 1942 te
1061 1897 1204 1946 facere
1244 1899 1484 1958 superbum
1523 1899 1733 1945 Christus.

348 1970 541 2028 Contigit
554 1970 632 2013 tibi
649 1979 699 2014 ut
712 1970 982 2016 Christianus
995 1970 1238 2025 efficereris,
1257 1979 1300 2014 et
1316 1970 1496 2017 haberes
1510 1971 1748 2015 dominum·

348 2041 570 2085 hominem
588 2059 596 2085 ε
615 2056 705 2085 11011
721 2042 819 2086 ideo
844 2041 1113 2086 Christianus
1135 2041 1319 2085 effectus
1341 2057 1385 2085 es
1399 2075 1411 2096 ,
1432 2051 1482 2085 ut
1495 2040 1738 2100 dedigneris
1756 2053 1759 2067 ¹

349 2111 523 2155 servire.
548 2113 661 2156 Cum
684 2112 800 2155 enim
815 2112 987 2156 Christo
1003 2111 1185 2171 jubente
1202 2112 1332 2157 servis
1354 2111 1522 2155 homini
1538 2146 1549 2165 ,
1565 2127 1654 2155 non
1674 2110 1738 2154 illi

350 2182 481 2226 servis
495 2216 507 2237 ,
531 2181 608 2226 sed
628 2180 692 2225 illi
713 2182 788 2241 qui
801 2182 943 2241 jussit.
969 2184 1026 2247 Et
1042 2182 1126 2225 hoc
1148 2181 1207 2226 ait
1223 2216 1234 2236 ‚
1276 2199 1296 2223 «
1317 2180 1536 2226 Obaudite
1550 2180 1736 2226 dominis

354 2270 374 2295 »
399 2253 549 2297 vestris
581 2252 823 2296 secundum
845 2267 1019 2297 carnem
1034 2287 1045 2307 ‚
1071 2266 1173 2296 cum
1197 2252 1352 2296 timore
1383 2261 1426 2296 et
1448 2262 1634 2297 tremore
1649 2286 1660 2307 ‚
1692 2252 1739 2295 in

357 2342 375 2365 »
401 2322 676 2382 simplicitate
708 2323 875 2378 cordis,
904 2338 994 2367 non
1029 2322 1084 2366 ad
1119 2320 1295 2366 oculum
1317 2323 1575 2378 servientes,
1615 2321 1739 2382 quasi

354 2411 374 2435 »
400 2393 652 2436 hominibus
674 2391 890 2452 placentes
905 2427 916 2448 ,
933 2391 1016 2437 ‘sed
1042 2391 1165 2452 quasi
1184 2392 1294 2436 servi
1315 2393 1500 2448 Christi,
1531 2392 1752 2437 facientes!

354 2481 375 2504 »
399 2462 670 2509 voluntatem
684 2463 762 2507 Dei
779 2478 829 2507 ex
846 2463 991 2507 animo
1005 2497 1016 2518 ,
1041 2477 1142 2507 011111
1159 2462 1275 2508 bona
1293 2462 1557 2507 voluntate1.
1582 2480 1602 2504 »
1623 2465 1736 2506 Ecce

351 2549 440 2578 non
463 2532 564 2578 fecit
581 2532 636 2576 de
658 2534 786 2580 servis
807 2533 964 2579 liberos
981 2569 993 2590 ‚
1021 2533 1097 2578 sed
1118 2534 1172 2578 de
1192 2533 1313 2578 malis
1336 2534 1466 2580 servis
1490 2534 1626 2579 bonos
1647 2548 1732 2578 ser-

406 2624 415 2641 ¹
431 2617 546 2660 Ephes.
565 2628 610 2659 Vl,
631 2615 665 2660 5,
679 2618 712 2649 6.
1744 2620 1747 2658 ζ
