1815 3253
317 159 399 194 :200
745 164 777 191 s.
814 164 1043 192 AUGUSTINI
1076 163 1255 192 muscom

313 230 402 274 rael
418 232 448 284 ¹,
468 229 603 287 magis
621 229 681 272 ibi
700 243 860 272 nomen
880 228 1008 272 Israel
1031 247 1039 271 :
1060 236 1103 271 et
1119 228 1286 272 utinam
1304 236 1346 271 et
1368 243 1444 272 nos
1466 237 1693 288 sequentes

312 301 444 345 simus
483 298 628 343 Israel.
672 298 787 351 Quid
831 298 946 342 enim
980 299 1289 356 interpretatur
1330 297 1494 342 Israel?
1531 297 1694 342 Videns

313 376 467 416 Deum.
498 372 659 414 Omnes
693 385 795 428 ergo
828 369 940 414 cives
961 368 1074 414 illius
1097 369 1277 413 civitatis
1294 404 1306 425 ,
1328 368 1517 414 videndo
1555 373 1694 414 Deum

314 441 507 502 gaudent
529 442 573 485 in
595 441 669 485 illa
698 457 856 501 magna
877 441 1050 485 civitate
1071 449 1114 484 et
1136 439 1279 500 ampla
1300 450 1343 485 et
1360 440 1547 496 coelesti,
1568 456 1693 500 spec-

312 513 508 558 taculum
530 513 588 556 eis
610 516 724 557 Deus
755 513 845 571 ipse
872 521 950 556 est.
979 509 1062 556 Sed
1086 526 1164 555 nos
1194 511 1250 555 ab
1271 511 1344 557 illa
1371 512 1544 556 civitate
1566 527 1693 571 pere-

313 586 535 644 grinamur
553 619 564 640 ‚
590 593 769 643 peccato
792 583 979 644 expulsi,
1005 598 1059 627 ne
1095 583 1157 626 ibi
1185 598 1485 642 maneremusg
1510 591 1553 627 et
1573 599 1692 628 mor-

315 656 478 700 talitate
524 654 780 714 praegravati
799 688 810 709 ‚
848 669 904 697 ne
944 653 1020 697 illo
1058 652 1312 698 rediremus.
1346 655 1549 714 Respexit
1580 658 1694 699 Deus

311 725 701 786 peregrinationem
724 732 913 769 nostram
928 758 939 779 ‚
965 733 1008 767 et
1023 722 1096 767 ille
1117 723 1192 783 qui
1213 723 1399 769 aedificat
1422 724 1659 768 Jerusalem
1676 759 1687 780 ‚

310 795 500 840 restituit
529 794 694 854 lapsam
727 804 910 853 partem.
948 792 1073 837 Unde
1094 794 1282 837 restituit
1299 793 1464 853 lapsam
1493 796 1692 854 partem?

313 886 335 910 «
370 866 661 926 Dispersiones
684 864 815 908 Israel
837 863 1059 922 colligens.
1084 862 1290 909 »Cecidit
1311 864 1426 908 enim
1448 881 1545 924 pars
1568 880 1693 925 quae-

310 937 411 982 dam
429 972 439 992 ‚
465 945 509 980 et
528 936 642 980 sacta
665 945 728 979 est
748 935 974 995 peregrina
998 954 1007 979 ε
1031 935 1145 978 hanc
1167 935 1437 994 peregrinam
1458 935 1694 979 misericor-

310 1008 423 1052 diter
449 1005 558 1052 vidit
590 1010 732 1061 Deus,
769 1015 812 1050 et
846 1005 1044 1065 quaesivit
1077 1020 1164 1049 non
1204 1015 1446 1065 quaerentes
1483 1021 1542 1050 se.
1569 1004 1695 1050 Unde

310 1078 540 1140 quaesivit?
562 1093 693 1138 quem
708 1076 822 1121 misit
842 1075 897 1120 ad
912 1075 1205 1135 captivitatem
1223 1079 1447 1121 nostram?
1468 1077 1584 1122 Misit
1607 1080 1694 1120 Re-

312 1151 607 1208 demptorem‚
629 1145 871 1191 secundum
893 1146 1013 1206 quod
1042 1147 1101 1189 ait
1122 1146 1354 1205 Apostolus
1379 1166 1388 1191 :
1419 1166 1438 1189 «
1463 1149 1696 1192 Commen-

314 1239 335 1263 >›
371 1220 446 1263 dat
485 1223 599 1262 Deus
626 1217 904 1261 dilectionem
933 1232 1056 1261 suam
1087 1217 1134 1259 in
1161 1218 1315 1272 nobis,
1356 1218 1562 1276 quoniam
1595 1232 1698 1262 cum

315 1309 336 1332 »
373 1288 516 1334 adhuc
538 1296 785 1347 peccatores
802 1302 988 1330 essemus
1002 1321 1012 1340 ‚
1032 1287 1229 1331 Christus
1247 1303 1326 1346 pro
1349 1288 1475 1332 nobis
1501 1297 1698 1332 mortuus

315 1381 337 1404 n
372 1370 435 1406 est
450 1365 481 1404 ².
507 1378 527 1402 »
560 1360 678 1405 Misit
699 1374 800 1417 ergo
823 1359 877 1402 ad
899 1358 1194 1418 captivitatem
1217 1368 1408 1403 nostram
1429 1359 1697 1419 Redempto-

312 1449 404 1478 rem
437 1431 598 1476 Filium
632 1446 773 1474 suum.
808 1433 936 1474 Porta
957 1464 967 1484 ,
994 1429 1160 1489 inquit,
1185 1438 1330 1474 tecum
1363 1445 1533 1474 saccum
1550 1466 1560 1484 ‚
1587 1429 1699 1475 ferto

314 1504 377 1548 ibi
398 1503 588 1563 pretium
610 1501 897 1561 captivorum.
926 1500 1078 1544 Induit
1098 1500 1214 1544 eni'm
1238 1516 1282 1544 se
1302 1500 1375 1544 ille
1393 1501 1700 1546 mortalitatem

315 1574 454 1620 carnis
474 1608 485 1629 ,
510 1581 555 1616 et
582 1572 644 1615 ibi
673 1580 764 1615 erat
792 1571 984 1628 sanguis,
1016 1586 1104 1630 quo
1137 1569 1234 1615 fuso
1268 1570 1593 1615 redimeremur.
1621 1570 1700 1616 Illo

316 1643 527 1703 sanguine
556 1641 731 1701 collegit
762 1640 1048 1700 dispersiones
1086 1640 1233 1685 Isra'e'l.
1270 1644 1328 1685 Et
1361 1641 1394 1685 si
1426 1641 1500 1685 ille
1528 1641 1702 1699 collegit

317 1715 421 1761 olim
445 1714 659 1773 dispersos
674 1747 685 1768 ,
725 1710 948 1772 quomodo
977 1711 1261 1770 satagendum
1284 1720 1348 1755 est
1368 1721 1418 1755 ut
1440 1712 1701 1771 colligantur

317 1785 450 1831 modo
480 1784 695 1843 dispersi?
719 1782 762 1827 Si
784 1781 954 1826 collecti
977 1790 1079 1825 sunt
1099 1782 1279 1841 dispersi
1297 1817 1307 1837 ,
1332 1791 1382 1826 ut
1402 1782 1448 1826 in
1477 1798 1611 1826 manu
1633 1799 1702 1826 ar-
1730 1839 1734 1841 ‚

319 1857 444 1903 tificis
481 1854 536 1899 ad
574 1853 809 1897 aedificium
854 1851 1146 1896 formarentur
1164 1873 1175 1910 3
1210 1853 1432 1912 quomodo
1468 1853 1701 1912 colligendi

317 1937 419 1973 sunt
439 1962 449 1980 ,
489 1926 565 1986 qui
593 1924 648 1968 de
686 1939 820 1967 manu
864 1923 1037 1967 artificis
1079 1922 1383 1982 inquietudine
1418 1922 1702 1968 ceciderunt?

323 2019 343 2041 «
377 1997 615 2042 AEdificans
638 1993 877 2038 Jerusalem
901 1994 1125 2038 Dominuse
1142 1996 1285 2038 »Ecce
1305 2009 1435 2053 quem
1456 1994 1698 2049 laudamus,

320 2084 419 2114 ecce
450 2067 521 2112 cui
554 2066 729 2110 laudem
758 2073 848 2108 tota
879 2065 967 2109 vita
1003 2073 1150 2109 nostra
1171 2064 1395 2107 debemus.
1427 2082 1447 2105 (ι
1466 2065 1702 2109 AEdificans

321 2161 342 2183 »
378 2138 617 2184 Jerusalem
639 2136 848 2181 Dominus
867 2170 877 2189 ‚
904 2143 946 2178 et
968 2134 1251 2192 dispersiones
1281 2134 1411 2177 Israc'l
1429 2134 1651 2193 colligens.
1677 2154 1698 2177 »

379 2212 433 2253 V.
461 2207 688 2261 Quomodo
707 2205 901 2262 colligit?
923 2202 1032 2264 quid
1052 2203 1140 2262 agit
1159 2238 1169 2258 ‚
1190 2212 1240 2247 ut
1261 2203 1465 2261 colligat?
1487 2223 1507 2246 «
1529 2206 1700 2258 Qui'sa-

323 2301 343 2324 »
379 2289 454 2324 nat
472 2278 678 2323 contritos
701 2275 872 2320 corde-⁶⁵.
901 2293 921 2316 »
949 2278 1061 2318 Ecce
1083 2273 1306 2334 quomodo
1324 2274 1590 2334 colliguntur
1612 2277 1702 2320 dis-

321 2351 539 2413 persiones
563 2347 694 2393 Isra‘e'l
709 2383 719 2402 ,
753 2355 801 2390 ut
823 2355 1028 2389 sanentur
1045 2345 1220 2389 contriti
1241 2346 1384 2389 corde.
1412 2347 1497 2398 Qui
1517 2363 1591 2391 cor
1612 2363 1702 2393 non

319 2428 572 2474 conterunt,
593 2433 682 2462 non
701 2425 923 2462 sanantur.
945 2415 1062 2469 Quid
1084 2424 1147 2460 est
1169 2425 1391 2460 conterere
1414 2433 1488 2461 cor
1503 2419 1520 2459 ‘?
1537 2420 1699 2464 Notum

370 2514 380 2532 ¹
400 2509 478 2540 Gen.
498 2515 598 2547 xxxu,
614 2504 668 2536 28,
692 2519 733 2526 u·
751 2509 763 2525 ²
783 2505 870 2536 Rom.
895 2512 927 2542 ν,
948 2501 980 2535 8.
1001 2517 1042 2526 -
1062 2499 1077 2526 3
1094 2500 1176 2534 Psal.
1195 2512 1297 2543 exivi,
1318 2502 1348 2534 3.

1789 2455 1793 2494 l

1789 2504 1792 2515 ι

1789 2522 1793 2541 i
