1815 3253
363 236 448 276 296
793 244 828 275 s.
864 245 1094 275 Ancus-nm
1123 246 1305 275 EPISCOPI

366 329 388 353 »
421 324 574 356 eorum
590 311 620 354 ¹.
648 328 669 352 »
692 309 847 370 Injusti
877 323 978 368 ergo
998 309 1074 371 qui
1096 325 1266 355 securos
1298 324 1342 354 se
1374 309 1609 368 putabant,
1633 310 1735 371 quia

362 396 452 425 non
474 389 596 424 erant
617 378 732 425 oculi
754 380 928 425 Domini
947 394 1076 439 super
1095 395 1189 435 cos,
1213 395 1302 424 non
1318 379 1497 435 timent,
1523 380 1625 439 quia
1645 395 1735 425 non

360 459 464 495 sunt
481 465 604 494 aures
625 451 716 510 ejus
741 451 797 494 ad
817 465 966 509 preces
993 451 1174 494 eorum?
1193 452 1346 495 Nonne
1375 449 1528 494 melius
1555 459 1599 494 et
1620 450 1736 494 oculi

360 523 452 582 ejus
470 536 598 580 super
620 536 698 565 nos
718 555 729 575 ‚
753 529 796 564 et
810 535 933 564 aures
954 520 1043 579 ejus
1066 519 1122 564 ad
1140 535 1285 579 preces
1307 522 1507 564 nostras?
1531 519 1616 565 Sed
1636 535 1736 565 cum

359 590 463 636 facis
485 606 535 634 ca
556 606 685 650 super
704 607 802 651 quae
824 606 913 634 non
934 590 996 634 vis
1018 605 1106 634 esse
1131 590 1279 635 oculos
1306 590 1504 645 Domini,
1541 606 1630 634 non
1651 605 1738 635 me-

357 663 461 706 reris
473 662 673 722 precibus
689 661 775 706 tuis
787 670 829 705 et
843 676 966 705 aures
981 661 1151 705 Domini
1168 680 1176 705 :
1196 670 1239 705 et
1253 670 1399 705 tamen
1411 661 1523 705 male
1539 660 1738 706 faciendo

354 749 377 778 a
398 742 440 777 te
462 748 553 776 non
576 733 731 776 avertis
753 731 902 776 oculos
920 731 1109 775 Domini.
1135 730 1253 784 Quid
1275 732 1392 774 enim
1428 730 1490 774 ibi
1512 732 1738 791 sequitur?

359 823 380 846 «
395 802 554 848 Vultus
567 812 713 847 autem
725 802 897 847 Domini
909 816 1038 861 super
1054 800 1260 846 facientes
1274 800 1431 845 mala.»
1441 801 1525 845 Sed
1539 802 1594 845 ad
1605 802 1740 861 quid?

360 892 383 916 «
408 875 464 917 Ut
485 871 638 932 perdat
660 872 714 917 de
737 881 848 916 terra
866 872 1118 916 memoriam
1134 886 1299 915 eorum.
1327 889 1348 912 »
1372 871 1502 915 Vides
1520 881 1562 915 te
1583 872 1735 926 videri,

356 943 476 988 vides
492 953 535 988 te
551 943 686 987 latere
710 959 801 988 non
818 959 945 1002 posse¹
967 959 975 984 :
1002 958 1101 986 cum
1136 957 1237 1000 ergo
1259 942 1476 1002 quidquid
1502 942 1653 986 feceris
1674 943 1740 987 vi-

356 1014 516 1069 dearis,
542 1029 674 1073 quare
688 1014 772 1058 hoc
794 1029 883 1058 non
902 1013 1007 1057 facis
1029 1011 1147 1057 unde
1174 1012 1344 1072 placere
1377 1012 1603 1056 merearis?
1624 1015 1740 1070 Ergo

356 1093 401 1128 et
421 1084 492 1128 hic
515 1082 649 1143 quid?
683 1103 703 1125 «
727 1084 944 1136 Quoniam
974 1098 1129 1141 magna
1151 1091 1214 1126 est
1243 1082 1376 1141 gloria
1404 1082 1599 1137 Domini,
1626 1098 1741 1142 quo-

358 1172 380 1196 »
416 1155 534 1198 niam
556 1153 747 1198 excelsus
769 1154 1004 1209 Dominus,
1029 1162 1071 1197 et
1090 1152 1270 1196 humilia
1294 1153 1481 1212 respicit.
1505 1171 1526 1194 »
1560 1152 1740 1197 Excelsa

357 1234 502 1269 autem
517 1224 640 1283 quasi
655 1239 744 1267 non
758 1223 944 1283 respicit.
969 1242 989 1264 α
1004 1223 1195 1266 Humilia
1209 1223 1325 1276 enim
1339 1223 1525 1283 respicit.
1546 1223 1738 1279 Excelsa,

359 1312 380 1336 >›
409 1293 541 1354 quid?
557 1310 580 1337 a
600 1293 731 1352 longe
752 1295 987 1351 cognoscit.
1014 1313 1034 1335 »
1053 1294 1167 1347 Quid
1188 1294 1267 1337 sibi
1283 1309 1385 1352 ergo
1402 1302 1577 1352 praestat
1599 1308 1742 1352 super·
1769 1292 1774 1352 j

357 1364 468 1408 bus?
492 1365 548 1407 Ut
570 1379 593 1406 a
615 1363 744 1420 longe
761 1363 985 1420 videatur3
1009 1379 1099 1408 uon
1123 1372 1172 1406 ut
1195 1379 1284 1407 non
1304 1363 1530 1407 videatur?
1546 1365 1634 1408 Nec
1656 1378 1741 1422 pu·
1776 1371 1778 1374 ’

354 1443 419 1479 tes
432 1443 474 1478 te
495 1434 594 1477 ideo
606 1449 808 1478 securum
823 1449 911 1478 esse
929 1433 1111 1488 debere,
1129 1434 1249 1493 quod
1263 1433 1403 1476 minus
1421 1432 1533 1476 bene
1551 1441 1592 1476 te
1604 1433 1739 1488 videt,
1769 1435 1777 1501 ξ

353 1504 432 1564 qui
453 1520 476 1548 a
498 1503 629 1562 longe
651 1512 694 1547 te
715 1503 851 1547 videt.
880 1507 945 1547 Tu
981 1503 1098 1546 enim
1118 1502 1238 1563 quod
1265 1519 1288 1547 a
1319 1502 1448 1560 longe
1484 1502 1628 1558 vides,
1653 1518 1743 1547 non

352 1574 468 1619 bene
489 1573 609 1618 vides
636 1592 645 1617 ε
672 1576 786 1617 Deus
804 1574 883 1617 etsi
907 1589 929 1617 a
950 1573 1078 1631 longe
1101 1582 1144 1617 te
1164 1572 1304 1627 videt,
1329 1571 1520 1632 perfecte
1542 1583 1584 1616 te
1605 1572 1739 1628 videt,

354 1653 401 1688 et
422 1653 570 1688 tecum
603 1658 693 1687 non
716 1651 793 1686 est.
838 1645 932 1687 Hoc
955 1644 1064 1701 agis,
1100 1658 1190 1686 non
1212 1651 1262 1686 ut
1295 1642 1438 1686 minus
1466 1641 1657 1702 perfecte
1677 1643 1744 1687 vi-

356 1713 523 1770 deari53
548 1711 622 1756 sed
645 1721 695 1756 ut
720 1728 809 1756 non
831 1713 885 1756 sis
907 1728 1007 1756 cum
1029 1711 1104 1756 illo
1123 1729 1146 1756 a
1167 1727 1254 1771 quo
1268 1711 1440 1756 videris.
1467 1715 1524 1756 At
1538 1727 1639 1756 vcro
1656 1713 1742 1756 hu-

356 1783 470 1829 milis
492 1781 601 1842 quid
631 1781 711 1826 sibi
732 1783 931 1840 praestat?
957 1801 976 1823 «
997 1785 1138 1841 Prope
1155 1791 1218 1826 est
1242 1781 1449 1826 Dominus
1470 1781 1535 1825 his
1560 1783 1636 1841 qui
1659 1781 1742 1826 ob-

364 1872 385 1895 »
420 1854 635 1898 triverunt
664 1856 777 1897 cor2.
812 1870 832 1894 »
861 1852 1009 1910 Erigat
1045 1868 1089 1896 se
1115 1867 1218 1910 ergo
1249 1851 1485 1911 superbus,
1528 1861 1742 1910 quantum
1768 1870 1773 1923 ι
1809 1875 1811 1897 ι

359 1924 548 1969 voluerit
573 1939 582 1964 :
609 1932 724 1967 certe
741 1924 786 1966 in
803 1922 891 1967 alto
903 1923 1072 1967 habitat
1088 1926 1224 1978 Deus,
1244 1922 1290 1965 in
1312 1922 1424 1966 coelo
1440 1931 1503 1966 est
1519 1925 1630 1966 Deus
1653 1941 1662 1967 :
1680 1923 1743 1967 vis
1768 1925 1773 1971 Ι
1810 1948 1811 1966 η

358 1994 441 2038 tibi
468 1993 763 2054 propinquet?
802 1992 992 2036 Humilia
1022 2002 1079 2036 te.
1114 1995 1223 2038 Nam
1244 2001 1367 2036 tanto
1393 2008 1416 2035 a
1439 2001 1482 2036 te
1513 1992 1594 2036 erit
1617 1992 1744 2037 altior

359 2074 526 2126 quanto
547 2073 597 2108 tu
633 2063 800 2107 elatior.
841 2082 862 2105 «
887 2063 1063 2107 Excelsa
1085 2072 1230 2106 autem
1251 2078 1274 2106 a
1295 2062 1425 2120 longe
1458 2063 1693 2120 cognoscit.
1718 2082 1738 2104 »

419 2138 522 2179 XII.
551 2153 572 2177 «
599 2135 643 2179 Si
671 2133 951 2178 ambulavero
977 2134 1022 2177 in
1041 2133 1185 2177 medio
1209 2131 1524 2187 tribulationis,
1550 2132 1742 2178 vivifica-

362 2222 385 2248 »
419 2205 484 2248 bis
504 2219 590 2247 me.
619 2222 639 2245 »
666 2206 829 2247 Verum
852 2212 916 2247 est
942 2222 950 2247 :
974 2203 1020 2246 in
1043 2218 1321 2263 quacumque
1346 2202 1625 2247 tribulatione
1647 2202 1744 2247 fue-
1812 2227 1815 2251 1

357 2275 438 2330 ris,
463 2274 694 2328 confitere,
718 2273 895 2328 invoca3
919 2272 1075 2316 liberat
1099 2282 1138 2316 te
1156 2307 1166 2326 ‚
1191 2272 1380 2317 vivificat
1403 2281 1457 2316 te.
1491 2273 1574 2316 Sed
1598 2282 1743 2317 tamen
1795 2290 1815 2304 *v

358 2343 526 2404 aliquid
544 2343 615 2387 hic
632 2342 842 2386 debemus
872 2342 1024 2386 melius
1054 2341 1312 2400 intelligere,
1338 2358 1426 2402 quo
1443 2343 1531 2402 jam
1554 2341 1743 2387 familia-

355 2415 447 2460 rius
482 2415 770 2458 inhaereamus
795 2416 903 2468 Deo,
930 2412 1212 2473 dicamusque
1233 2412 1319 2467 illi,
1354 2413 1452 2457 Cito
1474 2412 1627 2456 exaudi
1651 2428 1735 2457 me.
1798 2425 1815 2484 1

356 2485 526 2529 Dixerat
553 2484 668 2527 enim
696 2502 716 2525 «
746 2482 923 2527 Excelsa
958 2483 1130 2543 alonge
1167 2484 1387 2542 cognoscit
1415 2502 1423 2527 :
1456 2501 1475 2524 »
1508 2492 1550 2528 et
1572 2483 1737 2527 excelsa
1802 2495 1814 2527 1λ

1810 2018 1813 2035 ὶ

407 2576 416 2593 ¹
438 2569 516 2602 Psal.
539 2580 651 2611 xxxui,
675 2571 724 2601 16.
746 2586 787 2592 -
806 2568 920 2602 ²1bid.
947 2580 999 2610 17,
1022 2579 1074 2610 ¹9·

1766 2532 1769 2585 f

1766 2591 1768 2658 !

1765 2662 1768 2730 ε
