1856 3268
441 233 682 267 mannum
714 239 759 266 m
791 235 996 268 PsALMUM
1025 240 1117 267 cn.
1405 231 1456 269 15

74 319 136 355 tra
164 310 256 369 ipsa
274 343 286 365 ‚
319 310 428 371 quid
459 320 524 355 est
546 311 721 356 dextera
747 330 755 356 :
781 327 883 356 cum
910 311 965 355 de
998 311 1218 371 Sapientia
1250 311 1416 357 diceret
1438 332 1447 357 ε

74 399 93 421 «
128 380 378 440 Longitudo
394 416 405 437 ‚
439 380 600 442 inquit,
638 382 809 426 dierum
825 417 835 436 ‚
867 391 910 426 et
943 381 1045 425 anni
1076 381 1174 426 vitae
1202 382 1247 425 in
1275 381 1454 427 dextera

74 469 94 492 »
127 452 162 511 ej
171 451 289 506 us‚in
304 452 474 496 sinistra
489 462 635 497 autem
650 453 739 512 ejus
754 452 915 497 divitiae
928 461 971 496 et
985 451 1162 510 gloria¹.
1174 472 1190 493 >›
1204 453 1456 511 Longitudo

67 521 139 566 illa
161 522 352 577 dierum,
379 523 597 567 aeternitas
623 533 701 567 est.
736 526 829 567 Hoc
856 523 972 567 enim
996 523 1171 582 proprio
1195 523 1325 566 modo
1347 523 1454 567 dicit

73 593 291 652 Scriptura
305 594 501 653 longum,
523 593 643 653 quod
657 604 871 638 aeternum
884 602 961 638 est.
976 596 1082 639 Nam
1098 594 1314 654 quidquid
1327 595 1459 638 finem

71 664 219 717 habet,
239 665 366 708 breve
384 664 570 709 est.Alio
593 664 706 719 loco⁷
728 683 744 705 «
761 664 1072 723 Longitudine,
1095 665 1262 725 inquit,
1289 664 1459 709 dierum

75 751 95 775 »
114 734 290 794 replebo
313 737 484 779 eum2.»
499 738 554 779 Et
571 735 787 796 numquid
806 735 928 779 aliter
944 750 1021 794 pro
1043 751 1201 793 magno
1219 734 1456 781 diceretur:

77 824 94 846 «
119 808 293 850 Honora
309 815 474 865 patrem
490 815 615 850 tuum
629 817 672 851 et
687 816 868 850 matrem
883 815 1019 861 tuam,
1035 815 1081 850 ut
1092 805 1317 864 longaevus
1329 808 1382 850 sis
1396 823 1462 851 su-

78 895 96 917 »
114 891 189 935 per
201 886 356 921 terram
367 878 408 920 3?
422 897 438 918 »
457 880 594 936 Super
606 893 739 936 quam
750 877 866 920 enim
880 886 1055 930 terram,
1068 876 1149 919 nisi
1161 877 1216 919 de
1230 893 1315 936 qua
1332 878 1458 923 dicit:

76 964 92 986 «
117 949 220 1006 Spes
239 963 334 991 mea
349 963 391 991 es
410 957 473 1002 tu,
491 948 632 1006 portio
650 963 745 992 mea
763 948 808 991 in
827 957 939 991 >terra
952 947 1218 992 viventium⁴
1231 950 1249 991 Ξ)
1264 969 1280 989 »
1294 949 1358 991 Ibi
1371 964 1459 992 esse

69 1014 315 1075 longaevum
340 1017 448 1077 quid
466 1027 529 1061 est
544 1053 555 1073 ⁷
579 1017 660 1061 nisi
684 1017 745 1060 ibi
761 1018 904 1061 vivere
924 1017 968 1060 in
985 1019 1232 1062 aeternum?
1253 1021 1362 1062 Nam
1389 1019 1457 1063 hic

70 1103 157 1131 esse
170 1087 417 1146 longaevum
431 1088 534 1149 quid
550 1098 629 1143 est,
647 1089 729 1132 nisi
748 1088 803 1131 ad
819 1097 1086 1132 senectutem
1101 1089 1326 1146 pervenire
1338 1092 1355 1133 P
1367 1090 1459 1134 Etsi

69 1157 199 1217 longa
221 1159 393 1204 videtur
416 1169 517 1203 aetas
537 1195 548 1214 ‚
574 1175 674 1203 cum
698 1159 943 1218 pervenerit
962 1194 973 1213 ,
994 1159 1133 1202 brevis
1155 1160 1429 1204 convincitur
1444 1197 1455 1213 ‚

69 1229 171 1288 quia
192 1230 356 1275 finitur.
376 1233 432 1275 Et
453 1230 581 1275 multi
604 1230 909 1274 maledicentes
933 1230 1202 1289 parentibus,
1228 1241 1459 1276 senescunt

69 1299 115 1343 in
136 1301 216 1346 hac
239 1311 378 1358 terra3
414 1301 544 1346 multi
573 1311 719 1346 autem
746 1302 1036 1361 obsequentes
1056 1302 1311 1360 parentibus
1331 1337 1342 1357 ,
1368 1304 1455 1348 cito

69 1381 175 1416 eunt
187 1371 242 1416 ad
259 1373 506 1417 Dominum.
518 1372 743 1433 Numquid
755 1387 855 1430 ergo
873 1371 1095 1431 impletur,
1108 1381 1156 1416 ut
1168 1371 1391 1430 longaevus
1404 1374 1458 1418 sit

69 1442 310 1487 secundum
329 1445 442 1488 hanc
461 1445 626 1489 vitam?
652 1443 736 1489 Sed
756 1443 1007 1502 longaevum
1026 1458 1107 1502 pro
1128 1444 1369 1488 aeternitate
1384 1445 1457 1489 illa

69 1514 259 1573 positum
277 1522 341 1558 est
355 1516 385 1558 ⁵.
403 1513 676 1573 Longaevitas
693 1523 757 1557 est
778 1514 823 1557 in
846 1513 1020 1557 dextera
1044 1514 1081 1573 ej
1090 1530 1156 1558 us:
1174 1523 1215 1558 at
1228 1529 1330 1558 vero
1346 1515 1458 1559 divi-

69 1585 140 1628 tiae
160 1594 204 1629 et
224 1584 359 1643 gloria
376 1619 387 1639 ,
414 1584 459 1628 id
482 1593 545 1628 est
560 1619 570 1639 ‚
591 1583 849 1627 sufficientia
863 1584 963 1628 vitae
980 1583 1054 1642 huj
1063 1598 1109 1626 us
1123 1618 1134 1638 ‚
1156 1598 1204 1626 ea
1224 1599 1323 1644 quae
1342 1585 1457 1629 bona

70 1656 366 1699 existimantur
380 1655 436 1698 ab
457 1653 724 1708 hominibus,
741 1652 911 1717 sinistra
934 1662 1012 1697 est.
1031 1654 1184 1698 Nescio
1205 1655 1302 1714 quis
1317 1656 1454 1711 venit,

69 1734 113 1770 et
131 1725 228 1770 vult
252 1726 331 1770 tibi
353 1735 577 1785 percutere
596 1724 832 1779 dexteram,
858 1724 901 1768 id
921 1733 1008 1778 est,
1034 1723 1188 1768 tollere
1211 1726 1293 1769 tibi
1326 1727 1457 1770 fidem

70 1805 190 1840 tuam
212 1816 221 1841 ι
240 1806 289 1841 tu
308 1797 507 1855 accepisti
526 1795 694 1855 alapam
716 1795 758 1838 in
783 1795 1180 1854 dexteram,praebe
1199 1796 1411 1841 sinistram
1423 1800 1456 1853 ⁰,

69 1865 116 1910 id
137 1875 200 1910 est
215 1902 226 1921 ‚
246 1876 296 1910 ut
311 1866 423 1909 illud
445 1865 569 1909 tollat
586 1864 707 1925 quod
730 1865 966 1924 temporale
989 1875 1077 1920 est,
1105 1875 1147 1910 et
1170 1882 1259 1911 non
1282 1884 1331 1911 ea
1359 1884 1459 1928 quae

70 1947 232 1981 aeterna
259 1937 406 1981 habes.
433 1936 594 1981 Audite
618 1936 803 1980 Paulum
826 1936 1069 1995 apostolum
1100 1938 1184 1981 hoc
1206 1937 1455 1983 facientem.

71 2009 277 2052 Homines
291 2008 667 2068 persequebantur
680 2007 725 2051 in
739 2022 789 2051 eo
807 2007 929 2067 quod
942 2007 1212 2052 Christianus
1226 2019 1317 2053 erat
1335 2029 1343 2054 ε
1361 2026 1461 2069 per-

69 2078 306 2124 cutiturilli
322 2078 595 2132 dextera‚ille
617 2077 832 2122 sinistram
851 2079 1124 2137 opponebat:
1142 2080 1287 2125 «Civis
1312 2097 1457 2126 roma-

72 2167 92 2191 »
108 2164 189 2192 nus
203 2164 314 2201 sum,
332 2149 454 2192 ait⁷.»
476 2152 700 2192 Dexteram
715 2149 1057 2192 contemnebant
1069 2148 1148 2203 illi,
1161 2150 1272 2194 etde
1286 2151 1456 2196 sinistra

71 2219 258 2263 terrebat
278 2219 350 2263 ille
370 2238 379 2264 :
398 2220 500 2279 quia
515 2218 578 2262 illi
594 2219 815 2263 dexteram
837 2220 928 2278 ejus
951 2219 1102 2262 timere
1121 2236 1210 2264 non
1232 2231 1456 2280 poterant3

69 2289 265 2334 nondum
284 2289 400 2333 enim
421 2289 592 2334 Christo
621 2289 909 2333 crediderant.
936 2289 1051 2342 Quid
1068 2306 1171 2349 ergo
1191 2326 1202 2346 ,
1224 2292 1258 2335 si
1282 2292 1457 2336 dextera

70 2359 373 2419 amplectitur,
404 2360 572 2404 sinistra
599 2359 681 2404 sub
710 2359 849 2418 capite
882 2369 970 2417 est3
995 2359 1102 2420 quid
1125 2370 1209 2416 est,
1239 2381 1258 2403 s<
1284 2363 1456 2408 Nesciat.

73 2447 94 2472 »
128 2430 297 2475 sinistra
316 2439 391 2474 tua
413 2431 520 2491 quid
543 2429 673 2475 faciat
694 2431 869 2475 dextera
893 2433 1028 2475 tuas?
1049 2450 1068 2472 »
1096 2432 1148 2475 Id
1169 2441 1233 2476 est
1248 2468 1258 2487 ,
1280 2434 1457 2493 quando

118 2532 127 2548 ¹
151 2528 242 2558 Prov.
264 2537 308 2564 lu,
332 2527 384 2557 16.
401 2542 443 2547 —
458 2532 471 2547 ²
491 2525 570 2557 Psal.
592 2537 641 2566 xc,
665 2525 715 2557 16.
743 2542 785 2548 —
805 2524 818 2548 3
843 2526 940 2559 Exod.
963 2537 1014 2567 xx,
1046 2536 1097 2558 12.
1114 2544 1154 2549 —
1173 2526 1189 2552 4
1207 2528 1291 2560 Psal.
1313 2540 1384 2560 exn
1422 2529 1455 2562 6.
1519 2561 1523 2563 r

73 2579 141 2604 ...5
155 2583 250 2615 Prov.
272 2592 321 2623 111,
335 2581 368 2614 6.
385 2597 427 2604 —
441 2578 456 2604 6
483 2580 596 2614 Matth.
618 2591 650 2622 v,
670 2581 725 2622 39.
743 2594 785 2603 -‘-
808 2588 821 2614 7
841 2583 914 2614 Act.
934 2593 1013 2623 ιω,
1033 2582 1086 2614 25.
1104 2599 1144 2606 -·
1164 2581 1178 2605 3
1195 2582 1308 2615 Matth.
1328 2595 1376 2625 vr,
1396 2584 1427 2617 3.
