1815 3253
340 150 357 185 1
369 146 390 185 4
399 146 419 184 4
747 155 781 184 S.
817 155 842 183 Α
851 160 1047 186 UGUS‘an
1081 159 1260 186 EPISCOPI

335 223 457 266 Dicat
480 220 589 265 illud
609 257 619 276 ,
645 237 732 266 non
753 221 862 265 illud
884 223 1043 267 timeat.
1070 226 1167 276 Quo
1191 223 1304 267 enim
1326 223 1455 279 valet,
1480 223 1600 284 quod
1615 239 1714 268 cum

334 291 509 336 dixisset
535 310 543 336 :
572 311 591 334 «
615 294 735 351 Saepe
754 302 1113 350 expugnaverunt
1135 308 1203 336 me
1221 328 1232 348 ‚
1250 292 1450 338 »addidit
1470 312 1487 334 «
1510 298 1546 338 A
1564 296 1717 355 juven-

338 379 357 402 »
396 371 485 407 tute
502 363 630 405 mea?
650 380 668 402 υ
691 364 787 405 Jam
809 361 938 418 modo
964 362 1166 407 Ecclesiae
1187 372 1385 407 senectus
1407 373 1683 422 expugnatur
1702 397 1713 418 ‚

333 431 409 476 sed
438 447 527 476 non
550 432 699 476 timeat
721 451 729 476 ;
753 431 868 476 dicat
894 451 903 477 :
933 452 952 474 «
982 435 1104 492 Saepe
1132 443 1491 493 expugnaverunt
1511 449 1581 478 me
1603 450 1626 478 a
1642 434 1716 493 ju-

338 520 358 544 »
394 511 572 548 ventute
588 518 698 546 mea.
721 521 740 543 »
767 501 991 562 Numquid
1009 502 1107 547 ideo
1129 519 1219 548 non
1238 504 1435 563 pervenit
1450 504 1504 549 ad
1525 512 1719 548 senectu-

335 582 423 617 tem
437 609 448 627 ,
467 573 568 633 quia
589 589 678 617 non
696 583 968 617 cessaverunt
990 572 1052 617 illi
1073 574 1392 633 expugnando?
1408 575 1625 634 numquid
1645 572 1720 618 de-

335 642 423 686 lere
446 646 722 702 potuerunt?
747 663 767 685 «
802 644 924 688 Dicat
951 659 1054 688 vero
1088 644 1219 689 Israel
1248 664 1257 689 z
1282 663 1302 686 »
1328 654 1372 689 et
1394 643 1644 689 consoletur
1674 659 1718 688 se

337 713 466 757 lsrael
482 748 492 766 ‚
513 713 760 758 consoletur
780 729 822 756 se
845 714 936 773 ipsa
954 713 1142 758 Ecclesia
1164 716 1218 758 de
1234 714 1460 774 praeteritis
1480 713 1687 773 exemplis
1703 749 1715 770 ,

333 793 375 828 et
394 784 508 828 dicat
534 803 543 829 2
572 803 592 827 «
619 787 741 844 Saepe
763 794 1123 844 expugnaverunt
1144 800 1213 828 me
1235 801 1258 829 a
1273 786 1506 845 juventute
1524 799 1635 828 mea.
1664 802 1685 826 »

394 857 468 898 lV.
508 857 652 908 Quare
683 856 1077 914 expugnaverunt?
1104 874 1124 896 «
1149 855 1323 899 Etenim
1357 870 1448 899 non
1480 863 1720 914 potuerunt

338 942 357 964 »
394 925 515 968 mihi.
551 927 688 983 Supra
711 924 887 969 dorsum
915 939 1062 968 meum
1091 924 1418 969 fabricaverunt
1440 933 1683 983 peccatores
1703 959 1714 979 ‚

339 1012 358 1035 »
394 994 523 1052 longe
545 994 1019 1054 feceruntjnjustitiam
1040 1010 1161 1038 suam
1175 997 1204 1038 1.
1234 1013 1253 1035 >›
1281 999 1421 1047 Quare
1441 1009 1718 1053 expugnave-

334 1066 472 1108 runt?
494 1083 513 1106 «
535 1065 641 1118 Quia
658 1081 746 1108 non
770 1074 1008 1123 potuerunt
1030 1065 1150 1108 mihi.
1176 1083 1196 1107 »
1219 1065 1336 1118 Quid
1358 1074 1442 1119 est,
1474 1084 1494 1107 «
1520 1068 1617 1110 Non
1639 1080 1719 1124 po-

336 1154 355 1176 »
394 1144 571 1179 tuerunt
594 1136 728 1178 mihi?
754 1154 772 1176 »
802 1139 832 1178 F
839 1136 1042 1179 abricare.
1070 1135 1186 1188 Quid
1208 1144 1297 1190 est,
1328 1138 1461 1180 «Non
1480 1143 1719 1194 potuerunt

336 1224 355 1247 »
392 1205 530 1248 mihi?
556 1224 575 1246 »
596 1208 692 1250 Non
714 1204 797 1249 illis
819 1206 1014 1249 consensi
1038 1205 1092 1249 ad
1116 1204 1294 1249 malum.
1321 1206 1471 1249 Omnis
1493 1206 1609 1249 enim
1631 1220 1718 1249 ma·
1769 1239 1770 1248 1

332 1274 397 1318 lus
421 1274 518 1318 ideo
540 1275 814 1333 persequitur
832 1275 1015 1330 bonum,
1036 1275 1135 1334 quia
1154 1291 1241 1318 non
1259 1274 1323 1318 illi
1340 1275 1555 1319 consentit
1578 1275 1718 1319 bonus
1768 1331 1769 1334 Ἴ

332 1344 387 1388 ad
407 1344 583 1387 malum.
611 1344 759 1388 Faciat
781 1343 948 1404 aliquid
968 1345 1070 1388 mali
1089 1380 1099 1400 ‚
1127 1361 1216 1388 non
1239 1345 1441 1404 objurget
1463 1345 1688 1404 episcopus
1703 1379 1714 1400 ‚
1768 1361 1769 1369 ¹

331 1414 473 1457 bonus
492 1422 555 1456 est
572 1413 798 1472 episcopus
821 1432 828 1457 :
856 1413 1059 1472 objurget
1081 1414 1307 1473 episcopus
1328 1449 1338 1468 ‚
1359 1413 1498 1458 malus
1515 1423 1579 1458 est
1600 1413 1716 1473 epis-

331 1498 479 1542 copus.
506 1483 662 1542 Rapiat
685 1482 863 1542 aliquid,
889 1492 1029 1526 taceat
1049 1483 1120 1527 cui
1137 1483 1264 1542 rapit,
1284 1483 1426 1528 bonus
1449 1493 1512 1527 est
1534 1503 1544 1528 ι
1565 1483 1716 1527 saltem

331 1552 536 1612 loquatur
558 1561 601 1596 et
619 1551 922 1611 reprehendat,
949 1553 1027 1596 etsi
1045 1568 1134 1596 non
1156 1562 1324 1611 repetat
1338 1588 1349 1607 ‚
1369 1553 1508 1597 malus
1525 1562 1602 1596 est.
1619 1556 1714 1597 Ma-

330 1621 397 1666 lus
420 1623 572 1682 estqui
592 1621 870 1680 reprehendit
899 1631 1117 1680 raptorem
1139 1657 1150 1676 ⁷
1176 1632 1218 1666 et
1245 1622 1388 1666 bonus
1409 1623 1563 1682 estqui
1586 1622 1711 1681 rapit.

332 1692 555 1736 Ambulet.
581 1712 600 1733 «
628 1692 943 1737 Manducemus
972 1703 1014 1738 et
1050 1694 1277 1747 bibamus,
1302 1708 1393 1736 cras
1420 1693 1537 1736 enim
1560 1692 1716 1736 morie-

335 1781 354 1804 »
392 1766 528 1806 mur'2.
547 1781 565 1803 »
587 1765 749 1807 Contra
767 1763 998 1822 Apostolus
1021 1783 1029 1808 :
1054 1783 1074 1805 «
1100 1763 1556 1822 C01·ru1npunt·bonos
1576 1778 1715 1807 mores
1764 1765 1765 1772 ’

336 1851 355 1873 »
391 1832 609 1892 colloquia
627 1832 740 1876 mala
755 1834 814 1876 3.»
840 1833 980 1877 Sobrii
997 1842 1132 1877 estote
1149 1833 1254 1893 justi
1268 1868 1278 1887 ,
1306 1842 1350 1876 et
1370 1832 1505 1876 nolite
1520 1848 1711 1892 peccare.

334 1906 467 1947 Sonat
485 1902 689 1957 verbum,
711 1912 834 1947 sonat
851 1918 992 1946 sermo
1014 1901 1306 1947 contradictor
1329 1901 1522 1946 libidinis
1545 1922 1553 1947 :
1579 1912 1623 1947 at
1643 1901 1714 1946 ille

332 1973 493 2015 amicus
525 1971 717 2015 libidinis
751 1987 840 2015 suae
861 2007 871 2026 ,
897 1981 939 2015 et
963 1972 1162 2016 inimicus
1195 1971 1380 2015 sermoni
1403 1971 1715 2016 contradicenti

333 2042 481 2085 amicae
503 2057 590 2084 succ
608 2076 617 2095 ,
643 2039 824 2084 infestus
842 2050 905 2084 est
920 2076 931 2095 ,
953 2050 996 2084 et
1012 2040 1105 2085 odit
1126 2056 1368 2084 sermonem
1388 2041 1478 2085 Dei.
1506 2044 1635 2085 Facta
1653 2050 1716 2085 est

332 2113 468 2157 amica
487 2111 887 2166 avaritia‚inimicus
903 2115 1030 2155 Deus.
1057 2111 1328 2156 Contradicit
1347 2112 1461 2154 enim
1482 2114 1596 2155 Deus
1613 2127 1715 2156 ava-

331 2183 438 2226 ritiae
459 2217 469 2236 ,
505 2181 659 2225 etvult
690 2180 798 2225 nihil
820 2181 1026 2241 possideri
1045 2182 1099 2224 ab
1129 2181 1320 2225 avaritia.
1348 2184 1441 2239 Ego
1463 2180 1710 2240 possidear,

331 2252 502 2296 clamat.
536 2251 651 2304 Quid
674 2250 735 2295 vis
761 2251 815 2294 ab
838 2251 1011 2295 avaritia
1032 2251 1270 2310 possideri?
1296 2254 1409 2294 Dura
1426 2251 1579 2311 jubet,
1605 2250 1715 2294 levia
1759 2276 1761 2295 2

327 2323 462 2382 jubeo
484 2342 492 2365 :
514 2337 623 2366 onus
645 2322 733 2380 ejus
756 2336 898 2378 grave,
918 2321 1082 2365 sarcina
1106 2337 1199 2364 mea
1217 2321 1323 2364 levis
1340 2330 1403 2365 est
1423 2341 1431 2364 z
1451 2322 1607 2381 jugum
1625 2322 1712 2380 ejus

333 2407 531 2450 asperum
555 2401 617 2434 cst
632 2426 642 2445 ⁷
663 2393 819 2451 jugum
838 2407 982 2435 meum
1003 2391 1101 2434 lene
1123 2400 1186 2435 est
1201 2393 1231 2434 ³.
1253 2389 1350 2435 Noli
1372 2390 1481 2443 velle
1498 2391 1553 2434 ab
1575 2390 1713 2434 avari-

379 2482 386 2499 ¹
408 2476 487 2508 Psul.
503 2486 631 2516 cxxviii,
647 2475 677 2506 3.
695 2493 733 2497 —
753 2482 763 2497 ²
783 2477 948 2514 Isa‘i'.xx11,
963 2476 1055 2516 13‚et
1078 2487 1089 2506 1
1106 2477 1179 2508 Cor.
1197 2485 1253 2516 xv,
1269 2473 1381 2516 32-34.
1394 2490 1434 2497 —
1450 2471 1463 2497 3
1477 2473 1589 2506 Matth.
1602 2474 1709 2516 x1,3o.
