1815 3253
385 234 625 264 ENARRATlo
658 237 702 264 IN
736 233 939 264 PsALMUM
970 238 1101 265 cxxx.
1349 226 1430 265 173

46 305 207 365 majora
225 302 430 348 videntur
461 302 611 347 fecisse
632 302 854 362 Apostoli,
890 318 1020 364 quam
1046 303 1137 362 ipse
1173 303 1429 348 Dominus&

50 374 133 421 Sed
159 374 277 418 unde
299 373 392 417 fieri
424 382 587 433 potest,
629 383 678 417 ut
706 372 804 433 plus
834 372 1007 417 valeant
1034 382 1270 427 sarmenta,
1297 388 1431 433 quam

47 444 165 490 radix
180 443 441 497 PQuomodo
457 453 604 487 autem
622 444 746 503 quasi
768 444 931 503 majora
952 441 1158 487 videntur
1180 442 1329 487 fecisse
1350 442 1430 497 illi,

48 530 178 577 quam
215 513 318 558 ille?
355 513 424 559 Ad
444 530 597 559 vocem
634 514 808 559 Domini
844 522 1124 558 surrexerunt
1152 514 1345 568 mortui,
1378 512 1434 557 ad

48 587 247 632 umbram
282 585 541 628 transeuntis
573 585 688 629 Petri
710 584 893 629 surrexit
916 594 1114 629 mortuus
1128 588 1160 628 ².
1186 585 1326 644 Majus
1349 584 1434 628 hoc

49 656 238 711 videtur,
263 672 392 717 quam
414 655 537 699 illud.
570 655 654 701 Sed
670 656 867 701 Christus
884 655 1027 701 facere
1049 656 1139 700 sine
1158 659 1287 700 Petro
1310 665 1436 715 pote-

49 739 139 784 rat,
160 733 312 773 Petrus
331 728 411 772 nisi
432 728 477 771 in
501 728 674 773 Christo
698 744 786 772 non
809 738 980 788 poterat
1005 750 1014 773 ς
1044 748 1063 770 «
1089 728 1199 781 Quia
1224 727 1315 771 sine
1336 732 1406 770 me
1422 762 1432 781 ‚

52 818 73 841 »
108 800 276 860 inquit,
304 798 409 843 nihil
434 800 609 858 potestis
627 800 809 844 faceress.
839 819 858 841 »
886 802 998 845 Cum
1016 815 1119 858 ergo
1144 799 1228 843 hoc
1252 797 1438 842 audierit

48 871 179 914 homo
199 871 274 930 qui
299 870 492 929 proficit,
517 871 639 930 quasi
663 871 877 931 abjectam
913 869 1176 914 calumniam
1199 870 1253 913 ab
1276 869 1436 927 ignaris

50 940 230 999 Paganis
246 975 256 994 ‚
294 941 347 983 ab
372 941 621 983 hominibus
648 941 944 985 nescientibus
967 939 1075 1000 quid
1099 939 1367 1000 loquantur3
1392 940 1437 983 in

49 1025 252 1070 campage
269 1010 460 1069 corporis
481 1010 640 1054 Christi
659 1010 946 1070 respondeat,
973 1020 1016 1054 et
1034 1010 1150 1054 dicat
1169 1045 1178 1060 ,
1205 1011 1287 1063 Qui
1312 1010 1434 1060 dicis,

49 1083 144 1126 Non
167 1096 209 1124 es
225 1081 388 1140 justus,
415 1082 516 1140 quia
538 1095 627 1124 non
650 1079 755 1124 facis
774 1080 1008 1137 miracula3
1028 1095 1172 1139 posses
1190 1089 1234 1124 et
1261 1081 1354 1124 auri
1376 1079 1441 1123 di-

49 1167 166 1204 cere,
192 1154 289 1196 Non
311 1167 353 1194 es
380 1151 425 1194 in
447 1166 654 1210 corpore,
681 1151 783 1211 quia
816 1166 905 1194 non
929 1150 1049 1194 vides
1071 1185 1082 1205 ⁷
1105 1149 1219 1194 faces
1234 1185 1245 1205 ,
1266 1150 1436 1211 inquit,

50 1231 92 1266 et
113 1231 182 1277 tu,
208 1221 319 1266 sicut
342 1230 384 1265 et
407 1224 558 1265 Petrus
581 1218 706 1266 fecit(
729 1221 811 1266 Sed
836 1225 989 1265 Petrus
1006 1221 1166 1265 etmihi
1183 1220 1314 1278 fecit3
1336 1222 1439 1281 quia

49 1294 94 1338 in
117 1309 167 1338 eo
189 1308 370 1352 corpore
395 1307 513 1348 sum,
539 1293 582 1336 in
607 1308 695 1352 quo
719 1296 872 1336 Petrus
887 1291 991 1337 fecit
1018 1312 1027 1338 2
1047 1293 1093 1336 in
1116 1291 1191 1336 illo
1214 1292 1335 1353 quod
1356 1308 1440 1352 po-

50 1373 132 1408 test
154 1379 324 1423 possum
340 1399 350 1418 ,
373 1380 394 1407 a
409 1379 498 1423 quo
516 1362 679 1408 divisus
701 1380 789 1407 non
803 1379 899 1408 sum
917 1381 925 1405 ε
945 1363 1066 1424 quod
1086 1364 1229 1407 minus
1245 1379 1438 1423 possum,

49 1434 312 1492 compatitur
334 1433 468 1490 mihi3
495 1443 538 1477 et
559 1432 680 1493 quod
702 1434 800 1493 plus
833 1443 977 1493 potest
997 1469 1007 1489 ⁷
1043 1433 1296 1492 congaudeo
1327 1433 1389 1477 illi
1405 1434 1436 1477 ⁴.

50 1507 147 1564 Ipse
168 1505 374 1548 Dominus
394 1505 580 1563 desuper
594 1503 798 1548 clamavit
820 1520 899 1564 pro
920 1520 1100 1563 corpore
1125 1520 1225 1559 suo,
1252 1524 1271 1547 «
1293 1504 1437 1560 Saule,

54 1593 72 1616 v>
111 1574 239 1619 Saule
259 1610 269 1627 ‚
296 1573 403 1634 quid
421 1589 490 1617 me
512 1574 839 1634 persequeris5?
865 1591 885 1615 υ
903 1577 960 1618 Et
978 1575 1121 1634 ipsum
1140 1590 1269 1618 nemo
1292 1585 1441 1633 tange-

50 1644 152 1699 bat,
192 1644 267 1688 sed
290 1660 369 1704 pro
394 1659 577 1704 corpore
612 1644 656 1687 in
680 1653 794 1688 terra
828 1643 1054 1689 laborante
1085 1654 1216 1704 caput
1244 1644 1298 1688 de
1327 1644 1440 1689 coelo

2 1715 5 1770 f
51 1715 281 1760 clamabat.

109 1791 209 1832 VII.
244 1788 287 1833 Si
309 1802 432 1846 ergo,
468 1786 641 1843 fratres,
678 1788 980 1848 unusquisque
1014 1787 1136 1848 quod
1164 1797 1306 1848 potest
1324 1789 1441 1848 juste

2 1851 4 1879 ³
52 1859 204 1917 egerit,
231 1869 274 1902 et
297 1859 343 1902 in
365 1873 416 1903 eo
434 1857 555 1919 quod
577 1857 683 1902 alius
705 1858 802 1918 plus
824 1868 982 1918 potest,
1009 1875 1098 1903 non
1125 1859 1344 1914 inviderit,
1366 1859 1442 1903 sed

4 1952 5 1955 ¹
53 1929 378 1989 congratulatus
392 1928 540 1983 fuerit,
558 1938 769 1989 tanquam
783 1929 827 1973 in
844 1946 934 1974 uno
949 1945 1131 1990 corpore
1143 1945 1244 1974 cum
1257 1945 1308 1974 eo
1320 1946 1441 1974 cons-

53 2000 206 2044 titutus
224 2021 235 2057 3
255 2001 442 2060 pertinet
463 1999 519 2044 ad
538 2015 638 2043 eum
661 2015 744 2044 vox
767 2000 846 2044 ista
870 2001 1056 2056 Psalmi,
1087 2001 1324 2055 «Domine,
1351 2016 1442 2045 non

56 2088 76 2112 »
111 2081 174 2115 est
201 2071 434 2116 exaltatum
469 2086 543 2115 cor
577 2086 722 2114 meum
745 2106 755 2125 ,
788 2087 945 2131 neque]
966 2071 1012 2114 in
1041 2070 1176 2115 altum
1207 2071 1309 2115 elati
1340 2081 1444 2116 sunt

56 2159 76 2183 n
111 2141 227 2186 oculi
248 2142 359 2199 mei3
394 2157 538 2202 neque
567 2141 783 2200 ingressus
813 2158 908 2185 sum
935 2142 981 2185 in
1004 2143 1171 2201 magnis
1189 2177 1199 2197 ,
1232 2158 1376 2202 neque
1397 2142 1443 2185 in

0 2221 2 2227 ’
57 2229 77 2251 »
113 2211 384 2255 mirabilibus
401 2227 531 2271 super
554 2227 666 2255 me.»
680 2211 810 2264 Quod
832 2212 948 2255 enim
972 2213 1152 2256 excessit
1173 2213 1283 2256 vires
1306 2227 1439 2267 meas,

55 2284 137 2326 ait:
159 2285 256 2326 Non
275 2283 478 2341 quaesivi3
509 2299 598 2327 non
620 2283 682 2325 ibi
704 2298 772 2326 me
795 2282 997 2338 extendi,
1020 2282 1140 2327 nolui
1162 2283 1224 2327 ibi
1241 2284 1444 2342 magnifi-

0 2366 2 2375 ·
55 2353 155 2396 cari.
183 2355 291 2397 Nam
324 2353 402 2396 ista
432 2351 633 2397 exaltatio
667 2352 722 2397 de
753 2352 1020 2396 abundantia
1054 2356 1288 2411 gratiarum
1311 2370 1444 2414 quam

0 2451 2 2454 >
56 2422 108 2467 sit
132 2421 350 2477 timenda,
392 2437 447 2465 ne
478 2423 574 2482 quis
609 2423 663 2466 de
693 2423 810 2467 dono
834 2423 910 2467 Dei
932 2424 1182 2483 superbiat3
1207 2423 1282 2468 sed
1312 2424 1446 2482 magis

105 2527 112 2542 ¹
133 2522 223 2551 Joan.
251 2531 320 2560 xrv,
345 2529 396 2552 12.
419 2537 460 2542 —
477 2527 488 2542 ²
509 2522 580 2552 Act.
599 2530 630 2561 v,
658 2520 708 2553 15.
723 2537 764 2543 —
781 2519 793 2544 3
811 2523 900 2554 Joan.
920 2532 975 2563 xv,
995 2521 1024 2553 5.
1046 2539 1080 2544 -—
1101 2520 1117 2545 A
1136 2533 1147 2554 1
1173 2524 1234 2555 Cor
1248 2533 1303 2563 κη,
1324 2522 1374 2562 15,
1392 2522 1442 2553 16.

60 2573 129 2597 —5
149 2576 226 2607 Act.
248 2587 291 2616 ix,
313 2575 344 2616 l..
