1815 3253
333 209 415 246 192
762 217 796 243 s.
831 214 1063 244 Auous‘nm
1096 216 1275 244 Enscom

327 285 455 325 Caro.
476 280 654 340 thuid
675 289 739 324 est
761 279 868 324 alter
889 281 1049 324 homo?
1065 281 1212 325 Altera
1229 294 1343 324 earo.
1368 279 1591 324 Et‘tamen
1612 294 1711 324 caro

328 350 447 396 dives
469 351 662 396 extendit
680 367 723 395 se
748 360 898 396 eontra
919 366 1093 395 carnem
1117 365 1377 411 pauperem,
1403 350 1526 410 quasi
1548 349 1711 410 aliquid

329 421 401 465 illa
424 437 524 465 caro
559 420 754 466 attulerit
775 421 951 481 quando
984 430 1085 465 nata
1116 431 1205 476 est,
1244 431 1319 465 aut
1351 420 1516 480 aliquid
1547 418 1716 464 auferat

329 491 507 551 quando
530 492 730 535 moritur.
756 491 825 535 Ad
860 492 942 535 hoo
971 490 1069 550 plus
1091 492 1270 545 habuit,
1303 500 1352 534 ut
1384 490 1480 549 plus
1511 499 1712 542 tumeret.
1770 494 1771 504 ¹

332 566 417 606 Iste
440 572 585 606 autem
609 563 686 622 qui
706 562 801 607 vult
832 562 1027 606 invenire
1049 562 1193 606 locum
1226 563 1438 618 Domino,
1475 562 1597 617 dicit,
1628 581 1648 604 «
1675 562 1716 607 Si

335 650 355 673 »
392 633 625 677 ascendero
644 648 772 692 super
793 632 954 676 lectum
977 634 1100 676 strati
1120 633 1219 676 mei.

392 705 512 746 VIII.
552 722 572 745 «
609 703 651 747 Si
675 702 837 746 dedero
866 717 1068 747 somnum
1094 701 1229 746 oculis
1243 703 1363 746 meis.
1387 719 1407 743 »
1433 702 1563 747 Multi
1584 702 1716 758 enim,

332 787 434 817 cum
456 771 707 827 dormiunt,
737 787 827 816 non
849 771 1015 817 faciunt
1036 772 1182 817 locum
1195 772 1395 817 Domino.
1426 772 1548 816 Tales
1566 772 1722 817 excitat

333 843 569 904 Apostolus
596 862 605 887 ε
635 863 655 886 «
678 846 815 903 Surge
839 843 915 903 qui
937 844 1119 899 dormis,
1146 853 1190 887 et
1214 859 1374 902 exurge
1401 860 1425 888 a
1446 843 1627 888 mortuis
1643 879 1654 899 ,
1679 852 1722 888 et
1766 840 1770 904 J

336 933 357 956 »
393 913 659 959 illuminabit
688 923 730 959 te
763 915 1003 959 Christus¹.
1032 917 1136 963 »Et
1157 914 1240 959 alio
1261 914 1385 970 loco,
1416 933 1433 955 «
1461 917 1545 961 Nos
1576 924 1722 959 autem
1766 917 1769 981 ξ

343 1004 362 1027 »
397 986 474 1046 qui
503 985 590 1029 diei
615 1001 787 1040 sumus,
810 985 1061 1044 vigilemus,
1097 994 1141 1030 et
1167 986 1299 1030 sobrii
1327 986 1458 1029 simus
1484 1005 1492 1030 :
1521 1001 1621 1030 nam
1648 986 1723 1046 qui
1766 982 1769 1032 ἰ

339 1074 360 1096 »
395 1055 644 1110 dormiunt,
675 1064 803 1100 noete
827 1055 1077 1112 dormiunt,
1098 1064 1141 1098 et
1167 1055 1243 1115 qui
1265 1055 1562 1111 inebriantur,
1595 1065 1724 1100 nocte
1765 1064 1768 1118 ξ

341 1145 360 1168 »
397 1126 505 1169 ebrii
530 1129 674 1170 sunt2.
695 1144 715 1167 »
742 1128 922 1170 Noctem
962 1125 1109 1170 dicens
1142 1126 1439 1185 iniquitatem,
1470 1126 1515 1170 in
1545 1142 1631 1186 qua
1661 1124 1724 1169 illi

337 1196 623 1241 obdormiunt
653 1196 871 1256 cupiendo
887 1197 967 1240 ista
987 1205 1167 1240 terrena.
1188 1199 1245 1240 Et
1267 1211 1415 1240 omnes
1433 1197 1524 1241 istae
1548 1195 1725 1241 felicita·
1764 1238 1767 1264 J

341 1276 401 1311 tes
431 1282 531 1326 quae
560 1266 766 1311 videntur
791 1265 961 1320 saeculi,
997 1266 1162 1310 somnia
1190 1276 1292 1310 sunt
1309 1266 1636 1311 dormientium.
1668 1269 1725 1310 Et

343 1337 566 1398 quomodo
588 1339 664 1398 qui
686 1337 804 1382 videt
826 1339 1048 1381 thesauros
1077 1337 1123 1381 in
1148 1338 1306 1382 somnis
1322 1372 1333 1392 ,
1367 1336 1587 1381 dormiens
1608 1335 1726 1381 dives
1763 1329 1766 1375 l

341 1418 426 1466 est,
457 1407 533 1452 sed
564 1407 808 1466 evigilabit,
835 1417 878 1452 et
907 1423 1071 1466 pauper
1095 1407 1175 1451 erit
1200 1427 1208 1452 :
1234 1408 1293 1451 sio
1326 1408 1470 1452 omnia
1506 1407 1586 1451 ista
1615 1422 1726 1452 vana

342 1479 471 1538 hujus
493 1477 661 1532 saeculi,
688 1477 742 1521 de
760 1477 920 1537 quibus
938 1478 1133 1522 homines
1151 1477 1361 1536 gaudent,
1381 1478 1428 1521 in
1450 1493 1601 1522 somno
1620 1492 1726 1536 gau-
1762 1480 1765 1530 ἰ

341 1548 447 1592 dent
473 1567 482 1592 :
506 1547 774 1605 evigilabunt
794 1546 971 1607 quando
994 1547 1177 1602 nolunt,
1209 1547 1244 1592 si
1265 1563 1354 1591 non
1377 1546 1507 1591 modo
1521 1546 1727 1606 evigilant
1761 1571 1764 1604 J

340 1618 520 1678 quando
540 1617 644 1661 utile
667 1627 752 1674 est,
773 1626 816 1661 et
836 1617 1058 1661 invenient
1080 1617 1246 1661 somnia
1262 1616 1392 1661 fuisse
1414 1617 1487 1661 illa
1502 1653 1512 1673 ,
1548 1626 1590 1660 et
1613 1627 1728 1661 tran·

340 1689 462 1742 sisse,
489 1688 601 1732 sieut
622 1686 727 1731 dicit
749 1687 984 1746 Scriptura,
1003 1685 1181 1730 «Veluti
1201 1687 1418 1730 somnium
1435 1687 1722 1745 exurgentis.»
1760 1740 1762 1744 ‚

342 1760 399 1803 ‘Et
417 1757 501 1802 alio
521 1758 619 1802 loco
635 1792 645 1812 ,
675 1777 694 1799 «
716 1758 994 1801 Dormierunt
1017 1772 1218 1801 somnum
1240 1772 1389 1812 suum,
1410 1765 1453 1800 et
1474 1756 1583 1800 nihil
1603 1758 1725 1801 inve·
1760 1752 1762 1774 ;

347 1847 365 1870 »
402 1838 563 1873 nerunt
585 1844 733 1872 omnes
749 1827 830 1873 viri
848 1827 1093 1874 divitiarum
1113 1828 1157 1871 in
1171 1828 1372 1871 manibus
1390 1828 1517 1871 suis³.
1536 1828 1727 1872 Dormie-

347 1919 366 1941 n
403 1909 506 1944 runt
527 1914 730 1944 somnum
753 1914 879 1943 suum
897 1934 908 1953 ,
933 1898 1081 1942 finitus
1109 1907 1173 1942 est
1193 1914 1369 1943 somnus
1385 1933 1396 1953 ,
1422 1908 1466 1943 et
1486 1898 1592 1942 nihil
1611 1900 1728 1943 inve·
1759 1892 1761 1896 ’

348 1991 366 2012 »
403 1981 564 2015 nerunt
585 1972 630 2015 in
659 1970 859 2015 manibus
881 1970 987 2020 suis;
1010 1988 1029 2012 »
1050 1969 1152 2029 quia
1179 1970 1224 2012 in
1244 1970 1403 2014 somnis
1428 1968 1636 2013 videbant
1657 1968 1727 2013 di-

344 2043 466 2086 vitias
491 2041 768 2086 transitorias.
796 2045 881 2085 Iste
909 2055 1010 2098 ergo
1031 2041 1106 2100 qui
1134 2040 1229 2084 vult
1249 2040 1442 2085 invenire
1469 2040 1615 2084 locum
1640 2043 1727 2084 Do-
1757 2092 1759 2095 Ι

345 2113 489 2168 mino,
526 2112 633 2156 dixit
654 2113 806 2166 etiam,
837 2130 856 2152 «
888 2112 929 2155 Si
963 2110 1125 2154 dedero
1163 2126 1364 2154 somnum
1387 2110 1520 2155 oeulis
1554 2111 1674 2154 meis.
1703 2128 1724 2151 »
1756 2159 1757 2175 J

349 2185 460 2226 Sunt
494 2191 639 2225 autem
660 2180 836 2241 quidam
875 2181 950 2239 qui
973 2195 1061 2224 non
1090 2179 1338 2234 dormiunt,
1375 2179 1451 2224 sed
1473 2180 1724 2225 dormitant.
1755 2203 1757 2246 J

345 2252 630 2312 Aliquantum
650 2252 877 2295 retrahunt
892 2265 935 2293 se
951 2251 1005 2293 ab
1022 2265 1166 2294 amore
1180 2251 1507 2309 temporalium,
1525 2260 1568 2294 et
1583 2266 1728 2295 rursus
1755 2247 1757 2251 ⁴

348 2323 630 2367 revolvuntur
651 2323 698 2366 in
720 2337 818 2365 eum
840 2342 851 2378 3
870 2322 991 2380 quasi
1013 2320 1317 2376 dormitantes,
1335 2331 1465 2380 eaput
1482 2322 1636 2366 crebro
1657 2312 1727 2366 iri-
1754 2350 1756 2360 ι

344 2393 523 2437 clinant.
546 2392 734 2450 Evigila,
764 2400 918 2435 excute
936 2407 1159 2448 somnum,
1183 2391 1459 2436 dormitando
1477 2408 1652 2437 casurus
1666 2407 1723 2437 es.
1753 2412 1755 2450 3

347 2467 444 2509 Non
466 2461 561 2507 vult
585 2461 797 2515 Psalmus‚
825 2460 961 2506 oculis
983 2461 1068 2506 suis
1091 2461 1194 2505 dare
1220 2476 1445 2518 somnum,
1470 2477 1549 2508 nec
1578 2462 1727 2522 palpe-
1752 2489 1754 2495 .

397 2555 404 2571 ¹
427 2548 588 2590 Ephes.v,
610 2544 726 2588 14—st
746 2558 758 2579 1
775 2545 883 2579 Thess.
899 2556 931 2588 v,
951 2545 984 2588 5,
1004 2549 1067 2578 etc.
1082 2544 1147 2569 -3
1169 2545 1248 2578 psal.
1269 2556 1363 2588 mxxii,
1380 2555 1432 2579 20.
