1815 3253
377 177 618 207 aunuum
650 180 695 207 m
728 176 931 208 PsALMuM
962 181 1129 208 cxxxv1.
1374 171 1460 209 269

25 281 28 312 3
71 255 159 290 ‘tem
185 245 231 288 in
261 244 434 301 laetitia,
465 244 589 300 vide,
615 244 649 289 si
677 245 843 290 invenit
874 246 1216 291 tribulationem.
1249 247 1462 291 Attendat

26 313 28 351 ἶ
69 316 252 377 quisque
275 317 412 376 ipsam
435 315 686 360 felicitatem
705 332 843 372 suam,
861 333 947 378 qua
963 316 1172 362 exultavit
1189 317 1331 361 anima
1349 319 1456 377 ejus,

26 438 27 450 2
69 396 112 431 et
131 387 294 430 tumuit
325 385 517 447 quodam
547 385 679 431 modo
707 387 889 446 gaudio,
913 397 956 432 et
981 386 1136 432 extulit
1163 402 1229 442 se,
1255 396 1299 430 et
1321 387 1455 433 dixit:

24 465 27 502 ἐ
70 455 191 502 Felix
213 472 324 501 sum.
354 456 587 512 Attendat⁷
612 457 646 501 si
679 473 768 502 non
800 458 898 502 fluit
931 457 1005 502 illa
1026 456 1235 512 felicitas,
1261 458 1294 501 si
1317 466 1459 517 potest

24 532 27 590 l
69 535 209 573 certus
227 543 316 572 esse
333 526 388 572 de
410 526 483 571 illa
505 527 608 588 quia
640 538 788 573 manet
810 529 855 572 in
877 538 1105 573 aeternum.
1137 528 1180 573 Si
1204 537 1350 572 autem
1368 544 1459 572 non

25 591 26 594 ¹
68 608 129 644 est
148 609 290 644 certus
305 635 316 655 ‚
342 609 385 644 et
400 600 519 645 videt
534 599 670 644 fluere
686 599 803 644 unde
825 599 984 658 gaudet
1006 621 1017 658 3
1042 600 1200 645 fluvius
1220 598 1458 657 Babylonis

67 680 131 716 cst
156 690 165 716 ι
191 671 338 716 sedeat
359 687 489 732 supra
506 706 517 726 ‚
544 680 587 715 et
615 672 731 716 fleat.
761 670 939 717 Sedebit
960 680 1107 716 autem
1125 679 1169 715 et
1188 669 1376 730 plorabit
1392 705 1403 725 ,
1423 670 1459 714 si

67 741 318 787 recordatus
336 741 469 786 fuerit
493 742 610 787 Sion.
638 744 675 786 Ο
695 758 778 802 pax
798 741 895 798 illa,
917 757 1049 803 quam
1071 740 1315 786 videbimus
1339 740 1459 800 apud

66 815 204 858 Deum
224 813 232 855 l
259 829 285 857 o
307 811 380 857 illa
402 822 549 857 sancta
571 811 794 872 aequalitas
816 811 1086 872 Angelorum
1106 814 1114 854 Σ
1142 827 1168 856 o
1189 811 1264 855 illa
1283 811 1391 856 visio
1414 819 1459 855 et

65 882 362 942 spectaculum
385 882 621 942 pulchrum
639 883 647 926 l
680 886 792 927 Ecce
814 883 861 927 in
883 882 1124 941 Babylonia
1148 881 1333 942 pulchra
1355 890 1458 926 sunt

65 970 164 1015 quae
183 963 336 998 tenent
362 973 370 998 z
391 970 482 998 non
507 963 709 1010 teneant,
741 970 832 999 non
854 954 1091 1014 decipiant,
1112 953 1246 999 Aliud
1268 963 1332 998 est
1351 953 1458 998 sola-

65 1026 174 1070 tium
196 1026 468 1086 captivorum
483 1060 493 1080 ‚
520 1024 641 1069 aliud
659 1025 866 1083 gaudium
885 1025 1140 1069 liberorum.
1167 1043 1188 1066 «
1216 1027 1353 1084 Super
1371 1024 1458 1068 flu-

67 1114 88 1138 »
121 1096 239 1140 mina
262 1096 499 1153 Babylonis
520 1095 583 1139 ibi
600 1094 791 1140 sedimus
813 1104 856 1140 et
875 1095 1076 1140 flevimus
1097 1129 1109 1151 ‚
1134 1109 1237 1139 cum
1253 1093 1456 1138 recorda-

67 1184 89 1209 »
122 1182 269 1211 remur
289 1166 405 1211 Sion.
435 1184 456 1208 »

122 1241 199 1282 VI.
229 1257 250 1281 «
275 1241 328 1283 In
358 1238 559 1282 salicibus
583 1236 629 1281 in
662 1236 808 1281 medio
836 1239 929 1297 ejus
960 1236 1265 1297 suspendimus
1294 1252 1456 1296 organa

67 1325 88 1351 »
123 1311 314 1353 nostra1.
344 1326 365 1350 »
402 1308 578 1352 Habent
599 1322 760 1366 organa
789 1323 864 1352 sua
886 1308 1000 1353 cives
1033 1307 1288 1352 Jerusalem.
1317 1307 1457 1367 Scrip-

63 1389 182 1424 turas
213 1381 319 1436 Dei,
356 1388 573 1439 praecepta
601 1379 705 1435 Dei,
741 1379 947 1439 promissa
980 1379 1085 1434 Dei,
1126 1379 1456 1423 meditationem

63 1449 301 1510 quamdam
334 1450 474 1494 futuri
501 1449 648 1494 saeculi
669 1468 677 1494 :
704 1449 780 1493 sed
806 1465 907 1493 cum
929 1458 1066 1508 agunt
1083 1450 1129 1492 in
1149 1448 1293 1493 medio
1311 1449 1457 1506 Baby-

21 1519 23 1574 ξ
63 1520 215 1576 loniae,
251 1535 412 1579 organa
443 1536 519 1564 sua
552 1521 598 1564 in
626 1519 828 1564 salicibus
862 1521 953 1580 ejus
981 1519 1269 1579 suspendunt.
1298 1518 1457 1564 Salices

20 1583 23 1617 i
64 1590 181 1651 ligna
204 1600 307 1635 sunt
324 1590 621 1648 infructuosa3
645 1600 689 1634 et
712 1591 795 1635 hoc
817 1590 915 1635 loco
938 1591 996 1635 ita
1013 1590 1168 1650 posita,
1194 1599 1244 1633 ut
1265 1605 1355 1634 non
1377 1589 1457 1633 ali-

65 1661 171 1723 quid
192 1662 297 1707 boni
318 1662 452 1722 possit
473 1661 657 1719 intelligi
686 1661 742 1705 de
764 1661 966 1706 salicibus
985 1682 996 1719 3
1032 1660 1137 1706 alibi
1160 1670 1305 1705 autem
1326 1660 1456 1705 forsi-

67 1743 139 1779 tan
162 1743 318 1794 potest.
341 1734 476 1778 Modo
498 1733 616 1792 ligna
633 1732 864 1792 intelligite.
882 1732 1064 1788 sterilia,
1090 1734 1311 1777 nascentia
1326 1747 1456 1792 super

19 1796 22 1862 l
66 1806 246 1850 flumina
268 1804 519 1862 Babylonis.
539 1804 862 1863 Riganturhaec
884 1803 1003 1863 ligna
1025 1803 1079 1848 de
1102 1804 1358 1848 fluminibus
1380 1808 1458 1849 Ba-

19 1868 22 1938 l
65 1875 264 1935 bylonis‚
296 1885 339 1920 et
361 1875 535 1920 nullum
557 1875 752 1920 fructum
774 1874 938 1919 ferunt.
977 1875 1098 1920 Sicut
1130 1884 1233 1919 sunt
1258 1875 1457 1920 homines

20 1942 21 1992 l
67 1947 233 2007 cupidi,
260 1947 406 2002 avari,
433 1945 596 1991 steriles
618 1945 665 1990 in
686 1961 816 2005 opere
843 1946 962 1990 bono
991 1965 1000 1990 ε
1031 1946 1090 1990 ita
1112 1946 1226 1990 cives
1262 1946 1457 2004 Babylo-

19 2008 21 2055 l
67 2018 171 2074 niae,
196 2027 247 2062 ut
267 2018 397 2062 etiam
418 2017 534 2075 ligna
552 2017 638 2061 sint
660 2015 775 2060 illius
797 2017 1006 2075 regionis,
1032 2032 1083 2060 ex
1104 2016 1194 2061 istis
1211 2016 1456 2077 voluptati-

67 2088 148 2134 bus
180 2104 327 2133 rerum
362 2089 683 2133 transeuntium
713 2096 953 2147 pascuntur
972 2122 983 2142 ,
1012 2096 1224 2147 tanquam
1261 2088 1399 2147 rigata
1434 2104 1456 2133 a

69 2160 322 2204 fluminibus
344 2158 615 2217 Babyloniae.
641 2158 809 2213 Quaeris
836 2157 1060 2214 fructum,
1088 2167 1131 2202 et
1152 2173 1368 2218 nusquam
1389 2158 1459 2202 in-

69 2232 200 2277 venis.
227 2231 415 2285 Quando
437 2229 542 2275 tales
562 2231 756 2291 patimur
772 2265 783 2286 ‚
810 2245 1031 2275 versamur
1053 2245 1155 2274 cum
1175 2229 1234 2274 eis
1257 2230 1334 2290 qui
1356 2239 1459 2275 sunt

18 2338 21 2346 .
69 2302 113 2347 in
135 2302 277 2347 medio
299 2301 551 2359 Babylonis.
576 2301 768 2346 Multum
787 2301 904 2345 enim
922 2301 1035 2345 inter
1056 2300 1251 2344 medium
1273 2300 1459 2359 Babylo-

70 2374 156 2430 nis,
180 2383 222 2419 et
253 2373 465 2418 exteriora
484 2370 753 2429 Babyloniae.
785 2375 896 2417 Sunt
918 2372 995 2433 qui
1016 2388 1107 2416 non
1129 2381 1232 2416 sunt
1247 2372 1293 2416 in
1315 2373 1459 2416 medio

71 2445 159 2505 ejus
176 2480 187 2501 ,
212 2443 259 2489 id
280 2454 365 2501 est,
388 2459 479 2489 non
509 2452 630 2489 tanta
655 2443 1006 2503 concupiscentia
1039 2442 1184 2488 sacculi
1203 2451 1245 2487 et
1266 2442 1459 2487 delecta-

118 2537 126 2554 ¹
149 2530 228 2565 Psal.
250 2542 380 2573 cxxxvi,
404 2541 433 2563 2.
