1815 3253
16 27 19 136 ξ

17 139 19 159 Ι

16 186 19 265 Ξ
360 217 601 249 ENAnnrrro
635 222 679 250 IN
712 220 915 250 PsALMtJM
947 221 1106 248 cxxxv,
1349 209 1429 248 261

15 274 19 337 l
49 288 146 336 Non
160 286 276 330 enim
290 301 389 346 quae
404 284 783 332 diciturlittoraria
801 286 948 332 civitas
963 300 1092 344 super
1103 299 1220 329 mare
1232 284 1432 340 fundata,

15 349 19 430 1
48 359 106 402 ita
130 356 213 402 sub
235 372 283 400 ea
308 371 423 400 mare
446 364 535 411 est,
561 356 936 417 quemadmodum
958 364 1060 400 sunt
1083 371 1207 415 aquae
1230 356 1312 400 sub
1334 372 1435 415 spe-

16 436 19 493 !
45 427 272 474 luncarum
291 426 491 481 cameris,
513 436 587 471 aut
609 428 690 472 sub
713 428 896 472 navibus
914 425 1297 485 supernatantibus
1324 443 1334 468 ε
1360 426 1435 470 sed

15 499 19 604 i
45 498 143 546 ideo
163 513 293 558 super
315 513 434 542 mare
454 497 614 542 dieitur
631 534 642 554 ,
657 499 760 559 quia
783 497 976 542 inferiori
995 497 1102 540 mari
1121 496 1429 556 supereminet.

15 606 19 653 1
46 571 114 618 Sic
145 569 286 614 dietus
318 578 381 613 est
401 569 569 614 Pharao
591 570 726 614 exisse
747 584 876 629 super
894 569 1074 628 aquam¹
1096 588 1108 625 3
1132 567 1191 611 ita
1213 567 1329 611 enim
1352 567 1433 611 ha-

43 642 118 687 bet
139 655 304 700 graecus
320 675 330 695 ‚
365 640 487 700 quod
510 639 689 700 quidam
712 639 836 685 latini
857 639 1045 693 habent,
1078 639 1134 682 ad
1153 653 1311 698 aquam
1340 657 1348 683 ε
1373 638 1432 682 sic

43 711 252 758 Dominus
274 726 404 770 super
426 719 611 770 puteum
635 710 839 755 sedebat²
864 729 873 755 z
899 709 1020 770 quod
1043 709 1173 753 ambo
1191 708 1432 768 superiores

41 792 183 828 essent
210 798 343 842 quam
376 782 541 827 flumen
570 791 614 827 et
645 790 830 842 puteus,
870 780 944 825 ille
977 781 1101 840 juxta
1136 780 1327 835 flumen,
1353 779 1432 824 iste

38 855 161 915 juxta
178 862 379 913 puteum.

97 927 222 970 VIII.
245 924 288 969 Si
305 933 452 968 autem
475 925 606 968 etiam
631 924 797 985 aliquid
819 923 955 979 aliud,
981 920 1101 984 quod
1124 922 1180 967 ad
1201 938 1279 967 nos
1296 922 1433 981 magis

39 996 250 1058 pertinet,
273 996 351 1040 ista
374 994 490 1039 dicta
502 994 769 1054 significant:
785 995 939 1039 «Fecit
953 997 1069 1038 Deus
1084 993 1218 1038 coelos
1234 993 1280 1036 in
1296 992 1431 1037 intel-

41 1086 63 1110 »
96 1066 229 1122 lectu,
251 1065 498 1126 »spiritales
520 1075 691 1111 sanctos
707 1081 829 1120 su05‚
851 1065 1011 1125 quibus
1033 1079 1124 1108 non
1139 1072 1312 1108 tantum
1333 1079 1432 1108 cre-

39 1138 139 1184 dere
156 1144 176 1194 ‚'
204 1137 489 1182 verumetiam
522 1136 767 1196 intelligere
802 1136 951 1180 divina
983 1134 1164 1179 donavit
1190 1153 1199 1179 :
1235 1135 1320 1178 hoe
1354 1135 1432 1194 qui

37 1209 234 1254 nondum
265 1218 475 1268 possunt,
511 1217 556 1253 et
589 1207 725 1252 solam
752 1206 886 1251 fidem
923 1205 1216 1250 firmissimam
1248 1214 1426 1262 tenent,

37 1289 243 1341 tanquam
262 1278 376 1324 infra
399 1279 532 1324 coelos
548 1288 674 1324 terrae
696 1278 874 1323 nomine
898 1278 1160 1337 figurantur.
1182 1279 1240 1320 Et
1261 1276 1363 1337 quia
1384 1277 1431 1321 in

35 1353 249 1411 baptismo
272 1367 404 1412 quem
436 1359 699 1410 acceperunt
715 1386 726 1405 ,
760 1351 1016 1394 inconcussa
1039 1347 1298 1393 credulitate
1320 1363 1430 1392 con-

34 1423 212 1467 sistunt:
229 1422 329 1467 ideo
347 1421 514 1466 dictum
529 1431 592 1465 est
612 1441 620 1466 :
647 1441 666 1463 α
683 1420 894 1465 Firmavit
910 1429 1071 1464 terram
1095 1434 1224 1479 super
1245 1435 1423 1480 aquas.»

35 1496 143 1538 Item
165 1494 268 1552 quia
290 1492 499 1551 scriptum
521 1501 586 1536 est
606 1491 661 1535 de
683 1491 872 1536 Domino
897 1493 999 1535 Jesu
1021 1490 1210 1545 Christo,
1237 1490 1359 1550 quod
1380 1491 1428 1533 in

34 1562 106 1608 illo
127 1564 213 1608 sint
227 1578 376 1608 omnes
390 1563 581 1607 thesauri
598 1562 821 1622 sapientiae
839 1570 883 1605 et
904 1561 1095 1605 scientiae
1116 1560 1362 1605 absconditi
1380 1562 1395 1585 3
1414 1579 1422 1605 :

34 1635 124 1680 haec
152 1644 299 1678 autem
326 1633 438 1688 duo,
474 1633 519 1678 id
550 1643 637 1688 est,
671 1632 928 1693 sapientiam
957 1641 1000 1676 et
1022 1632 1246 1676 scientiam
1268 1630 1426 1675 distare

35 1706 145 1750 inter
165 1721 209 1749 se
233 1704 399 1765 aliquid
416 1740 427 1759 ‚
450 1703 533 1749 alia
554 1719 733 1765 quoque
757 1703 1083 1762 Scripturarum
1100 1711 1316 1746 testantur
1339 1701 1426 1746 elo-

34 1777 156 1838 quia,
191 1776 377 1819 maxime
403 1775 610 1835 loquente
643 1783 790 1818 sancto
821 1774 906 1818 Job
924 1809 934 1828 ‚
974 1773 1053 1817 ubi
1075 1772 1269 1833 quodam
1291 1773 1425 1817 modo

35 1847 201 1906 singula
224 1845 515 1890 definiuntur:
539 1846 598 1889 ait
617 1844 755 1889 enim:
783 1844 900 1888 Dixit
917 1852 1063 1887 autem
1088 1844 1282 1888 homini:
1309 1846 1424 1887 Ecce

17 1914 164 1998 *pietas
183 1927 246 1961 est
268 1916 478 1976 sapientia
494 1952 505 1971 ‚
527 1917 745 1961 abstinere
766 1924 913 1960 autem
936 1931 961 1959 a
982 1915 1098 1959 malo
1120 1915 1298 1959 scientia
1320 1924 1385 1959 est
1410 1934 1420 1959 :

17 2004 119 2047 gnon
139 1989 479 2047 incongruenter
501 1986 785 2046 intelligimus
817 1986 1074 2046 sapientiam
1102 1987 1148 2030 in
1170 1985 1421 2045 cognitione

31 2068 71 2104 et
91 2058 322 2104 dilectione
341 2059 433 2118 ejus
456 2057 578 2118 quod
600 2073 771 2118 semper
798 2065 887 2111 est,
924 2065 1056 2116 atque
1084 2056 1421 2101 incommutabi-

32 2128 125 2174 liter
144 2139 290 2174 manet
307 2165 317 2184 ‚
342 2129 463 2190 quod
488 2133 602 2174 Deus
623 2139 701 2174 est.
728 2131 839 2174 Nam
862 2137 905 2173 et
929 2127 1051 2189 quod
1074 2127 1132 2172 ait
1158 2147 1166 2173 :
1191 2130 1306 2172 Ecce
1327 2129 1421 2188 pie-

34 2211 93 2246 tas
118 2211 181 2246 est
206 2201 448 2261 sapientia4
466 2236 477 2256 ,
511 2208 668 2242 θεεσέέεια.
699 2200 815 2245 diota
850 2209 915 2244 est
947 2200 993 2243 in
1028 2215 1171 2259 graeco
1193 2219 1202 2244 :
1229 2199 1349 2260 quod
1371 2208 1423 2244 ut

36 2281 169 2318 totum
190 2273 325 2317 latine
356 2272 643 2332 exprimatur,
677 2272 757 2316 Dei
785 2271 929 2316 cultus
961 2271 1047 2316 dici
1080 2279 1239 2330 potest.
1272 2271 1422 2316 Absti-

34 2359 132 2388 nere
149 2355 292 2388 autem
315 2360 337 2388 a
359 2342 476 2387 malo
491 2345 506 2369 ⁵
528 2378 538 2398 ,
564 2342 684 2403 quod
707 2342 814 2387 dixit
836 2358 924 2386 esse
947 2342 1171 2386 scientiam
1191 2378 1201 2397 ‚
1228 2342 1336 2402 quid
1359 2351 1422 2386 est

35 2413 146 2458 aliud
164 2450 174 2469 ‚
201 2430 333 2475 quam
350 2415 395 2457 in
415 2413 560 2457 medio
579 2413 764 2457 nationis
781 2423 988 2459 tortuosae
1007 2423 1049 2457 et
1069 2429 1300 2473 perversae,
1319 2422 1419 2457 tan-

18 2454 22 2548 !
77 2500 198 2532 ¹Exod.
218 2511 282 2531 xxv.
305 2517 347 2521 ——
368 2507 379 2522 ²
398 2501 488 2531 Joan.
513 2509 560 2540 iv,
579 2497 612 2529 6.
634 2496 898 2538 —3Coloss.1r,
926 2498 955 2530 3.
977 2515 1019 2520 —
1035 2496 1049 2526 J,
1067 2497 1140 2528 Job.
1162 2497 1351 2535 xxv111,¹.).8.
1376 2511 1416 2518 —-

18 2550 49 2592 15
69 2553 175 2597 Philip.
198 2566 232 2595 ιι,
250 2555 300 2587 15.

20 2723 21 2747 l
