1815 3253
2 2384 7 2449 l

0 2451 6 2617 ἒ

414 212 657 245 munuum
689 216 735 244 m
766 211 971 244 PsALMtJM
1000 215 1148 243 cxxv1.
1391 203 1476 242 119

93 280 329 327 Dominum
356 299 366 326 ε
390 289 435 325 et
452 281 550 325 ideo
565 280 612 324 in
629 280 750 325 asino
765 279 875 325 sedit
891 279 1102 325 Dominus
1116 312 1128 334 ‚
1152 277 1228 338 qui
1249 293 1478 339 nunquam

92 359 338 412 portaverat
363 351 617 409 hominem3
647 351 856 410 quoniam
890 349 946 394 ad
980 358 1129 408 gentes
1164 350 1253 392 Lex
1274 363 1366 393 non
1388 358 1480 394 erat

91 422 238 475 missa,
265 436 344 465 nec
373 421 617 480 Prophetae.
649 423 765 478 Ergo
795 421 897 480 quia
930 419 1142 464 Dominus
1174 427 1321 462 noster
1355 421 1479 464 Jesus

92 492 290 538 Christus
311 491 469 536 cibaria
490 500 635 535 nostra
658 491 798 536 voluit
820 506 931 545 esse,
969 499 1012 534 et
1038 498 1266 549 propterea
1289 498 1415 534 natus
1434 490 1480 534 in

91 562 300 622 praesepio
318 560 554 606 collocatus
573 571 658 606 est:
674 561 922 620 «Cognovit
939 561 1017 604 bos
1032 574 1317 619 possessorem
1333 575 1477 615 suum,

93 650 114 674 »
141 641 184 676 et
206 633 348 676 asinus
371 648 564 692 praesepe
586 633 760 676 Domini
784 632 864 676 sui.
889 649 909 672 »
934 630 1017 675 Sed
1047 629 1265 690 numquid
1286 631 1365 674 ista
1392 632 1481 674 exi-

91 712 203 757 rent,
216 703 294 747 nisi
313 718 460 747 saccus
473 704 774 747 excuteretur?
795 701 884 747 Nisi
899 701 1126 760 prophetia
1143 699 1341 745 involuta
1363 716 1482 745 acce·

90 772 222 816 dente
245 771 469 831 diligentia
493 772 783 816 discuteretur
797 808 808 827 ‚
835 771 1052 831 numquid
1070 779 1221 830 operta
1242 770 1406 814 exirent
1428 770 1483 815 ad

89 842 193 886 nos?
214 842 369 885 Omnia
391 857 496 900 ergo
515 842 593 886 ista
611 842 755 887 clausa
772 851 896 886 erant
910 877 921 896 ‚
949 849 1184 900 antequam
1207 840 1376 885 veniret
1392 843 1482 885 Do-

89 913 247 955 minus.
274 912 405 956 Venit
417 912 629 956 Dominus
651 921 694 956 et
716 912 902 956 excussit
922 910 996 955 illa
1017 910 1184 966 clausa,
1209 920 1252 955 et
1273 910 1480 956 manifes-

90 991 176 1027 tata
198 992 300 1027 sunt
326 1001 335 1027 :
360 982 527 1026 excussi
549 992 651 1026 sunt
669 984 900 1041 Prophetae
916 1016 928 1038 ,
954 990 997 1025 et
1015 982 1207 1041 generati
1223 990 1326 1026 sunt
1342 985 1483 1041 Apos-

88 1052 180 1097 toli.
207 1054 318 1106 Quia
340 1068 444 1112 ergo
461 1053 646 1097 excussis
665 1053 892 1112 Prophetis
916 1052 1108 1111 generati
1130 1060 1233 1096 sunt
1253 1052 1449 1111 Apostoli
1467 1088 1478 1108 ,

90 1123 166 1167 filii
183 1132 284 1167 sunt
295 1137 589 1167 excussorum.
608 1123 695 1182 Ipsi
712 1123 757 1166 in
774 1137 908 1166 manu
925 1122 1114 1181 potentis
1127 1122 1254 1181 positi
1270 1132 1481 1182 tanquam

89 1194 270 1252 sagittae,
287 1202 582 1253 pervenerunt
604 1208 741 1253 usque
762 1193 808 1236 in
830 1193 938 1236 fines
955 1202 1096 1236 terrae.
1112 1191 1237 1237 Unde
1250 1192 1481 1238 dicihabet

89 1263 134 1307 in
146 1264 232 1307 fine
258 1283 267 1308 :
293 1266 405 1308 Ecce
428 1263 658 1307 haereditas
673 1263 864 1318 Domini,
884 1261 978 1314 filii,
995 1277 1159 1307 merces
1181 1261 1349 1306 fruetus
1369 1278 1480 1308 ven-

89 1333 178 1376 tris.
204 1334 314 1386 Quia
335 1333 434 1378 ideo
457 1333 511 1377 de
531 1333 693 1377 finibus
715 1342 843 1376 terrae
865 1331 1085 1391 colligitur
1111 1332 1191 1376 ista
1220 1332 1478 1390 haereditas3

87 1403 212 1462 quia,
242 1421 258 1442 «
295 1404 416 1448 Sicut
442 1404 607 1461 sagittae
637 1403 684 1446 in
710 1418 844 1446 manu
880 1396 1092 1461 potentis,
1128 1402 1187 1445 sic
1218 1401 1296 1446 filii
1324 1418 1480 1447 excus-

90 1491 110 1514 »
137 1488 315 1519 sorum:
339 1491 359 1514 η
390 1473 435 1518 id
469 1483 558 1527 est,
595 1472 673 1516 filii
714 1473 1033 1532 Prophetarum
1065 1471 1263 1531 Apostoli
1300 1471 1482 1517 fuerunt

86 1543 208 1602 quasi
236 1543 401 1600 sagittae
433 1543 479 1585 in
512 1557 647 1586 manu
677 1542 882 1601 potentis.
913 1542 954 1586 Si
986 1551 1142 1601 potens
1174 1541 1249 1585 ille
1279 1551 1481 1601 potenter

87 1613 273 1657 excussit
296 1631 304 1656 :
331 1613 364 1656 si
388 1621 590 1672 potenter
610 1612 818 1667 excussit,
841 1627 981 1672 usque
1002 1611 1048 1656 in
1065 1612 1173 1656 fines
1188 1621 1312 1656 terrae
1329 1628 1483 1672 perve-

87 1693 250 1727 nerunt
266 1699 376 1743 quos
398 1684 598 1727 excussit.

144 1755 246 1796 XII.
287 1772 303 1793 «
340 1757 496 1797 Beatus
512 1754 644 1797 homo
666 1753 743 1813 qui
772 1753 970 1812 implevit
991 1753 1256 1797 desiderium
1278 1767 1407 1798 suum
1429 1769 1482 1798 ex

89 1841 110 1864 »
146 1823 275 1866 eis¹.»
303 1824 379 1867 Eia
395 1857 404 1877 ,
421 1822 573 1866 fratres
591 1823 692 1877 mei,
718 1823 814 1882 quis
834 1821 973 1882 replet
994 1823 1259 1866 desiderium
1282 1839 1411 1867 suum
1433 1839 1483 1867 ex

86 1893 171 1936 eis?
194 1893 279 1946 Qui
311 1908 400 1937 non
425 1903 541 1936 amat
565 1892 790 1937 saeculum.
816 1893 902 1945 Qui
926 1892 1140 1937 desiderio
1162 1892 1307 1936 saeeuli
1326 1892 1482 1952 plenus

87 1972 171 2017 est,
203 1978 292 2006 non
321 1973 383 2007 est
415 1979 505 2023 quo
529 1964 664 2007 intret
697 1963 816 2023 quod
840 1962 902 2006 illi
935 1962 1298 2023 praedicaverunt.
1325 1963 1483 2009 Funde

84 2032 204 2092 quod
226 2042 370 2092 portas
384 2068 394 2087 ,
416 2042 459 2076 et
481 2048 616 2091 capax
639 2033 744 2076 fiere
762 2032 817 2076 ad
838 2032 885 2078 id
900 2033 1020 2092 quod
1042 2049 1132 2077 non
1153 2033 1301 2077 habes.
1327 2033 1379 2078 Id
1400 2043 1480 2089 est,

85 2102 298 2146 desideras
329 2102 526 2156 divitias,
561 2118 649 2147 non
673 2112 796 2162 potes
833 2102 1013 2162 implere
1046 2119 1098 2147 ex
1131 2104 1190 2147 eis
1218 2104 1483 2148 desiderium

87 2181 228 2215 tuum.
244 2172 463 2217 Desideras
480 2174 666 2217 honores
688 2173 733 2215 in
760 2182 895 2227 terra,
921 2172 1138 2217 desideras
1162 2188 1212 2217 ea
1229 2190 1329 2233 quae
1351 2174 1481 2218 etiam

80 2243 287 2302 jumentis
305 2243 483 2287 donavit
506 2246 620 2287 Deus
634 2278 644 2298 ‚
669 2244 754 2287 hoc
774 2253 853 2299 est,
870 2243 1142 2303 voluptatem
1164 2244 1449 2303 temporalem
1466 2278 1478 2300 ,

83 2321 128 2356 et
149 2312 332 2356 salutem
353 2313 566 2372 corporis,
599 2322 642 2357 et
666 2313 762 2359 talia
781 2335 792 2371 ς
819 2329 908 2358 non
929 2330 981 2357 ex
1003 2315 1061 2357 eis
1083 2312 1282 2373 implebis
1304 2313 1477 2359 deside-

23 2404 31 2410 ·
85 2384 199 2426 'rium
220 2392 361 2426 tuum.
391 2384 432 2428 Si
455 2393 601 2427 autem
624 2385 683 2428 sic
705 2384 943 2440 desideras,
980 2385 1204 2445 quomodo
1226 2399 1378 2429 cervus
1399 2385 1480 2428 de-

86 2453 244 2498 siderat
261 2453 316 2497 ad
337 2451 479 2498 fontes
501 2459 762 2513 aquarum23
781 2455 815 2500 si
832 2454 954 2511 dicis,
974 2474 992 2496 ι
1014 2454 1240 2501 Desiderat
1261 2464 1306 2499 et
1327 2453 1480 2500 deficit

133 2543 143 2559 ¹
159 2535 240 2572 Psal.
258 2547 363 2580 cxxvi,
392 2537 424 2571 5.
445 2554 487 2561 —-·
508 2545 521 2561 ²
543 2538 590 2571 Id.
612 2547 678 2580 xm,
693 2545 726 2571 2.
