1815 3253
6 2646 9 2665 ᾼ
7 2625 9 2635 -
7 2586 10 2613 .-
8 1515 23 2570 ————-.—-——----..-—-.-—h..——

403 192 646 224 ENARRATIO
678 197 723 222 m
755 194 958 224 PsALMuM
990 196 1143 223 cxxxu.
1384 184 1467 222 ⁶213

85 281 105 305 »
141 265 230 307 Deo
253 261 393 307 facilia
415 264 560 307 sunt1.
594 280 614 303 »
647 263 879 315 Quomodo
908 273 1053 308 autem
1076 263 1187 307 illud
1213 262 1340 307 facilc
1363 262 1469 306 facit

82 334 224 378 Deus?
247 332 361 377 Audi
383 332 663 392 Apostolum,
689 334 722 376 si
745 350 833 378 non
858 334 1049 393 negligas
1079 332 1198 393 quod
1221 333 1430 391 praecepit
1456 351 1466 376 ι

84 421 103 445 «
138 403 363 462 Praecipite
380 437 391 456 ‚
410 402 583 462 inquit,
603 402 810 447 divitibus
830 404 960 463 hujus
973 402 1117 447 saeculi
1136 438 1145 457 ‚
1172 417 1262 446 non
1280 401 1469 460 superbe

80 493 101 516 »
135 490 282 534 sapere
299 478 331 519 2.
362 493 381 515 »
407 475 579 518 Invenis
614 476 730 518 enim
753 489 986 535 pauperem
1017 474 1365 533 superbientem,
1398 472 1468 516 di-

78 546 211 589 vitem
241 544 478 601 humilem,
498 546 808 590 „Christianum
843 546 955 589 bene
990 545 1336 589 considerantem
1366 544 1468 602 quia

76 615 147 660 illa
172 615 316 660 omnia
339 624 605 674 praetereunt
632 625 675 660 et
704 616 1009 676 praeterfluunt
1027 650 1038 669 ‚
1061 615 1163 674 quia
1187 612 1296 657 nihil
1319 612 1468 657 attulit

74 686 119 730 in
140 686 259 731 hunc
280 685 496 730 mundum
513 722 524 742 ,
546 686 656 730 nihil
676 696 819 746 potest
835 685 890 730 de
917 685 1086 730 mundo
1108 682 1280 729 auferre
1299 719 1310 739 ‚
1343 684 1465 742 cogi-

73 765 237 800 tantem
269 756 642 816 quemadmodum
657 756 776 801 dives
793 755 866 800 ille
882 792 892 812 ,
917 756 994 816 qui
1015 755 1196 800 ardebat
1221 755 1268 799 in
1290 755 1466 798 flamma

73 826 189 886 apud
217 826 403 881 inferos,
431 836 599 885 guttam
629 827 709 871 sibi
733 827 930 871 distillari
954 827 1008 870 de
1037 826 1173 884 digito
1203 824 1466 870 desideravit

72 898 162 957 ejus
182 932 192 951 ,
219 898 294 957 qui
328 897 459 940 micas
478 896 532 941 de
569 913 717 941 mensa
741 899 831 958 ejus
861 897 1191 956 concupierat3.
1216 895 1466 955 Cogitantes

69 968 148 1012 ista
172 966 336 1011 faciunt
351 966 472 1027 quod
485 968 545 1011 ait
561 967 794 1027 Apostolus
810 1003 820 1022 ‚
845 970 1031 1027 «Neque
1046 982 1216 1027 sperare
1232 967 1278 1010 in
1298 967 1465 1010 incerto

72 1057 92 1080 »
128 1038 397 1092 divitiarum,
424 1037 499 1081 sed
522 1038 567 1081 in
590 1041 680 1082 Deo
703 1038 824 1092 vivo,
850 1039 925 1097 qui
950 1047 1125 1097 praestat
1159 1037 1286 1081 nobis
1320 1036 1465 1081 omnia

72 1127 93 1151 »
127 1108 402 1152 abundanter
423 1108 477 1152 ad
499 1107 751 1152 fruendum.
779 1108 939 1152 Divites
962 1108 1070 1162 sint,
1098 1108 1266 1168 inquit,
1290 1108 1336 1151 in
1364 1122 1462 1167 ope-

71 1199 92 1222 »
127 1180 246 1224 ribus
265 1180 418 1234 bonis,
443 1178 569 1224 facile
606 1180 825 1235 tribuant,
857 1180 1214 1235 communicent,
1246 1179 1462 1223 thesauri-

69 1269 89 1292 »
123 1260 234 1294 zent.
254 1270 273 1292 »
293 1253 348 1294 Et
371 1250 478 1309 quid
497 1249 600 1294 inde
616 1250 699 1294 illis
723 1250 862 1294 lucri?
883 1270 903 1293 «
930 1251 1237 1294 Thesaurizent
1256 1250 1337 1295 sibi
1356 1248 1462 1293 fun-

68 1339 89 1362 »
124 1322 380 1365 damentum
401 1322 568 1365 bonum
590 1321 636 1364 in
659 1320 875 1376 futurum,
897 1331 947 1365 ut
965 1320 1296 1380 apprehendant
1313 1335 1461 1365 veram

72 1410 93 1433 »
128 1393 302 1436 vitam⁴.
331 1410 350 1432 »
382 1395 495 1436 Eece
524 1408 622 1452 quae
662 1401 903 1436 assumetur
939 1391 993 1435 de
1016 1390 1285 1435 molendino.
1313 1389 1462 1443 Qualis

0 1498 1 1501 η
64 1473 209 1508 autem
234 1462 352 1507 dives
380 1463 454 1506 ille
475 1472 566 1506 erat
583 1499 593 1517 ,
626 1464 703 1523 qui
730 1463 996 1507 induebatur
1018 1479 1211 1522 purpura
1234 1462 1430 1520 et‘bysso
1446 1497 1457 1517 ‚

64 1542 107 1577 et
129 1533 393 1592 epulabatur
415 1534 612 1593 quotidie
633 1533 860 1593 splendide
881 1569 891 1589 ,
915 1543 957 1577 et
971 1535 1187 1593 jacentem
1210 1533 1265 1577 ad
1280 1535 1461 1592 januam

64 1619 182 1649 suam
200 1619 438 1663 pauperem
460 1605 797 1658 contemnebat,
833 1604 1121 1664 relinquetur.
1145 1604 1255 1656 Quia
1282 1604 1338 1647 de
1359 1618 1459 1648 rno-

62 1674 238 1718 lendino
261 1690 348 1718 una
372 1683 615 1718 assumetur
632 1709 642 1729 ‚
669 1683 712 1718 et
733 1690 818 1718 una
841 1674 1128 1734 relinquetur.

121 1747 173 1789 V.
207 1745 274 1790 Sic
306 1744 412 1789 dicit
440 1754 484 1790 et
516 1744 717 1789 Ezechiel
739 1745 793 1788 de
817 1745 955 1788 tribus
977 1745 1191 1805 personis,
1217 1745 1263 1788 in
1296 1744 1457 1804 quibus
1520 1785 1525 1788 .

63 1830 149 1860 non
169 1815 354 1859 absurde
375 1816 455 1860 tria
480 1816 575 1860 haec
596 1831 753 1874 genera
774 1815 1074 1874 intelligimus.
1110 1835 1130 1858 «
1156 1818 1269 1860 Cum
1293 1816 1458 1859 miserit

66 1905 85 1928 »
120 1887 328 1931 Dominus
355 1887 547 1946 gladium
570 1888 613 1930 in
639 1896 822 1942 terram⁷
848 1888 926 1931 etsi
948 1886 1112 1931 fuerint
1135 1887 1179 1930 in
1205 1886 1350 1931 medio
1380 1902 1457 1931 eo-

63 1975 84 1998 »
119 1973 212 2001 rum
235 1961 328 2002 Noe
345 1993 354 2011 ‚
382 1957 533 2001 Daniel
556 1966 599 2001 et
622 1958 707 2002 Job
724 1993 735 2010 ‚
767 1973 858 2001 non
890 1958 1142 2001 liberabunt
1166 1957 1279 2001 filios
1312 1973 1457 2017 neque

65 2043 84 2068 »
118 2027 249 2086 filias3
272 2029 345 2072 sed
366 2028 445 2087 ipsi
470 2027 548 2072 soli
570 2027 675 2072 salvi
698 2036 827 2071 erunt
848 2029 878 2071 ⁵.
908 2046 927 2069 »
955 2030 1050 2071 Jam
1068 2027 1131 2071 illi
1155 2020 1451 2072 olim'liberati

60 2107 184 2153 sunt,
214 2099 289 2142 sed
310 2100 354 2142 in
381 2098 471 2142 istis
503 2098 643 2143 tribus
677 2099 929 2142 nominibus
961 2098 1038 2142 tria
1063 2114 1220 2157 genera
1249 2099 1453 2158 quaedam

59 2167 330 2226 significavit.
366 2171 456 2213 Noe
485 2169 699 2228 significat
736 2179 923 2214 rectores
957 2168 1184 2222 Ecclesiae,
1222 2170 1324 2229 quia
1363 2170 1453 2229 ipse

60 2253 200 2282 arcam
226 2239 271 2282 in
294 2237 457 2282 diluvio
476 2240 735 2297 gubernavit
763 2241 794 2284 ⁶.
821 2239 975 2284 Daniel
1001 2249 1146 2284 autem
1170 2240 1301 2284 vitam
1326 2241 1452 2299 quie-

60 2316 146 2352 tam
169 2309 323 2366 elegit,
350 2309 393 2351 in
422 2309 631 2353 coelibatu
655 2311 812 2354 servire
836 2314 923 2354 Deo
939 2346 950 2366 ‚
977 2310 1021 2354 id
1045 2320 1128 2366 est,
1160 2326 1339 2354 uxorem
1362 2326 1451 2355 non

59 2393 271 2438 quaerens.
297 2381 403 2422 Erat
424 2379 488 2422 vir
510 2388 705 2434 sanctus,
731 2380 776 2424 in
798 2379 1019 2425 desideriis
1042 2380 1291 2425 coelestibus
1315 2381 1450 2425 vitam

107 2480 117 2496 ¹
135 2474 247 2507 Matth.
269 2486 334 2516 xlx,
350 2474 406 2516 24,
425 2474 479 2506 26.
500 2491 541 2497 --
568 2481 581 2497 ‘³
605 2487 616 2506 1
635 2475 714 2508 Tim.
736 2487 782 2518 Vl,
805 2487 854 2518 17.
875 2494 916 2499 —-
940 2475 952 2500 3
974 2480 1052 2511 Luc.
1072 2489 1137 2518 xw,
1157 2477 1211 2520 24.
1233 2494 1273 2500 --
1291 2476 1308 2506 4
1329 2489 1342 2510 ι
1367 2477 1447 2510 Tim.

61 2538 110 2570 vi,
132 2540 247 2572 ¹7-19·
266 2547 306 2553 --
329 2525 559 2574 ⁵Ezech.x1v,
582 2531 634 2573 13,
656 2529 707 2572 πή.
730 2548 770 2555 —-
785 2530 974 2574 0Gen.v11,
994 2533 1044 2576 14.
