1815 3253
0 0 20 125 t

14 106 19 268 t

403 308 644 339 mmmm-110
677 311 722 338 m
756 308 958 338 PsALMUM
990 310 1142 336 cxxiu.
1401 297 1456 335 69

75 399 96 424 n
129 379 372 441 portionem
395 377 648 423 substantiae
669 412 680 432 ,
711 393 811 437 quae
832 392 902 421 me
924 376 1152 434 contingit.
1182 393 1202 416 »
1235 374 1354 429 Quid
1377 375 1457 419 tibi

71 453 162 498 vis?
178 450 333 496 Melius
350 450 467 510 apud
485 458 652 509 patrem
669 458 879 503 servatur,
895 457 969 492 tua
986 456 1069 492 est:
1087 445 1325 506 dilapidare
1337 445 1457 490 illam

71 524 134 568 vis
161 543 169 567 :
194 521 405 582 proficisci
426 522 488 565 vis
506 520 691 579 longius.
722 539 742 562 «
768 523 830 564 Da
854 519 984 563 mihi:
1008 537 1027 559 »
1041 517 1138 572 sed,
1160 537 1180 559 «
1206 520 1268 562 Da
1291 517 1413 561 mihi.
1435 535 1455 557 »

72 593 200 638 Dedit
221 592 297 636 illi.
326 591 551 637 Profectus
579 591 624 634 in
648 591 871 650 regionem
888 589 1175 650 longinquam
1196 589 1345 633 vivens
1362 602 1461 647 pro-

74 663 172 723 dige
187 679 286 708 cum
305 662 618 716 meretricibus,
633 660 824 721 perdidit
840 669 975 704 totam
999 659 1286 704 substantiam
1304 677 1314 703 ε
1330 672 1461 717 egens

73 734 303 788 remansit,
328 749 482 793 porcos
499 733 645 792 pavit,
671 733 716 776 in
739 740 928 791 egestate
950 747 1027 775 sua
1048 730 1181 790 patris
1199 729 1370 774 divitias
1392 743 1461 772 re-

73 804 316 850 contami-¹.
359 804 448 848 Nisi
485 819 585 847 eum
615 813 779 863 egestas
818 803 1052 863 pulsasset,
1077 801 1195 846 illam
1219 801 1461 845 satietatem

72 892 160 921 non
189 875 464 920 desideraret.
507 874 793 920 Considerent
831 891 935 934 ergo
971 890 1121 919 omnes
1149 882 1326 933 peccata
1349 888 1425 917 sua
1447 908 1458 927 ‚

71 947 248 990 videant
269 946 302 990 si
324 945 488 990 habent
509 946 796 990 substantiam
818 946 908 1006 ipsa
930 955 1123 1006 peccata.
1151 948 1332 1004 Propter
1355 944 1463 1004 quid

71 1016 252 1061 irritavit
282 1019 419 1060 Deum
455 1018 716 1075 peccator-2?
749 1017 790 1060 Si
823 1032 912 1061 non
933 1015 1054 1061 vides
1076 1024 1305 1074 peccatum
1333 1023 1463 1058 tuum

72 1096 303 1147 antequam
332 1085 461 1130 facias
479 1121 490 1140 ,
513 1085 584 1130 vel
600 1087 690 1146 jam
713 1101 812 1129 cum
838 1085 976 1130 fecisti
998 1084 1240 1129 considera.
1266 1082 1463 1128 Dulcedo

69 1159 199 1218 hujus
216 1157 362 1202 saeculi
381 1157 436 1201 ad
455 1166 625 1216 tempus
648 1155 794 1201 fauces
813 1156 1028 1212 indulcat,
1054 1157 1099 1200 in
1121 1170 1323 1214 magnam
1348 1169 1464 1198 ama-

70 1228 305 1273 ritudinem
338 1237 486 1288 postea
508 1237 804 1273 convertetur.
831 1230 945 1272 Ecce
982 1227 1197 1287 peccasti,
1223 1236 1267 1270 et
1288 1225 1463 1270 lucrum

70 1299 208 1344 fecisti
230 1319 239 1344 :
257 1299 364 1359 quid
382 1308 461 1353 est,
485 1297 603 1359 quod
628 1298 766 1343 fecisti
786 1298 959 1343 lucrum
975 1300 992 1342 Ρ
1006 1300 1062 1343 Ut
1083 1298 1256 1342 lucrum
1279 1295 1458 1350 faceres,

71 1373 207 1414 Deum
244 1370 463 1415 offendisti
489 1389 498 1414 :
525 1378 574 1413 ut
607 1384 786 1428 augeres
810 1369 1045 1428 pecuniam
1062 1404 1072 1423 ,
1104 1367 1212 1412 tides
1235 1367 1463 1411 deminuta

69 1450 154 1496 est,
179 1450 222 1485 et
244 1457 401 1485 aurum
423 1441 574 1485 crevit.
601 1439 716 1493 Quid
741 1440 996 1500 perdidisti,
1019 1449 1062 1484 et
1084 1438 1191 1499 quid
1214 1438 1462 1498 acquisisti?

69 1512 196 1565 Quod
224 1512 442 1573 acquisisti
471 1527 625 1556 aurum
648 1520 848 1567 vocatur,
870 1511 992 1571 quod
1009 1509 1235 1571 perdidisti
1253 1509 1358 1553 fides
1379 1524 1460 1553 vo-

69 1592 221 1627 catur:
248 1598 450 1642 compara
480 1581 613 1625 fidem
636 1598 742 1627 auro
769 1602 776 1626 :
803 1582 836 1627 si
871 1582 1034 1627 venalis
1056 1590 1166 1626 esset
1184 1582 1228 1624 in
1253 1580 1461 1624 nundinis

70 1653 190 1707 fides,
208 1654 390 1698 haberet
413 1653 617 1713 pretium.
641 1656 780 1697 Lucra
798 1662 872 1697 tua
894 1654 1072 1713 cogitas,
1096 1652 1256 1697 damna
1279 1661 1353 1696 tua
1371 1666 1462 1695 non

69 1724 262 1783 cogitas?
284 1727 345 1768 De
369 1740 465 1768 arca
490 1722 651 1781 gaudes
668 1759 678 1778 ,
704 1724 759 1768 de
781 1723 911 1769 corde
933 1740 1021 1768 non
1043 1724 1227 1782 plangis.
1250 1721 1463 1766 Abundat

70 1795 213 1839 nescio
241 1793 349 1854 quid
372 1795 416 1838 in
440 1810 538 1838 area
560 1805 656 1848 tua,
682 1795 757 1838 sed
788 1794 886 1839 vide
906 1794 1012 1855 quid
1034 1794 1316 1837 imminutum
1341 1793 1394 1836 sit
1415 1793 1462 1835 in

68 1864 199 1910 corde
222 1874 313 1909 tuo.
331 1867 440 1909 Cum
465 1865 683 1924 aperueris
706 1881 865 1919 arcam,
883 1865 1076 1908 invenies
1099 1863 1259 1909 solidos
1279 1864 1462 1923 quinon

68 1943 205 1979 erant.
232 1937 348 1978 Bene
368 1970 379 1989 ,
405 1935 506 1994 quia
529 1933 691 1993 gaudes
718 1950 808 1979 esse
830 1935 889 1979 ibi
912 1934 1033 1995 quod
1049 1935 1111 1978 ibi
1134 1950 1223 1978 non
1245 1942 1352 1977 erat.
1378 1937 1462 1977 At-

69 2004 199 2049 tende
215 2020 357 2049 arcam
382 2006 522 2050 cordis
541 2026 550 2063 3
567 2014 658 2049 erat
680 2005 741 2048 ibi
763 2004 885 2059 fides,
912 2014 955 2048 et
976 2021 1066 2049 non
1084 2014 1161 2049 est.
1191 2004 1233 2048 Si
1256 2004 1336 2047 hac
1356 2018 1463 2061 gau-

69 2074 144 2119 des
161 2110 172 2130 ,
197 2091 331 2136 quare
353 2077 434 2119 hac
457 2091 546 2120 non
568 2075 772 2135 plangis?
792 2074 894 2119 Plus
912 2074 1137 2135 perdidisti
1159 2090 1292 2134 quam
1315 2075 1464 2134 acqui-

67 2145 172 2190 sisti.
215 2146 288 2190 Vis
331 2146 478 2190 videre
515 2147 622 2207 quid
659 2144 901 2206 perdideris
927 2148 944 2188 ⁶?
978 2148 1067 2191 Nec
1107 2145 1335 2203 naufragio
1382 2144 1462 2189 tibi

68 2225 211 2275 posset
238 2215 410 2260 auferri.
441 2219 550 2262 Nam
582 2216 819 2277 aliquando
843 2215 1035 2276 perdunt
1071 2216 1217 2260 omnia
1253 2215 1298 2259 in
1325 2215 1458 2270 mari,

69 2285 177 2331 nudi
195 2297 366 2332 exeunt.
392 2287 521 2332 Multi
544 2286 914 2347 naufragaverunt
937 2303 1039 2332 cum
1062 2286 1199 2332 Paulo
1215 2288 1230 2312 3
1256 2305 1266 2332 z
1291 2296 1461 2331 amato-

69 2371 135 2400 res
158 2357 287 2416 hujus
314 2358 459 2411 saeculi
491 2359 601 2418 passi
630 2367 734 2403 sunt
767 2358 1073 2418 naufragium,
1108 2366 1152 2402 et
1172 2357 1282 2401 nudi
1312 2372 1462 2401 omnes

68 2426 264 2470 exierunt
282 2447 294 2484 3
328 2427 392 2471 illi
425 2437 467 2472 et
489 2427 610 2488 quod
630 2428 736 2473 foris
758 2429 985 2473 habebant
1006 2429 1247 2473 amiserunt
1261 2463 1272 2483 ,
1312 2438 1356 2473 et
1379 2428 1461 2474 do-

70 2513 189 2542 mum
226 2497 367 2542 cordis
400 2499 465 2543 sui
499 2500 765 2544 invenerunt
797 2501 973 2544 inanem
1000 2500 1198 2545 :Paulus
1237 2509 1382 2544 autem
1416 2501 1462 2544 in

71 2566 199 2612 corde
235 2568 403 2613 ferebat
438 2569 749 2628 patrimonium
782 2569 885 2614 fidei
918 2586 1035 2624 suae,
1069 2569 1200 2614 nullis
1225 2570 1457 2626 fluctibus,

119 2657 128 2674 ¹
146 2653 220 2686 Luc.
240 2663 295 2694 xv,
318 2660 432 2694 12-17.
454 2670 496 2677 —
515 2659 527 2676 ²
551 2652 635 2686 Psal.
659 2664 703 2695 lx,
730 2654 779 2686 13.
801 2670 841 2677 --
866 2652 879 2677 ³
897 2657 969 2687 Act.
992 2665 1095 2695 xxvxi,
1114 2654 1168 2696 [51.
