<?xml version="1.0" encoding="UTF-8"?>
<!DOCTYPE html PUBLIC "-//W3C//DTD XHTML 1.0 Transitional//EN"
    "http://www.w3.org/TR/xhtml1/DTD/xhtml1-transitional.dtd">
<html xmlns="http://www.w3.org/1999/xhtml" xml:lang="en" lang="en">
 <head>
  <title>
</title>
<meta http-equiv="Content-Type" content="text/html;charset=utf-8" />
  <meta name='ocr-system' content='tesseract 3.04.00' />
  <meta name='ocr-capabilities' content='ocr_page ocr_carea ocr_par ocr_line ocrx_word'/>
</head>
<body>
  <div class='ocr_page' id='page_1' title='image "./operaomniaaccura12auguuoft_0097.png"; bbox 0 0 1815 3253; ppageno 0'>
   <div class='ocr_carea' id='block_1_1' title="bbox 386 234 1445 277">
    <p class='ocr_par' dir='ltr' id='par_1_1' title="bbox 386 234 1445 277">
     <span class='ocr_line' id='line_1_1' title="bbox 386 234 1445 277; baseline -0.004 0"><span class='ocrx_word' id='word_1_1' title='bbox 386 247 626 277; x_wconf 68' lang='lat' dir='ltr'>ENARRATIO</span> <span class='ocrx_word' id='word_1_2' title='bbox 658 250 703 276; x_wconf 78' lang='lat' dir='ltr'>IN</span> <span class='ocrx_word' id='word_1_3' title='bbox 735 244 939 275; x_wconf 72' lang='lat' dir='ltr'>PsALMtsM</span> <span class='ocrx_word' id='word_1_4' title='bbox 971 246 1107 275; x_wconf 83' lang='lat' dir='ltr'>cxxiv.</span> <span class='ocrx_word' id='word_1_5' title='bbox 1392 234 1445 273; x_wconf 77' lang='lat'>87</span> 
     </span>
    </p>
   </div>
   <div class='ocr_carea' id='block_1_2' title="bbox 61 311 1455 798">
    <p class='ocr_par' dir='ltr' id='par_1_2' title="bbox 61 311 1455 798">
     <span class='ocr_line' id='line_1_2' title="bbox 63 311 1452 375; baseline -0.005 -13"><span class='ocrx_word' id='word_1_6' title='bbox 63 332 174 363; x_wconf 90' lang='lat' dir='ltr'>rum.</span> <span class='ocrx_word' id='word_1_7' title='bbox 200 318 257 360; x_wconf 86' lang='lat' dir='ltr'>Et</span> <span class='ocrx_word' id='word_1_8' title='bbox 277 315 439 375; x_wconf 86' lang='lat' dir='ltr'>quibus</span> <span class='ocrx_word' id='word_1_9' title='bbox 461 314 646 369; x_wconf 86' lang='lat' dir='ltr'>dicitur,</span> <span class='ocrx_word' id='word_1_10' title='bbox 672 316 844 358; x_wconf 86' lang='lat' dir='ltr'>Etcum</span> <span class='ocrx_word' id='word_1_11' title='bbox 863 313 1017 372; x_wconf 82' lang='lat' dir='ltr'>spiritu</span> <span class='ocrx_word' id='word_1_12' title='bbox 1047 313 1154 356; x_wconf 80' lang='lat' dir='ltr'>tuo?</span> <span class='ocrx_word' id='word_1_13' title='bbox 1175 311 1261 365; x_wconf 79' lang='lat' dir='ltr'>Qui</span> <span class='ocrx_word' id='word_1_14' title='bbox 1290 311 1452 356; x_wconf 80' lang='lat' dir='ltr'>dissen-</span> 
     </span>
     <span class='ocr_line' id='line_1_3' title="bbox 63 383 1448 445; baseline -0.006 -12"><span class='ocrx_word' id='word_1_15' title='bbox 63 388 200 433; x_wconf 82' lang='lat' dir='ltr'>siones</span> <span class='ocrx_word' id='word_1_16' title='bbox 222 386 545 445; x_wconf 84' lang='lat' dir='ltr'>amplectuntur</span> <span class='ocrx_word' id='word_1_17' title='bbox 561 420 573 440; x_wconf 91' lang='lat'>,</span> <span class='ocrx_word' id='word_1_18' title='bbox 595 395 639 428; x_wconf 88' lang='lat' dir='ltr'>et</span> <span class='ocrx_word' id='word_1_19' title='bbox 649 385 805 428; x_wconf 84' lang='lat' dir='ltr'>odiunt</span> <span class='ocrx_word' id='word_1_20' title='bbox 826 398 994 443; x_wconf 81' lang='lat' dir='ltr'>pacem.</span> <span class='ocrx_word' id='word_1_21' title='bbox 1023 384 1065 427; x_wconf 89' lang='lat' dir='ltr'>Si</span> <span class='ocrx_word' id='word_1_22' title='bbox 1085 383 1202 426; x_wconf 89' lang='lat' dir='ltr'>enim</span> <span class='ocrx_word' id='word_1_23' title='bbox 1234 383 1278 426; x_wconf 91' lang='lat' dir='ltr'>in</span> <span class='ocrx_word' id='word_1_24' title='bbox 1297 383 1448 442; x_wconf 85' lang='lat' dir='ltr'>spiritu</span> 
     </span>
     <span class='ocr_line' id='line_1_4' title="bbox 63 452 1452 515; baseline -0.006 -12"><span class='ocrx_word' id='word_1_25' title='bbox 63 472 211 503; x_wconf 86' lang='lat' dir='ltr'>corum</span> <span class='ocrx_word' id='word_1_26' title='bbox 235 466 344 501; x_wconf 88' lang='lat' dir='ltr'>esset</span> <span class='ocrx_word' id='word_1_27' title='bbox 361 471 458 515; x_wconf 81' lang='lat' dir='ltr'>pax,</span> <span class='ocrx_word' id='word_1_28' title='bbox 483 466 630 500; x_wconf 88' lang='lat' dir='ltr'>nonne</span> <span class='ocrx_word' id='word_1_29' title='bbox 651 455 865 498; x_wconf 84' lang='lat' dir='ltr'>unitatem</span> <span class='ocrx_word' id='word_1_30' title='bbox 887 453 1140 512; x_wconf 84' lang='lat' dir='ltr'>diligerent,</span> <span class='ocrx_word' id='word_1_31' title='bbox 1165 462 1209 496; x_wconf 88' lang='lat' dir='ltr'>et</span> <span class='ocrx_word' id='word_1_32' title='bbox 1229 452 1452 512; x_wconf 85' lang='lat' dir='ltr'>relinque-</span> 
     </span>
     <span class='ocr_line' id='line_1_5' title="bbox 64 521 1452 584; baseline -0.005 -12"><span class='ocrx_word' id='word_1_33' title='bbox 64 537 160 572; x_wconf 87' lang='lat' dir='ltr'>rent</span> <span class='ocrx_word' id='word_1_34' title='bbox 187 525 527 571; x_wconf 82' lang='lat' dir='ltr'>dissensionem?</span> <span class='ocrx_word' id='word_1_35' title='bbox 552 524 728 569; x_wconf 90' lang='lat' dir='ltr'>Falsum</span> <span class='ocrx_word' id='word_1_36' title='bbox 761 539 864 583; x_wconf 82' lang='lat' dir='ltr'>ergo</span> <span class='ocrx_word' id='word_1_37' title='bbox 897 523 1230 584; x_wconf 82' lang='lat' dir='ltr'>pronuntiantes</span> <span class='ocrx_word' id='word_1_38' title='bbox 1246 557 1258 579; x_wconf 91' lang='lat'>,</span> <span class='ocrx_word' id='word_1_39' title='bbox 1293 521 1452 566; x_wconf 86' lang='lat' dir='ltr'>salsum</span> 
     </span>
     <span class='ocr_line' id='line_1_6' title="bbox 63 592 1449 655; baseline -0.004 -13"><span class='ocrx_word' id='word_1_40' title='bbox 63 597 260 643; x_wconf 86' lang='lat' dir='ltr'>audiunt.</span> <span class='ocrx_word' id='word_1_41' title='bbox 286 599 372 641; x_wconf 92' lang='lat' dir='ltr'>Nos</span> <span class='ocrx_word' id='word_1_42' title='bbox 388 609 541 640; x_wconf 87' lang='lat' dir='ltr'>verum</span> <span class='ocrx_word' id='word_1_43' title='bbox 563 595 898 655; x_wconf 85' lang='lat' dir='ltr'>pronuntiemus</span> <span class='ocrx_word' id='word_1_44' title='bbox 914 629 926 649; x_wconf 91' lang='lat'>,</span> <span class='ocrx_word' id='word_1_45' title='bbox 951 602 995 638; x_wconf 87' lang='lat' dir='ltr'>et</span> <span class='ocrx_word' id='word_1_46' title='bbox 1022 607 1177 637; x_wconf 88' lang='lat' dir='ltr'>verum</span> <span class='ocrx_word' id='word_1_47' title='bbox 1206 592 1449 637; x_wconf 84' lang='lat' dir='ltr'>audiamus.</span> 
     </span>
     <span class='ocr_line' id='line_1_7' title="bbox 65 663 1455 726; baseline -0.004 -13"><span class='ocrx_word' id='word_1_48' title='bbox 65 670 207 714; x_wconf 90' lang='lat' dir='ltr'>Simus</span> <span class='ocrx_word' id='word_1_49' title='bbox 231 666 362 712; x_wconf 72' lang='lat' dir='ltr'>Israel</span> <span class='ocrx_word' id='word_1_50' title='bbox 381 702 392 723; x_wconf 90' lang='lat'>,</span> <span class='ocrx_word' id='word_1_51' title='bbox 416 676 460 711; x_wconf 90' lang='lat' dir='ltr'>et</span> <span class='ocrx_word' id='word_1_52' title='bbox 477 665 795 726; x_wconf 85' lang='lat' dir='ltr'>amplectamur</span> <span class='ocrx_word' id='word_1_53' title='bbox 807 680 986 726; x_wconf 73' lang='lat' dir='ltr'>pacem,</span> <span class='ocrx_word' id='word_1_54' title='bbox 1010 665 1113 726; x_wconf 90' lang='lat' dir='ltr'>quia</span> <span class='ocrx_word' id='word_1_55' title='bbox 1136 663 1378 709; x_wconf 87' lang='lat' dir='ltr'>Jerusalem</span> <span class='ocrx_word' id='word_1_56' title='bbox 1390 671 1455 709; x_wconf 90' lang='lat' dir='ltr'>est</span> 
     </span>
     <span class='ocr_line' id='line_1_8' title="bbox 61 734 1252 798; baseline -0.006 -14"><span class='ocrx_word' id='word_1_57' title='bbox 61 739 168 785; x_wconf 82' lang='lat' dir='ltr'>visio</span> <span class='ocrx_word' id='word_1_58' title='bbox 189 738 328 798; x_wconf 85' lang='lat' dir='ltr'>pacis,</span> <span class='ocrx_word' id='word_1_59' title='bbox 349 747 392 782; x_wconf 86' lang='lat' dir='ltr'>et</span> <span class='ocrx_word' id='word_1_60' title='bbox 408 752 486 783; x_wconf 89' lang='lat' dir='ltr'>nos</span> <span class='ocrx_word' id='word_1_61' title='bbox 509 736 665 793; x_wconf 69' lang='lat' dir='ltr'>Israel,</span> <span class='ocrx_word' id='word_1_62' title='bbox 691 746 735 782; x_wconf 89' lang='lat' dir='ltr'>et</span> <span class='ocrx_word' id='word_1_63' title='bbox 760 754 780 779; x_wconf 91' lang='lat'>«</span> <span class='ocrx_word' id='word_1_64' title='bbox 800 739 888 781; x_wconf 85' lang='lat' dir='ltr'>Pax</span> <span class='ocrx_word' id='word_1_65' title='bbox 904 750 1033 796; x_wconf 90' lang='lat' dir='ltr'>super</span> <span class='ocrx_word' id='word_1_66' title='bbox 1054 734 1202 780; x_wconf 72' lang='lat' dir='ltr'>Israel.</span> <span class='ocrx_word' id='word_1_67' title='bbox 1230 752 1252 777; x_wconf 88' lang='lat'>»</span> 
     </span>
    </p>
   </div>
   <div class='ocr_carea' id='block_1_3' title="bbox 62 917 687 936">
    <p class='ocr_par' dir='ltr' id='par_1_3' title="bbox 62 917 687 936">
     <span class='ocr_line' id='line_1_9' title="bbox 62 917 687 936; baseline -0.003 0"><span class='ocrx_word' id='word_1_68' title='bbox 62 917 687 936; x_wconf 62' lang='lat' dir='ltr'>mmmmmmm</span> 
     </span>
    </p>
   </div>
   <div class='ocr_carea' id='block_1_4' title="bbox 690 917 898 934">
    <p class='ocr_par' dir='ltr' id='par_1_4' title="bbox 690 917 898 934">
     <span class='ocr_line' id='line_1_10' title="bbox 690 917 898 934; baseline 0 2319"><span class='ocrx_word' id='word_1_69' title='bbox 690 917 898 934; x_wconf 95' lang='lat' dir='ltr'> </span> 
     </span>
    </p>
   </div>
   <div class='ocr_carea' id='block_1_5' title="bbox 901 915 1454 933">
    <p class='ocr_par' dir='ltr' id='par_1_5' title="bbox 901 915 1454 933">
     <span class='ocr_line' id='line_1_11' title="bbox 901 915 1454 933; baseline -0.002 0"><span class='ocrx_word' id='word_1_70' title='bbox 901 915 1454 933; x_wconf 61' lang='lat' dir='ltr'>mmmmm</span> 
     </span>
    </p>
   </div>
   <div class='ocr_carea' id='block_1_6' title="bbox 568 1060 952 1110">
    <p class='ocr_par' dir='ltr' id='par_1_6' title="bbox 568 1060 952 1110">
     <span class='ocr_line' id='line_1_12' title="bbox 568 1060 952 1110; baseline -0.003 -1"><span class='ocrx_word' id='word_1_71' title='bbox 568 1060 952 1110; x_wconf 87' lang='lat' dir='ltr'><strong>ENARRATIO</strong></span> 
     </span>
    </p>
   </div>
   <div class='ocr_carea' id='block_1_7' title="bbox 432 1240 1095 1284">
    <p class='ocr_par' dir='ltr' id='par_1_7' title="bbox 432 1240 1095 1284">
     <span class='ocr_line' id='line_1_13' title="bbox 432 1240 1095 1284; baseline -0.003 -2"><span class='ocrx_word' id='word_1_72' title='bbox 432 1244 492 1283; x_wconf 87' lang='lat' dir='ltr'>IN</span> <span class='ocrx_word' id='word_1_73' title='bbox 545 1241 853 1284; x_wconf 84' lang='lat' dir='ltr'>PSALMUM</span> <span class='ocrx_word' id='word_1_74' title='bbox 896 1240 1095 1282; x_wconf 82' lang='lat' dir='ltr'>CXXV.</span> 
     </span>
    </p>
   </div>
   <div class='ocr_carea' id='block_1_8' title="bbox 538 1417 977 1479">
    <p class='ocr_par' dir='ltr' id='par_1_8' title="bbox 538 1417 977 1479">
     <span class='ocr_line' id='line_1_14' title="bbox 538 1417 977 1479; baseline -0.005 -15"><span class='ocrx_word' id='word_1_75' title='bbox 538 1421 688 1465; x_wconf 89' lang='lat' dir='ltr'>Sermo</span> <span class='ocrx_word' id='word_1_76' title='bbox 711 1417 767 1464; x_wconf 92' lang='lat' dir='ltr'>ad</span> <span class='ocrx_word' id='word_1_77' title='bbox 785 1417 977 1479; x_wconf 87' lang='lat' dir='ltr'>plebem.</span> 
     </span>
    </p>
   </div>
   <div class='ocr_carea' id='block_1_9' title="bbox 64 1562 1461 1910">
    <p class='ocr_par' dir='ltr' id='par_1_9' title="bbox 64 1562 1461 1910">
     <span class='ocr_line' id='line_1_15' title="bbox 124 1562 1460 1628; baseline -0.004 -16"><span class='ocrx_word' id='word_1_78' title='bbox 124 1571 160 1613; x_wconf 93' lang='lat'>1.</span> <span class='ocrx_word' id='word_1_79' title='bbox 190 1570 316 1613; x_wconf 71' lang='lat' dir='ltr'>Stcm</span> <span class='ocrx_word' id='word_1_80' title='bbox 333 1568 424 1628; x_wconf 86' lang='lat' dir='ltr'>jam</span> <span class='ocrx_word' id='word_1_81' title='bbox 448 1566 727 1622; x_wconf 88' lang='lat' dir='ltr'>meministis,</span> <span class='ocrx_word' id='word_1_82' title='bbox 754 1581 806 1610; x_wconf 80' lang='lat' dir='ltr'>ex</span> <span class='ocrx_word' id='word_1_83' title='bbox 834 1565 988 1610; x_wconf 88' lang='lat' dir='ltr'>ordine</span> <span class='ocrx_word' id='word_1_84' title='bbox 1009 1564 1136 1609; x_wconf 83' lang='lat' dir='ltr'>nobis</span> <span class='ocrx_word' id='word_1_85' title='bbox 1168 1562 1460 1609; x_wconf 86' lang='lat' dir='ltr'>tractantibus</span> 
     </span>
     <span class='ocr_line' id='line_1_16' title="bbox 64 1634 1461 1696; baseline -0.005 -13"><span class='ocrx_word' id='word_1_86' title='bbox 64 1640 142 1684; x_wconf 86' lang='lat' dir='ltr'>iste</span> <span class='ocrx_word' id='word_1_87' title='bbox 162 1637 362 1683; x_wconf 87' lang='lat' dir='ltr'>Psalmus</span> <span class='ocrx_word' id='word_1_88' title='bbox 385 1647 447 1681; x_wconf 88' lang='lat' dir='ltr'>est</span> <span class='ocrx_word' id='word_1_89' title='bbox 469 1638 728 1682; x_wconf 88' lang='lat' dir='ltr'>centesimus</span> <span class='ocrx_word' id='word_1_90' title='bbox 750 1636 1188 1696; x_wconf 87' lang='lat' dir='ltr'>vicesimus-quintus</span> <span class='ocrx_word' id='word_1_91' title='bbox 1207 1670 1218 1690; x_wconf 90' lang='lat'>,</span> <span class='ocrx_word' id='word_1_92' title='bbox 1243 1634 1319 1694; x_wconf 90' lang='lat' dir='ltr'>qui</span> <span class='ocrx_word' id='word_1_93' title='bbox 1346 1634 1461 1677; x_wconf 89' lang='lat' dir='ltr'>inter</span> 
     </span>
     <span class='ocr_line' id='line_1_17' title="bbox 64 1706 1461 1769; baseline -0.004 -16"><span class='ocrx_word' id='word_1_94' title='bbox 64 1710 163 1755; x_wconf 90' lang='lat' dir='ltr'>illos</span> <span class='ocrx_word' id='word_1_95' title='bbox 187 1709 377 1754; x_wconf 88' lang='lat' dir='ltr'>Psalmos</span> <span class='ocrx_word' id='word_1_96' title='bbox 410 1718 475 1753; x_wconf 88' lang='lat' dir='ltr'>est</span> <span class='ocrx_word' id='word_1_97' title='bbox 494 1744 505 1765; x_wconf 91' lang='lat'>,</span> <span class='ocrx_word' id='word_1_98' title='bbox 534 1725 722 1769; x_wconf 82' lang='lat' dir='ltr'>quorum</span> <span class='ocrx_word' id='word_1_99' title='bbox 747 1717 811 1752; x_wconf 88' lang='lat' dir='ltr'>est</span> <span class='ocrx_word' id='word_1_100' title='bbox 839 1707 994 1752; x_wconf 85' lang='lat' dir='ltr'>titulus</span> <span class='ocrx_word' id='word_1_101' title='bbox 1015 1743 1026 1762; x_wconf 94' lang='lat'>,</span> <span class='ocrx_word' id='word_1_102' title='bbox 1057 1726 1077 1749; x_wconf 90' lang='lat'>«</span> <span class='ocrx_word' id='word_1_103' title='bbox 1105 1706 1339 1752; x_wconf 83' lang='lat' dir='ltr'>Canticum</span> <span class='ocrx_word' id='word_1_104' title='bbox 1362 1720 1461 1764; x_wconf 84' lang='lat' dir='ltr'>gra-</span> 
     </span>
     <span class='ocr_line' id='line_1_18' title="bbox 67 1777 1457 1838; baseline -0.001 -15"><span class='ocrx_word' id='word_1_105' title='bbox 67 1799 89 1823; x_wconf 80' lang='lat'>»</span> <span class='ocrx_word' id='word_1_106' title='bbox 122 1781 277 1825; x_wconf 90' lang='lat' dir='ltr'>duum.</span> <span class='ocrx_word' id='word_1_107' title='bbox 303 1799 323 1822; x_wconf 89' lang='lat'>»</span> <span class='ocrx_word' id='word_1_108' title='bbox 340 1790 404 1825; x_wconf 87' lang='lat' dir='ltr'>est</span> <span class='ocrx_word' id='word_1_109' title='bbox 421 1790 567 1824; x_wconf 87' lang='lat' dir='ltr'>autem</span> <span class='ocrx_word' id='word_1_110' title='bbox 588 1782 700 1825; x_wconf 88' lang='lat' dir='ltr'>sicut</span> <span class='ocrx_word' id='word_1_111' title='bbox 719 1780 854 1825; x_wconf 89' lang='lat' dir='ltr'>nostis</span> <span class='ocrx_word' id='word_1_112' title='bbox 875 1796 959 1824; x_wconf 80' lang='lat' dir='ltr'>vox</span> <span class='ocrx_word' id='word_1_113' title='bbox 976 1777 1306 1824; x_wconf 87' lang='lat' dir='ltr'>ascendentium</span> <span class='ocrx_word' id='word_1_114' title='bbox 1324 1796 1334 1822; x_wconf 78' lang='lat' dir='ltr'><em>z</em></span> <span class='ocrx_word' id='word_1_115' title='bbox 1350 1792 1457 1838; x_wconf 90' lang='lat' dir='ltr'>quo,</span> 
     </span>
     <span class='ocr_line' id='line_1_19' title="bbox 64 1848 1460 1910; baseline -0.003 -15"><span class='ocrx_word' id='word_1_116' title='bbox 64 1851 147 1895; x_wconf 89' lang='lat' dir='ltr'>nisi</span> <span class='ocrx_word' id='word_1_117' title='bbox 189 1850 245 1895; x_wconf 85' lang='lat' dir='ltr'>ad</span> <span class='ocrx_word' id='word_1_118' title='bbox 285 1850 406 1895; x_wconf 89' lang='lat' dir='ltr'>illam</span> <span class='ocrx_word' id='word_1_119' title='bbox 446 1866 679 1910; x_wconf 82' lang='lat' dir='ltr'>supernam</span> <span class='ocrx_word' id='word_1_120' title='bbox 720 1849 962 1895; x_wconf 84' lang='lat' dir='ltr'>Jerusalem</span> <span class='ocrx_word' id='word_1_121' title='bbox 981 1885 992 1905; x_wconf 88' lang='lat'>,</span> <span class='ocrx_word' id='word_1_122' title='bbox 1040 1858 1224 1894; x_wconf 89' lang='lat' dir='ltr'>matrem</span> <span class='ocrx_word' id='word_1_123' title='bbox 1259 1848 1460 1894; x_wconf 88' lang='lat' dir='ltr'>omnium</span> 
     </span>
    </p>
   </div>
   <div class='ocr_carea' id='block_1_10' title="bbox 11 1920 1462 1982">
    <p class='ocr_par' dir='ltr' id='par_1_10' title="bbox 11 1920 1462 1982">
     <span class='ocr_line' id='line_1_20' title="bbox 11 1920 1462 1982; baseline -0.002 -16"><span class='ocrx_word' id='word_1_124' title='bbox 11 1947 13 1953; x_wconf 43' lang='lat'><strong>¹</strong></span> <span class='ocrx_word' id='word_1_125' title='bbox 65 1931 287 1978; x_wconf 87' lang='lat' dir='ltr'>nostrum,</span> <span class='ocrx_word' id='word_1_126' title='bbox 319 1938 418 1982; x_wconf 85' lang='lat' dir='ltr'>quae</span> <span class='ocrx_word' id='word_1_127' title='bbox 440 1930 503 1965; x_wconf 84' lang='lat' dir='ltr'>est</span> <span class='ocrx_word' id='word_1_128' title='bbox 533 1922 579 1965; x_wconf 92' lang='lat' dir='ltr'>in</span> <span class='ocrx_word' id='word_1_129' title='bbox 607 1920 782 1965; x_wconf 78' lang='lat' dir='ltr'>eoelis1?</span> <span class='ocrx_word' id='word_1_130' title='bbox 809 1924 918 1974; x_wconf 86' lang='lat' dir='ltr'>Quae</span> <span class='ocrx_word' id='word_1_131' title='bbox 946 1935 1133 1980; x_wconf 86' lang='lat' dir='ltr'>superna</span> <span class='ocrx_word' id='word_1_132' title='bbox 1167 1929 1256 1974; x_wconf 86' lang='lat' dir='ltr'>est,</span> <span class='ocrx_word' id='word_1_133' title='bbox 1297 1920 1389 1978; x_wconf 86' lang='lat' dir='ltr'>ipsa</span> <span class='ocrx_word' id='word_1_134' title='bbox 1417 1927 1462 1962; x_wconf 87' lang='lat' dir='ltr'>et</span> 
     </span>
    </p>
   </div>
   <div class='ocr_carea' id='block_1_11' title="bbox 65 1989 1463 2548">
    <p class='ocr_par' dir='ltr' id='par_1_11' title="bbox 65 1989 1463 2548">
     <span class='ocr_line' id='line_1_21' title="bbox 65 1989 1461 2053; baseline -0.002 -16"><span class='ocrx_word' id='word_1_135' title='bbox 65 2003 240 2038; x_wconf 84' lang='lat' dir='ltr'>aeterna.</span> <span class='ocrx_word' id='word_1_136' title='bbox 264 1996 368 2037; x_wconf 82' lang='lat' dir='ltr'>Haec</span> <span class='ocrx_word' id='word_1_137' title='bbox 390 2002 536 2037; x_wconf 85' lang='lat' dir='ltr'>autem</span> <span class='ocrx_word' id='word_1_138' title='bbox 560 2009 659 2053; x_wconf 84' lang='lat' dir='ltr'>quae</span> <span class='ocrx_word' id='word_1_139' title='bbox 681 1994 727 2036; x_wconf 92' lang='lat' dir='ltr'>in</span> <span class='ocrx_word' id='word_1_140' title='bbox 749 2002 863 2037; x_wconf 87' lang='lat' dir='ltr'>terra</span> <span class='ocrx_word' id='word_1_141' title='bbox 900 1992 984 2036; x_wconf 87' lang='lat' dir='ltr'>fuit</span> <span class='ocrx_word' id='word_1_142' title='bbox 1001 2027 1013 2047; x_wconf 85' lang='lat'>,</span> <span class='ocrx_word' id='word_1_143' title='bbox 1042 1992 1246 2036; x_wconf 83' lang='lat' dir='ltr'>umbram</span> <span class='ocrx_word' id='word_1_144' title='bbox 1267 1989 1461 2035; x_wconf 82' lang='lat' dir='ltr'>habebat</span> 
     </span>
     <span class='ocr_line' id='line_1_22' title="bbox 65 2061 1462 2125; baseline -0.002 -16"><span class='ocrx_word' id='word_1_145' title='bbox 65 2064 195 2109; x_wconf 90' lang='lat' dir='ltr'>illius.</span> <span class='ocrx_word' id='word_1_146' title='bbox 223 2067 378 2125; x_wconf 88' lang='lat' dir='ltr'>Itaque</span> <span class='ocrx_word' id='word_1_147' title='bbox 413 2065 492 2109; x_wconf 88' lang='lat' dir='ltr'>ista</span> <span class='ocrx_word' id='word_1_148' title='bbox 526 2064 684 2109; x_wconf 89' lang='lat' dir='ltr'>cecidit</span> <span class='ocrx_word' id='word_1_149' title='bbox 701 2099 712 2119; x_wconf 91' lang='lat'>,</span> <span class='ocrx_word' id='word_1_150' title='bbox 750 2063 824 2108; x_wconf 88' lang='lat' dir='ltr'>illa</span> <span class='ocrx_word' id='word_1_151' title='bbox 854 2072 1084 2124; x_wconf 88' lang='lat' dir='ltr'>permanet</span> <span class='ocrx_word' id='word_1_152' title='bbox 1109 2083 1117 2108; x_wconf 87' lang='lat'>:</span> <span class='ocrx_word' id='word_1_153' title='bbox 1143 2063 1239 2107; x_wconf 86' lang='lat' dir='ltr'>haec</span> <span class='ocrx_word' id='word_1_154' title='bbox 1262 2061 1462 2122; x_wconf 87' lang='lat' dir='ltr'>implevit</span> 
     </span>
     <span class='ocr_line' id='line_1_23' title="bbox 67 2134 1461 2194; baseline -0.002 -15"><span class='ocrx_word' id='word_1_155' title='bbox 67 2144 237 2194; x_wconf 86' lang='lat' dir='ltr'>tempus</span> <span class='ocrx_word' id='word_1_156' title='bbox 250 2134 586 2194; x_wconf 85' lang='lat' dir='ltr'>praedicationis,</span> <span class='ocrx_word' id='word_1_157' title='bbox 598 2135 673 2179; x_wconf 88' lang='lat' dir='ltr'>illa</span> <span class='ocrx_word' id='word_1_158' title='bbox 686 2144 804 2179; x_wconf 86' lang='lat' dir='ltr'>tenet</span> <span class='ocrx_word' id='word_1_159' title='bbox 818 2134 1109 2179; x_wconf 82' lang='lat' dir='ltr'>aeternitatem</span> <span class='ocrx_word' id='word_1_160' title='bbox 1120 2142 1279 2178; x_wconf 84' lang='lat' dir='ltr'>nostrae</span> <span class='ocrx_word' id='word_1_161' title='bbox 1290 2148 1461 2192; x_wconf 88' lang='lat' dir='ltr'>repara-</span> 
     </span>
     <span class='ocr_line' id='line_1_24' title="bbox 67 2204 1462 2265; baseline -0.001 -16"><span class='ocrx_word' id='word_1_162' title='bbox 67 2205 285 2251; x_wconf 86' lang='lat' dir='ltr'>tionis.Ab</span> <span class='ocrx_word' id='word_1_163' title='bbox 300 2205 373 2250; x_wconf 90' lang='lat' dir='ltr'>illa</span> <span class='ocrx_word' id='word_1_164' title='bbox 387 2207 714 2265; x_wconf 80' lang='lat' dir='ltr'>peregrinamur</span> <span class='ocrx_word' id='word_1_165' title='bbox 725 2206 771 2249; x_wconf 92' lang='lat' dir='ltr'>in</span> <span class='ocrx_word' id='word_1_166' title='bbox 782 2207 864 2250; x_wconf 89' lang='lat' dir='ltr'>hac</span> <span class='ocrx_word' id='word_1_167' title='bbox 878 2207 966 2250; x_wconf 90' lang='lat' dir='ltr'>vita</span> <span class='ocrx_word' id='word_1_168' title='bbox 980 2204 1171 2250; x_wconf 83' lang='lat' dir='ltr'>reditum</span> <span class='ocrx_word' id='word_1_169' title='bbox 1184 2204 1240 2249; x_wconf 91' lang='lat' dir='ltr'>ad</span> <span class='ocrx_word' id='word_1_170' title='bbox 1251 2205 1359 2265; x_wconf 89' lang='lat' dir='ltr'>ejus,</span> <span class='ocrx_word' id='word_1_171' title='bbox 1375 2219 1462 2248; x_wconf 90' lang='lat' dir='ltr'>sus-</span> 
     </span>
     <span class='ocr_line' id='line_1_25' title="bbox 67 2274 1461 2335; baseline 0 -16"><span class='ocrx_word' id='word_1_172' title='bbox 67 2276 255 2335; x_wconf 87' lang='lat' dir='ltr'>piramus</span> <span class='ocrx_word' id='word_1_173' title='bbox 268 2297 278 2333; x_wconf 80' lang='lat'><em>3</em></span> <span class='ocrx_word' id='word_1_174' title='bbox 295 2276 448 2320; x_wconf 89' lang='lat' dir='ltr'>tandiu</span> <span class='ocrx_word' id='word_1_175' title='bbox 461 2277 603 2321; x_wconf 87' lang='lat' dir='ltr'>miseri</span> <span class='ocrx_word' id='word_1_176' title='bbox 617 2287 660 2321; x_wconf 89' lang='lat' dir='ltr'>et</span> <span class='ocrx_word' id='word_1_177' title='bbox 674 2276 942 2331; x_wconf 86' lang='lat' dir='ltr'>laborantes,</span> <span class='ocrx_word' id='word_1_178' title='bbox 959 2276 1100 2321; x_wconf 91' lang='lat' dir='ltr'>donec</span> <span class='ocrx_word' id='word_1_179' title='bbox 1111 2275 1166 2320; x_wconf 90' lang='lat' dir='ltr'>ad</span> <span class='ocrx_word' id='word_1_180' title='bbox 1177 2274 1298 2320; x_wconf 90' lang='lat' dir='ltr'>illam</span> <span class='ocrx_word' id='word_1_181' title='bbox 1314 2274 1461 2319; x_wconf 87' lang='lat' dir='ltr'>redea-</span> 
     </span>
     <span class='ocr_line' id='line_1_26' title="bbox 67 2346 1461 2406; baseline 0 -17"><span class='ocrx_word' id='word_1_182' title='bbox 67 2360 176 2389; x_wconf 88' lang='lat' dir='ltr'>mus.</span> <span class='ocrx_word' id='word_1_183' title='bbox 202 2349 290 2391; x_wconf 91' lang='lat' dir='ltr'>Nec</span> <span class='ocrx_word' id='word_1_184' title='bbox 312 2347 425 2391; x_wconf 88' lang='lat' dir='ltr'>cives</span> <span class='ocrx_word' id='word_1_185' title='bbox 447 2348 582 2392; x_wconf 87' lang='lat' dir='ltr'>nostri</span> <span class='ocrx_word' id='word_1_186' title='bbox 612 2347 768 2405; x_wconf 79' lang='lat' dir='ltr'>Angeli</span> <span class='ocrx_word' id='word_1_187' title='bbox 796 2346 1059 2391; x_wconf 88' lang='lat' dir='ltr'>dimiserunt</span> <span class='ocrx_word' id='word_1_188' title='bbox 1085 2362 1164 2391; x_wconf 91' lang='lat' dir='ltr'>nos</span> <span class='ocrx_word' id='word_1_189' title='bbox 1195 2347 1241 2390; x_wconf 87' lang='lat' dir='ltr'>in</span> <span class='ocrx_word' id='word_1_190' title='bbox 1266 2346 1461 2406; x_wconf 83' lang='lat' dir='ltr'>peregri-</span> 
     </span>
     <span class='ocr_line' id='line_1_27' title="bbox 68 2416 1463 2478; baseline 0.001 -19"><span class='ocrx_word' id='word_1_191' title='bbox 68 2416 258 2472; x_wconf 84' lang='lat' dir='ltr'>natione,</span> <span class='ocrx_word' id='word_1_192' title='bbox 278 2417 353 2461; x_wconf 88' lang='lat' dir='ltr'>sed</span> <span class='ocrx_word' id='word_1_193' title='bbox 367 2419 737 2462; x_wconf 82' lang='lat' dir='ltr'>annuntiaverunt</span> <span class='ocrx_word' id='word_1_194' title='bbox 752 2418 877 2463; x_wconf 85' lang='lat' dir='ltr'>nobis</span> <span class='ocrx_word' id='word_1_195' title='bbox 889 2418 1030 2478; x_wconf 89' lang='lat' dir='ltr'>ipsum</span> <span class='ocrx_word' id='word_1_196' title='bbox 1045 2421 1212 2477; x_wconf 83' lang='lat' dir='ltr'>Regem</span> <span class='ocrx_word' id='word_1_197' title='bbox 1224 2426 1463 2462; x_wconf 82' lang='lat' dir='ltr'>venturum</span> 
     </span>
     <span class='ocr_line' id='line_1_28' title="bbox 71 2484 1458 2548; baseline 0.001 -19"><span class='ocrx_word' id='word_1_198' title='bbox 71 2484 124 2530; x_wconf 88' lang='lat' dir='ltr'>ad</span> <span class='ocrx_word' id='word_1_199' title='bbox 146 2502 241 2530; x_wconf 90' lang='lat' dir='ltr'>nos.</span> <span class='ocrx_word' id='word_1_200' title='bbox 267 2489 324 2530; x_wconf 88' lang='lat' dir='ltr'>Et</span> <span class='ocrx_word' id='word_1_201' title='bbox 350 2488 470 2531; x_wconf 86' lang='lat' dir='ltr'>venit</span> <span class='ocrx_word' id='word_1_202' title='bbox 503 2487 559 2532; x_wconf 88' lang='lat' dir='ltr'>ad</span> <span class='ocrx_word' id='word_1_203' title='bbox 590 2503 694 2543; x_wconf 91' lang='lat' dir='ltr'>nos,</span> <span class='ocrx_word' id='word_1_204' title='bbox 730 2498 774 2533; x_wconf 84' lang='lat' dir='ltr'>et</span> <span class='ocrx_word' id='word_1_205' title='bbox 807 2497 1087 2548; x_wconf 87' lang='lat' dir='ltr'>contemptus</span> <span class='ocrx_word' id='word_1_206' title='bbox 1110 2497 1174 2533; x_wconf 88' lang='lat' dir='ltr'>est</span> <span class='ocrx_word' id='word_1_207' title='bbox 1201 2489 1316 2533; x_wconf 85' lang='lat' dir='ltr'>inter</span> <span class='ocrx_word' id='word_1_208' title='bbox 1335 2503 1413 2532; x_wconf 90' lang='lat' dir='ltr'>nos</span> <span class='ocrx_word' id='word_1_209' title='bbox 1436 2503 1458 2531; x_wconf 91' lang='lat' dir='ltr'>a</span> 
     </span>
    </p>
   </div>
   <div class='ocr_carea' id='block_1_12' title="bbox 115 2591 347 2635">
    <p class='ocr_par' dir='ltr' id='par_1_12' title="bbox 115 2591 347 2635">
     <span class='ocr_line' id='line_1_29' title="bbox 115 2591 347 2635; baseline 0 -10"><span class='ocrx_word' id='word_1_210' title='bbox 115 2598 125 2616; x_wconf 84' lang='lat'><em>¹</em></span> <span class='ocrx_word' id='word_1_211' title='bbox 142 2591 209 2625; x_wconf 87' lang='lat' dir='ltr'>Gal.</span> <span class='ocrx_word' id='word_1_212' title='bbox 227 2603 273 2635; x_wconf 76' lang='lat' dir='ltr'>iv,</span> <span class='ocrx_word' id='word_1_213' title='bbox 293 2593 347 2625; x_wconf 88' lang='lat'>16.</span> 
     </span>
    </p>
   </div>
  </div>
 </body>
</html>
