1815 3253
390 228 633 259 murmuro
664 232 710 258 m
742 228 946 260 »summu
976 231 1116 259 cxmv.
1336 214 1418 256 451

30 303 121 350 est,
145 303 194 338 ut
214 293 438 354 quomodo
465 295 555 354 ipse
586 311 675 339 non
707 296 883 351 finitur,
917 310 998 339 nec
1021 294 1115 338 laus
1135 293 1270 351 ipsius
1289 293 1421 336 finia-

26 367 133 410 tur?
156 365 276 409 Illius
304 366 558 424 magnitudo
580 367 672 410 sine
712 367 798 410 fine
821 375 912 420 est,
938 374 982 409 et
1015 374 1091 409 tua
1109 363 1304 408 laudatio
1326 364 1418 407 sine

27 435 115 479 fine
136 436 204 479 sit.
234 438 295 479 De
317 435 618 495 magnitudine
640 438 730 497 ejus
757 434 865 497 quid
888 434 1059 480 dietum
1087 435 1186 478 est?
1209 453 1229 475 «
1253 434 1426 491 Magni-

29 523 52 548 »
84 506 247 551 tudinis
268 508 359 568 ejus
380 522 469 552 non
492 517 554 552 est
577 508 689 552 finis.
717 526 737 549 n
764 511 826 551 De
847 516 922 550 tua
942 505 1074 550 laude
1091 504 1230 566 quid?
1251 523 1271 546 «
1297 508 1415 548 Lau—

29 595 53 618 »
85 576 206 622 dabo.
222 593 384 622 nomen
399 587 527 622 tuum
549 580 595 622 in
618 577 845 633 saeculum,
868 577 975 622 etin
996 575 1207 622 saeculum
1223 575 1417 620 saeculi.»

23 649 139 705 Ergo
161 648 273 692 sicut
293 649 385 708 ejus
405 649 719 707 magnitudinis
745 663 835 693 non
858 657 921 692 est
944 648 1063 700 finis,
1089 647 1148 691 sic
1170 656 1258 691 tuae
1275 645 1418 690 laudis

24 731 117 761 non
130 717 212 761 erit
227 718 340 762 finis.
356 720 453 763 Non
471 720 603 774 enim,
622 733 723 764 cum
739 727 939 763 mortuus
959 717 1092 762 fueris
1110 717 1156 760 in
1167 717 1250 762 hac
1266 731 1413 770 carne,

23 785 190 831 desines
222 787 402 832 laudare
424 792 675 834 Dominum.
701 790 878 834 Dictum
915 796 980 833 est
1016 786 1198 848 quidem
1219 807 1229 832 :
1265 806 1286 829 «
1322 789 1422 832 Non

27 874 56 898 »—
83 858 244 902 mortui
265 858 514 904 laudabunt
549 870 590 904 te
606 896 617 915 ‚
655 860 841 904 Domine
857 862 872 886 ¹
901 878 910 904 :
938 877 959 900 »
997 859 1076 903 sed
1102 857 1168 902 illi
1189 857 1246 901 de
1268 857 1430 918 quibus

25 926 204 972 dicitur:
222 947 242 970 «
262 931 300 972 Α
316 939 492 974 mortuo
513 930 636 975 velut
660 931 738 991 qui
760 945 850 974 non
872 930 947 985 sit,
969 929 1083 989 perit
1105 926 1318 974 confessio
1335 931 1375 973 ²:
1399 946 1418 969 »

24 1014 114 1043 non
134 998 200 1042 illi
224 997 279 1042 de
301 999 463 1059 quibus
486 1001 545 1044 ait
572 1020 580 1045 ;
610 1019 631 1044 «
657 1001 743 1054 Qui
776 1000 915 1046 credit
935 1001 981 1044 in
1004 1015 1074 1044 me
1091 1035 1102 1055 ‚
1133 999 1237 1044 licet
1259 999 1422 1043 moria-

29 1086 51 1111 »
84 1078 158 1114 tur
172 1104 184 1124 ⁷
209 1069 326 1114 vivet
341 1071 373 1113 ³.
400 1071 507 1123 Quia
530 1074 644 1114 Deus
667 1072 888 1115 Abraham
905 1081 948 1114 et
965 1074 1080 1115 Deus
1106 1073 1225 1114 Isaac
1246 1079 1291 1114 et
1313 1073 1428 1114 Deus

30 1157 52 1181 »
86 1139 241 1195 Jaco-b,
255 1155 346 1184 non
359 1148 422 1183 est
436 1143 549 1184 Deus
566 1150 860 1195 mortuorum,
873 1140 952 1184 sed¹
964 1141 1230 1185 vivorum⁴.»
1248 1141 1296 1184 Si'
1307 1141 1424 1197 enim

24 1224 256 1270 nunquam
273 1210 355 1253 nisi
377 1210 510 1269 ipsius
532 1211 629 1266 eris,
646 1226 876 1271 nunquam
892 1227 914 1254 a
933 1210 1063 1255 laude
1086 1211 1220 1270 ipsius
1243 1210 1422 1254 tacebis.

28 1281 198 1324 Timere
211 1280 386 1339 poteris,
403 1297 459 1324 ne
476 1282 584 1325 dum
595 1283 666 1326 hic
679 1282 788 1325 vivis
805 1281 940 1340 ipsius
958 1282 1028 1334 sis,
1048 1291 1092 1325 et
1107 1297 1209 1326 cum
1231 1290 1432 1325 mortuus

26 1349 176 1406 fueris,
200 1367 289 1396 non
311 1351 447 1411 ipsius
473 1353 526 1396 sis
539 1355 557 1394 ’ἶ
581 1353 698 1396 Audi
717 1352 980 1412 Apostolum*
994 1353 1325 1412 promittentem
1347 1351 1427 1395 tibi

25 1422 305 1466 securitatem
324 1458 335 1476 ‚
364 1442 385 1465 (ι
409 1423 505 1467 Sive
518 1423 733 1478 vivimus,
754 1423 942 1467 Domino
958 1423 1167 1478 vivimus,
1188 1423 1278 1467 sive
1298 1422 1427 1466 mori-

33 1509 55 1534 »
89 1508 212 1547 mur,
238 1494 425 1537 Domino
442 1493 654 1537 morimur
673 1513 683 1538 :
710 1493 798 1536 sive
819 1508 923 1552 ergo
944 1493 1161 1549 vivimus7
1182 1493 1271 1537 sive
1288 1493 1428 1537 mori-

31 1571 53 1605 »
87 1579 210 1619 mur,
235 1564 408 1608 Domini
429 1580 577 1608 sumus
593 1565 624 1608 ⁵.
645 1583 666 1606 ³>
686 1567 745 1609 Et
760 1563 879 1608 unde
896 1563 1063 1609 factum
1085 1573 1164 1619 est,
1187 1573 1237 1608 ut
1259 1565 1350 1624 ejus
1371 1563 1427 1608 sis

0 1642 3 1674 ὲ
31 1643 75 1678 et
96 1643 295 1679 mortuus
312 1636 330 1678 Ξ)
349 1634 461 1687 Quia
489 1635 628 1694 pretio
645 1634 712 1679 sui
730 1635 952 1693 sanguinis
973 1644 1017 1679 te
1040 1634 1227 1679 redemit
1241 1648 1285 1678 et
1305 1649 1427 1679 mor—

0 1719 3 1725 *
31 1713 148 1749 tuus.
177 1704 411 1758 Quomodo
440 1704 584 1764 perdit
604 1721 778 1749 servum
804 1714 1029 1749 mortuum
1047 1740 1058 1760 ‚
1081 1707 1205 1764 cujus
1226 1721 1341 1749 mors
1365 1714 1430 1749 est

0 1786 2 1793 ’
62 1775 222 1819 retium
244 1784 370 1819 tuum
389 1777 406 1819 ?
424 1774 529 1820 Ideo
556 1791 658 1819 cum
691 1774 865 1820 dixisset
887 1795 896 1820 :
928 1794 948 1817 «
975 1776 1072 1821 Sive
1096 1775 1308 1831 vivimus,
1340 1775 1430 1820 sive

0 1866 4 1875 ψ
33 1864 53 1887 »
89 1847 302 1890 morimur
317 1880 328 1900 ‚
353 1846 528 1889 Domini
549 1861 726 1904 sumus3
754 1864 775 1887 »
800 1855 852 1890 ut
879 1845 1129 1890 ostenderet
1154 1845 1300 1906 ipsum
1322 1861 1424 1905 pre-

0 1930 6 1946 ⁹
31 1916 142 1960 tium
158 1951 169 1971 ‚
199 1936 217 1957 «
237 1915 308 1961 Ad
323 1916 408 1960 hoc
425 1917 541 1960 enim
554 1952 565 1972 ,
580 1917 746 1977 inquit,
773 1917 976 1962 Christus.
994 1927 1193 1962 mortuus
1217 1926 1280 1962 est
1301 1926 1346 1961 et
1362 1932 1426 1961 re-

35 2005 55 2027 »
89 1986 274 2030 surrexit
288 2021 299 2040 ‚
319 1995 370 2030 ut
386 1995 428 2030 et
445 1986 646 2030 vivorum
662 1996 706 2030 et
722 1996 997 2031 mortuorum
1019 1986 1272 2032 dominetur
1289 1989 1322 2031 ⁶.
1343 2005 1362 2029 »

89 2059 168 2101 VI.
201 2058 541 2110 Verumtamen,
575 2057 678 2116 quia
717 2076 738 2099 «
762 2057 1076 2116 Magnitudinis
1105 2059 1196 2118 ejus
1231 2073 1321 2102 non
1358 2066 1425 2102 est

0 2136 6 2159 ἱ
33 2145 53 2168 »
87 2126 186 2170 finis
203 2161 213 2181 ,
241 2144 262 2166 »
287 2134 332 2169 et
353 2141 453 2170 eum
476 2142 607 2186 quem
630 2143 720 2170 non
741 2128 958 2186 capimus,
978 2126 1156 2171 laudare
1173 2127 1384 2172 debemus
1409 2147 1418 2172 :

0 2197 104 2254 ‡(si
134 2197 248 2240 enim
273 2196 488 2255 capimus,
514 2197 825 2254 magnitudinis
851 2198 943 2257 ejus
966 2207 1030 2241 est
1051 2198 1147 2241 finis
1173 2217 1182 2243 t
1218 2198 1253 2242 si
1273 2188 1421 2242 autem
1450 2213 1452 2215 ’

77 2266 341 2326 agnitudinis
366 2268 456 2327 ejus
479 2283 568 2311 non
589 2277 653 2311 est
674 2268 788 2321 finis,
819 2284 974 2327 capere
996 2284 1047 2312 ex
1067 2284 1118 2312 eo
1142 2267 1307 2329 aliquid
1326 2285 1422 2328 pos-

0 2343 9 2376 Ι
29 2353 179 2382 sumus
199 2373 210 2393 ‚
231 2341 371 2381 Deum
397 2348 542 2382 tamen
565 2346 707 2382 totum
729 2354 883 2398 capere
901 2355 990 2383 non
1012 2354 1240 2398 possumus
1265 2342 1422 2396 :)tan-

0 2417 11 2448 ⁹
49 2416 164 2453 'uam
185 2408 435 2453 deficientes
455 2409 501 2452 in
522 2414 612 2465 eJus
634 2410 961 2468 magnitudine,
986 2419 1036 2454 ut
1059 2410 1304 2454 reficiamur
1332 2412 1422 2470 ejus

80 2513 90 2529 ¹
110 2502 190 2538 Psal.
211 2517 299 2544 extu,
331 2517 382 2548 17.
411 2523 454 2528 —
472 2513 486 2528 ²
518 2505 616 2538 Eccli.
636 2517 718 2547 xvn,
749 2506 804 2540 26.
828 2524 870 2530 —
888 2505 902 2531 3
925 2509 1017 2539 Joan.
1045 2518 1091 2550 xi,
1113 2506 1168 2540 25.
1189 2525 1232 2530 —
1260 2507 1276 2538 4
1302 2509 1416 2541 Matth.

54 2574 112 2604 xu,
128 2561 181 2594 32.
202 2579 243 2584 —-
262 2560 277 2585 ⁵
296 2564 386 2594 Rom.
409 2572 477 2602 xiv,
496 2562 530 2595 8.
551 2579 593 2584 -
610 2560 721 2594 ⁶1bid.
742 2573 776 2605 9.

1188 2617 1240 2656 29
