1815 3253
0 2392 7 2420 ζ

396 198 637 229 ENARRATIO
671 202 714 228 m
749 200 951 230 PSALMUM
983 202 1162 228 cxxxix.
1377 187 1462 228 349

78 269 244 314 minum
263 301 274 322 ,
315 266 371 311 dc
410 265 612 327 qualibus
648 266 719 311 hic
744 266 874 312 modo
907 267 1187 328 quaerebatur
1206 301 1216 321 ,
1243 275 1287 310 et
1308 265 1461 310 volunt

78 338 282 383 seducere
315 352 338 381 a
365 337 434 382 via
464 336 678 391 veritatis,
716 338 949 397 potiusque
981 336 1187 380 inducere
1222 335 1275 379 ad
1298 351 1463 380 errores

78 424 192 464 suos,
207 418 250 452 et
265 407 408 452 dicere
425 406 567 462 nobis,
588 407 690 467 quia
712 408 745 451 si
763 406 943 468 professi
962 406 1189 461 fuerimus,
1205 421 1294 450 non
1310 406 1465 465 imple-

79 479 237 524 bimus.
257 478 534 523 Attendimus
555 478 764 522 carbones
789 477 899 522 illos.
926 477 1007 530 Qui
1027 486 1119 520 erat
1141 476 1234 520 heri
1252 476 1462 531 ebriosus,

79 549 210 595 bodie
230 550 400 594 sobrius
418 558 481 593 est
503 569 511 594 :
537 550 611 610 qui
635 559 726 594 erat
744 549 837 593 heri
857 547 1044 601 adulter,
1065 547 1195 592 hodie
1213 556 1355 592 castus
1377 556 1463 591 cst:

79 621 155 682 qui
176 630 267 665 erat
293 621 386 665 heri
408 629 556 680 raptor
571 655 581 675 ,
616 620 744 664 hodie
766 619 960 679 largitor.
988 620 1149 662 Omnes
1165 618 1233 662 isti
1257 618 1468 662 carbones

79 691 188 751 ignis
209 700 324 736 sunt.
352 690 581 736 Accedunt
602 690 795 750 exempla
817 691 1057 734 carbonum
1077 689 1132 734 ad
1153 689 1313 733 vulnus
1334 689 1468 747 sagit-

82 773 223 809 tarum
238 783 245 808 :
259 766 380 822 (Non
398 764 513 807 enim
534 763 710 807 timeam
726 762 869 807 dicere
881 760 1058 818 vulnus,
1077 777 1177 806 cum
1200 760 1358 805 clamet
1378 761 1470 820 ipsa

79 850 233 896 sponsa
256 853 264 879 :
290 853 310 877 «
336 833 574 878 Vulnerata
596 833 807 878 charitate
827 849 907 893 ego
936 847 1033 877 sum
1048 834 1079 876 ¹.
1109 851 1128 874 η
1152 835 1208 877 Et
1227 832 1276 876 fit
1295 832 1357 875 ibi
1372 847 1471 876 vas-

80 907 185 951 tatio
213 904 352 958 foeni,
393 914 572 963 propter
598 904 720 964 quod
742 913 785 948 et
814 903 1024 949 dicuntur
1043 903 1255 948 carbones
1278 911 1470 949 vastato-

81 976 145 1021 rii.
167 979 370 1020 Vastatur
391 973 579 1029 foenum,
601 973 676 1018 sed
693 983 906 1034 purgatur
924 990 1077 1018 aurum
1093 993 1102 1018 :
1118 983 1162 1018 et
1180 983 1322 1018 mutat
1340 974 1472 1018 homo

81 1064 132 1093 ex
152 1057 290 1092 morte
312 1047 467 1101 vitam,
488 1055 532 1090 et
548 1046 702 1104 incipit
719 1061 810 1090 esse
826 1046 955 1090 etiam
977 1046 1067 1105 ipse
1090 1045 1223 1089 carbo
1246 1045 1434 1103 flagrans
1460 1064 1469 1088 :

81 1117 219 1179 qualis
242 1117 374 1162 carbo
397 1126 488 1160 erat
515 1115 773 1175 Apostolus,
805 1116 881 1175 qui
908 1116 1026 1176 prius
1055 1114 1141 1159 fuit
1157 1125 1408 1175 persecutor
1430 1123 1474 1158 et

80 1189 360 1249 blasphemus
382 1196 425 1231 et
461 1187 715 1247 injuriosus,
741 1186 864 1245 niger
885 1196 928 1230 et
950 1186 1165 1230 extinctus
1184 1207 1195 1244 3
1230 1186 1475 1230 misericor-

82 1261 197 1306 diam
219 1261 322 1305 vero
341 1262 643 1313 consecutus2,
661 1274 865 1303 accensus
892 1267 957 1302 est
973 1257 1028 1302 de
1048 1257 1163 1302 coelo
1179 1279 1191 1315 3
1209 1274 1293 1302 vox
1314 1257 1476 1302 Christi

82 1331 280 1377 accendit
296 1330 422 1375 illum
448 1350 456 1375 ε
477 1330 606 1391 periit
625 1331 671 1374 in
691 1346 742 1375 eo
765 1339 856 1375 tota
879 1330 1118 1387 nigritudo,
1146 1330 1282 1389 coepit
1303 1329 1475 1374 fervens

80 1404 254 1464 spiritu,
288 1418 376 1462 quo
405 1401 746 1456 accendebatur,
787 1400 1037 1445 accendere.
1066 1399 1188 1444 Tales
1211 1415 1314 1459 ergo
1339 1409 1383 1444 et
1405 1399 1476 1444 hic

79 1473 343 1519 intellecturi
365 1488 514 1517 sumus
535 1472 743 1516 carbones
764 1472 875 1530 ignis
891 1506 902 1526 ,
929 1472 1006 1531 qui
1031 1470 1196 1515 cadunt
1220 1486 1351 1530 super
1371 1472 1475 1515 istos

80 1544 239 1599 malos,
273 1553 317 1588 et
353 1543 565 1603 dejiciunt
601 1541 730 1586 illos?
759 1541 892 1586 Plane
920 1557 1009 1586 non
1031 1541 1318 1601 prohibemur
1354 1542 1475 1585 hunc

81 1617 243 1662 habere
279 1614 567 1659 intellectum.
601 1613 739 1658 Video
761 1613 832 1657 hic
855 1613 982 1657 nobis
1011 1612 1254 1657 elucescere
1277 1628 1366 1657 non
1389 1613 1476 1657 im-

82 1687 353 1749 probabilem
368 1696 412 1731 et
428 1684 849 1746 irreprehensibilem
867 1684 1142 1730 sententiam.
1154 1684 1357 1743 Intelligo
1379 1683 1476 1729 illos

83 1760 292 1805 carbones
313 1757 468 1803 cadere
489 1772 618 1816 super
639 1756 761 1811 istos,
787 1764 838 1800 ut
856 1754 1128 1816 dejiciantur.
1159 1758 1212 1799 In
1234 1754 1338 1800 alios
1358 1755 1476 1799 enim

82 1831 266 1875 veniunt
282 1865 292 1885 ,
324 1838 373 1874 ut
403 1829 698 1873 accendantur
719 1847 730 1883 ς
753 1827 800 1871 in
829 1826 934 1871 alios
951 1861 962 1882 ,
989 1835 1040 1871 ut
1066 1825 1341 1886 dejiciantur.
1379 1829 1476 1885 Ipse

84 1902 199 1947 enim
219 1901 350 1946 carbo
379 1900 554 1945 dicebat
577 1919 585 1944 ε
618 1919 637 1942 «
662 1898 936 1952 Quibusdam
968 1913 1116 1942 sumus
1135 1897 1244 1942 odor
1261 1898 1410 1942 mortis
1431 1897 1477 1941 in

87 1990 108 2015 »
142 1982 351 2028 mortem,
373 1971 635 2033 quibusdam
657 1972 807 2014 sumus
830 1968 939 2014 odor
960 1968 1062 2014 vitae
1083 1969 1126 2012 in
1149 1968 1283 2012 vitam
1297 1970 1329 2012 3.
1358 1987 1378 2010 »
1401 1968 1479 2012 Vi-

0 2047 4 2053 '
31 2054 33 2090 ὲ
87 2045 192 2089 dent
213 2044 327 2088 enim
347 2045 485 2104 justos
518 2042 791 2085 flammantes
813 2040 990 2100 spiritu,
1021 2037 1256 2083 candentes
1286 2038 1409 2093 luce,
1436 2048 1480 2083 et

88 2116 145 2160 eis
174 2115 411 2160 invidendo
450 2114 614 2158 cadunt
643 2132 651 2157 ε
687 2113 771 2157 hoc
809 2121 873 2156 est
907 2112 1043 2171 quod*
1062 2111 1369 2171 supervenient
1395 2110 1479 2155 illis

88 2186 296 2231 carbones
328 2185 438 2243 ignis
471 2185 515 2228 in
554 2194 664 2228 terra
683 2218 694 2239 ,
725 2192 769 2227 et
805 2182 1079 2242 dejicientur.
1118 2181 1233 2234 Quid
1263 2190 1353 2236 est,
1382 2200 1402 2223 «
1429 2184 1480 2226 In

93 2275 112 2298 n
144 2258 286 2300 terra?
312 2275 331 2297 »
355 2255 511 2299 Adhuc
534 2254 606 2299 hic
628 2262 730 2298 sunt
751 2253 798 2296 in
819 2253 900 2297 hac
923 2253 1027 2307 vita,
1051 2260 1232 2312 excepta
1253 2251 1326 2296 illa
1349 2268 1481 2312 poena

90 2343 187 2388 quae
209 2335 404 2371 servatur
434 2324 601 2384 impiis,
628 2324 839 2368 carbones
867 2324 936 2368 isti
959 2323 1055 2369 illos
1081 2324 1289 2384 dejiciunt
1308 2358 1318 2378 ,
1355 2332 1481 2367 ante-

91 2414 219 2458 quam
237 2397 383 2442 veniat
405 2395 514 2454 ignis
538 2405 742 2439 aeternus.
772 2414 792 2437 «
813 2394 1024 2439 Decident
1041 2410 1170 2455 super
1187 2410 1258 2439 eos
1270 2394 1482 2439 carbones

95 2487 114 2511 n
149 2469 257 2528 ignis
284 2469 328 2513 in
356 2478 465 2514 terra
480 2502 490 2522 ,
517 2476 560 2510 ct
581 2465 783 2526 dejicient
804 2480 891 2510 eos.
926 2469 978 2510 In
1000 2466 1180 2509 miseriis
1203 2481 1292 2509 non
1316 2465 1480 2509 subsis-

141 2564 146 2579 ¹
169 2559 258 2589 Cant.
281 2568 314 2598 n,
335 2556 368 2597 5,
385 2555 478 2595 juxta
494 2565 562 2586 Lxx.
585 2571 626 2575 —
644 2560 655 2576 2
680 2565 690 2585 1
713 2552 794 2585 Tim.
815 2565 840 2594 1,
864 2553 915 2584 13.
943 2570 983 2575 —
1007 2551 1020 2576 3
1041 2562 1060 2585 2
1077 2555 1150 2586 Cor.
1170 2565 1206 2594 ιι,
1230 2551 1280 2584 16.
