1815 3253
383 211 466 250 484
815 226 848 251 s.
884 221 1114 251 AUGUSTINI
1147 226 1325 253 EHSCOH

380 286 614 333 accedente
637 296 676 331 te
694 322 704 342 ‚
737 303 817 332 nec
838 288 1047 333 decrescit
1069 288 1317 334 discedente
1341 298 1397 333 te.
1428 291 1542 348 Ergo
1565 290 1647 335 erit
1668 291 1775 351 ipse¹

379 357 586 417 possessio
607 365 752 401 nostra
768 391 780 412 ‚
803 366 852 402 ut
872 373 949 403 nos
971 367 1143 418 pascat3
1167 367 1210 403 et
1231 360 1389 404 erimus
1411 361 1616 419 possessio
1638 362 1729 421 ejus
1745 396 1757 418 ‚

379 436 430 470 ut
447 442 524 471 nos
547 436 680 485 regat.

436 500 538 542 XII.
568 517 586 539 «
614 500 716 557 Spes
736 496 852 541 illius
873 498 918 542 in
939 498 1175 542 Dominum
1192 501 1330 543 Deum
1350 499 1497 559 ipsius.
1526 517 1546 541 »
1571 501 1677 553 Quis
1697 509 1762 546 est

375 569 456 615 iste
483 569 692 614 Dominus
716 572 828 613 Deus
850 569 1013 629 ipsius?
1034 569 1256 614 Attendite
1274 605 1285 625 ‚
1305 570 1473 615 fratres.
1499 571 1629 615 Multi
1645 573 1762 616 enim

376 639 540 684 habent
555 638 717 683 multos
739 639 842 683 deos
859 673 870 694 ,
895 648 939 683 et
959 638 1112 684 dicunt
1141 654 1213 700 eos
1242 639 1440 685 dominos
1463 656 1562 685 suos
1593 650 1636 686 et
1657 642 1761 687 deos

375 725 490 756 suos.
527 709 610 753 Sed
637 709 743 753 dicit
775 709 1009 769 Apostolus
1035 728 1044 754 ε
1073 728 1093 751 «
1118 710 1209 754 Etsi
1226 718 1327 754 sunt
1349 710 1424 770 qui
1446 710 1652 754 dicuntur
1672 711 1757 767 dii,

379 799 399 823 »
435 781 524 824 sive
560 772 606 824 in
627 779 766 834 coelo,
791 781 878 825 sive
916 781 963 824 in
998 789 1139 835 terra,
1171 780 1541 840 quemadmodum
1562 791 1664 826 sunt
1701 782 1761 827 dii
1813 799 1815 804 ·

377 871 398 893 »
433 850 583 906 multi,
605 861 648 895 et
664 850 830 895 domini
851 851 979 895 multi
997 872 1007 908 3
1032 851 1157 895 nobis
1181 860 1326 895 tamen
1344 867 1457 896 unus
1474 855 1584 896 Deus
1602 887 1613 906 ‚
1630 855 1762 901 >Pater
1812 873 1815 895 ι

377 941 398 964 »
434 938 483 966 ex
513 937 601 982 quo
633 923 802 977 omnia,
839 930 884 965 et
915 937 1030 965 unus
1058 922 1267 966 Dominus
1290 925 1411 966 Jesus
1434 923 1627 966 Christus
1648 958 1658 978 ‚
1684 939 1761 982 per
1790 969 1791 977 ἵ

376 1011 397 1034 »
432 1008 563 1053 quem
590 993 736 1036 omnia
751 995 780 1036 ¹.
804 1011 823 1033 »
848 995 962 1050 Ergo
983 993 1035 1036 sit
1056 993 1146 1052 ipse
1168 1008 1262 1051 spes
1284 1002 1358 1036 tua
1373 1027 1384 1047 ,
1410 994 1620 1037 Dominus
1646 997 1760 1038 Deus
1810 995 1815 1038 i

373 1073 491 1118 tuus⁷
508 1064 554 1106 in
571 1063 647 1107 illo
665 1063 719 1106 sit
737 1078 832 1122 spes
855 1072 945 1107 tua.
960 1066 1012 1106 In
1033 1062 1211 1107 domino
1229 1063 1311 1107 deo
1329 1079 1407 1107 suo
1425 1072 1487 1107 est
1510 1079 1604 1123 spes
1627 1063 1758 1108 ctiam
1809 1074 1815 1106 t

371 1134 489 1177 iltius
505 1169 515 1188 ‚
538 1134 614 1194 qui
631 1134 734 1177 colit
755 1136 1017 1191 Saturnum3
1041 1134 1086 1177 in
1104 1133 1282 1177 domino
1305 1134 1387 1177 deo
1405 1134 1537 1193 ipsius
1559 1143 1622 1177 est
1643 1150 1756 1194 spes,

371 1205 447 1263 qui
471 1204 575 1248 colit
595 1206 779 1248 Martem
798 1239 809 1258 ‚
843 1205 916 1264 qui
934 1203 1037 1248 colit
1052 1207 1303 1262 Neptunum
1325 1239 1335 1258 ,
1361 1205 1437 1263 qui
1459 1203 1562 1248 colit
1582 1208 1759 1249 Mercu-
1784 1242 1786 1246 .

372 1354 435 1388 est
454 1363 462 1388 :
492 1363 512 1385 «
532 1346 730 1396 Quorum
753 1342 860 1387 deus
883 1352 1034 1388 venter
1065 1353 1127 1387 est
1144 1347 1180 1387 2.
1206 1362 1226 1384 »
1252 1346 1367 1402 Ergo
1385 1343 1456 1387 ille
1477 1343 1592 1388 illius
1614 1348 1727 1390 Deus
1743 1381 1754 1401 ‚
1782 1354 1785 1379 s

370 1425 501 1476 atque
523 1415 596 1459 itte
613 1415 744 1459 iltius.
770 1415 871 1468 Quis
899 1415 1027 1475 hujus
1055 1415 1200 1459 beati?
1222 1416 1332 1468 Quia
1346 1450 1356 1470 ,
1388 1435 1408 1457 «
1432 1417 1535 1474 Spes
1557 1416 1690 1474 ipsius
1712 1417 1760 1462 in
1781 1429 1783 1470 ’ς

375 1505 394 1528 »
432 1487 618 1531 Domino
637 1489 726 1530 Deo
747 1486 892 1545 ipsius.
922 1504 942 1527 »
972 1486 1056 1530 Sed
1077 1485 1172 1545 quis
1195 1495 1259 1530 est
1277 1487 1388 1530 iste?
1407 1486 1519 1538 «Qui
1539 1485 1642 1530 fecit
1664 1503 1758 1531 coe·
1780 1477 1782 1486 ¹

372 1575 393 1598 »
429 1556 522 1600 lum
545 1565 589 1600 et
607 1565 765 1600 terram
782 1591 793 1611 ‚
821 1571 938 1599 mare
961 1564 1004 1599 et
1025 1556 1170 1599 omnia
1189 1571 1289 1616 quae
1310 1556 1355 1599 in
1377 1555 1435 1599 eis
1449 1558 1591 1599 sunt3.
1609 1575 1628 1597 »
1650 1560 1758 1603 Fra-
1778 1598 1780 1605 s

373 1635 456 1670 tres
477 1627 563 1670 mei
581 1662 596 1682 ,
616 1641 819 1685 magnum
845 1629 985 1669 Deum
1005 1625 1217 1669 habemus
1237 1645 1245 1670 ε
1271 1625 1577 1670 benedicamus
1594 1642 1757 1672 nomen
1777 1652 1779 1664 1

369 1706 570 1741 sanctum
597 1697 707 1755 ejus,
743 1696 845 1756 quia
879 1695 1082 1753 dignatus
1103 1704 1167 1739 est
1185 1694 1326 1739 facere
1347 1712 1425 1740 nos
1447 1697 1756 1756 possessionem
1776 1724 1777 1736 2

367 1782 507 1812 suam.
534 1765 741 1811 Nondum
761 1765 881 1809 vides
904 1768 1058 1820 Deum,
1077 1780 1166 1809 non
1184 1775 1305 1824 potes
1327 1781 1469 1809 amare
1490 1765 1618 1825 plene
1635 1766 1756 1826 quod
1774 1788 1776 1819 ς

369 1837 569 1881 nondum
591 1835 725 1880 vides.
760 1837 868 1888 Quae
886 1834 1004 1878 vides
1023 1869 1034 1889 ‚
1059 1835 1148 1894 ipse
1169 1834 1288 1879 fecit.
1314 1836 1482 1880 Miraris
1503 1836 1719 1880 mundum
1740 1872 1752 1893 ‚
1772 1855 1775 1878 ς

371 2046 716 2107 magnitudinem
749 2046 926 2106 quando
958 2046 1219 2104 cogitatione
1240 2049 1458 2104 occupas?
1481 2047 1662 2106 Respice
1684 2049 1752 2092 in-

369 2117 765 2161 numerabilitatem
795 2116 1015 2159 stellarum
1043 2134 1050 2158 z
1084 2115 1245 2173 respice
1279 2124 1398 2159 tanta
1436 2131 1594 2174 genera
1621 2119 1751 2162 semi-

369 2257 490 2317 aquis
508 2291 519 2311 ‚
561 2256 672 2315 repit
708 2256 754 2298 in
786 2263 897 2298 terra
915 2289 926 2309 ‚
962 2255 1114 2298 volitat
1146 2254 1191 2297 in
1211 2258 1308 2298 aere
1326 2290 1337 2309 ,
1362 2256 1515 2300 circuit
1536 2256 1581 2300 in
1604 2257 1716 2302 coelo
1736 2292 1748 2314 ‚

367 2328 512 2372 omnia
532 2327 629 2382 ista,
650 2340 782 2386 quam
799 2340 971 2384 magna,
989 2340 1120 2384 quam
1143 2324 1364 2384 praeclara,
1386 2341 1517 2385 quam
1535 2326 1715 2386 pulchra
1733 2363 1744 2384 ‚
