<?xml version="1.0" encoding="UTF-8"?>
<!DOCTYPE html PUBLIC "-//W3C//DTD XHTML 1.0 Transitional//EN"
    "http://www.w3.org/TR/xhtml1/DTD/xhtml1-transitional.dtd">
<html xmlns="http://www.w3.org/1999/xhtml" xml:lang="en" lang="en">
 <head>
  <title>
</title>
<meta http-equiv="Content-Type" content="text/html;charset=utf-8" />
  <meta name='ocr-system' content='tesseract 3.04.00' />
  <meta name='ocr-capabilities' content='ocr_page ocr_carea ocr_par ocr_line ocrx_word'/>
</head>
<body>
  <div class='ocr_page' id='page_1' title='image "./operaomniaaccura12auguuoft_0412.png"; bbox 0 0 1815 3253; ppageno 0'>
   <div class='ocr_carea' id='block_1_1' title="bbox 1742 270 1803 2747">
    <p class='ocr_par' dir='ltr' id='par_1_1' title="bbox 1742 270 1803 2747">
     <span class='ocr_line' id='line_1_1' title="bbox 1773 270 1803 390; baseline 0 2863"><span class='ocrx_word' id='word_1_1' title='bbox 1773 270 1803 390; x_wconf 95' lang='lat' dir='ltr'> </span> 
     </span>
     <span class='ocr_line' id='line_1_2' title="bbox 1771 390 1803 589; baseline 0 0"><span class='ocrx_word' id='word_1_2' title='bbox 1771 390 1803 589; x_wconf 95' lang='lat' dir='ltr'>   </span> 
     </span>
     <span class='ocr_line' id='line_1_3' title="bbox 1770 589 1803 675; baseline 0 2578"><span class='ocrx_word' id='word_1_3' title='bbox 1770 589 1803 675; x_wconf 95' lang='lat' dir='ltr'> </span> 
     </span>
     <span class='ocr_line' id='line_1_4' title="bbox 1769 675 1803 819; baseline 0 -77"><span class='ocrx_word' id='word_1_4' title='bbox 1769 675 1803 819; x_wconf 95' lang='lat' dir='ltr'>  </span> 
     </span>
     <span class='ocr_line' id='line_1_5' title="bbox 1768 819 1802 885; baseline 0 2368"><span class='ocrx_word' id='word_1_5' title='bbox 1768 819 1802 885; x_wconf 95' lang='lat' dir='ltr'> </span> 
     </span>
     <span class='ocr_line' id='line_1_6' title="bbox 1767 885 1802 956; baseline 0 2297"><span class='ocrx_word' id='word_1_6' title='bbox 1767 885 1802 956; x_wconf 95' lang='lat' dir='ltr'> </span> 
     </span>
     <span class='ocr_line' id='line_1_7' title="bbox 1765 956 1802 1258; baseline 0 -24"><span class='ocrx_word' id='word_1_7' title='bbox 1765 956 1802 1258; x_wconf 95' lang='lat' dir='ltr'>     </span> 
     </span>
     <span class='ocr_line' id='line_1_8' title="bbox 1767 1258 1797 1514; baseline 0 0"><span class='ocrx_word' id='word_1_8' title='bbox 1767 1258 1797 1514; x_wconf 95' lang='lat' dir='ltr'>    </span> 
     </span>
     <span class='ocr_line' id='line_1_9' title="bbox 1742 1514 1794 1874; baseline 0 -120"><span class='ocrx_word' id='word_1_9' title='bbox 1742 1514 1794 1874; x_wconf 95' lang='lat' dir='ltr'>     </span> 
     </span>
     <span class='ocr_line' id='line_1_10' title="bbox 1760 1874 1791 2087; baseline 0 0"><span class='ocrx_word' id='word_1_10' title='bbox 1760 1874 1791 2087; x_wconf 95' lang='lat' dir='ltr'>   </span> 
     </span>
     <span class='ocr_line' id='line_1_11' title="bbox 1748 2087 1793 2747; baseline 0 0"><span class='ocrx_word' id='word_1_11' title='bbox 1748 2087 1793 2747; x_wconf 95' lang='lat' dir='ltr'>    </span> 
     </span>
    </p>
   </div>
   <div class='ocr_carea' id='block_1_2' title="bbox 382 223 1333 268">
    <p class='ocr_par' dir='ltr' id='par_1_2' title="bbox 382 223 1333 268">
     <span class='ocr_line' id='line_1_12' title="bbox 382 223 1333 268; baseline 0.003 -5"><span class='ocrx_word' id='word_1_12' title='bbox 382 223 465 263; x_wconf 78' lang='lat'>402</span> <span class='ocrx_word' id='word_1_13' title='bbox 821 236 855 264; x_wconf 90' lang='lat' dir='ltr'>s.</span> <span class='ocrx_word' id='word_1_14' title='bbox 891 237 1120 266; x_wconf 80' lang='lat' dir='ltr'><strong>AUGUSTINI</strong></span> <span class='ocrx_word' id='word_1_15' title='bbox 1153 240 1333 268; x_wconf 75' lang='lat' dir='ltr'><strong>EPISCOPI</strong></span> 
     </span>
    </p>
   </div>
   <div class='ocr_carea' id='block_1_3' title="bbox 375 300 1815 2336">
    <p class='ocr_par' dir='ltr' id='par_1_3' title="bbox 375 300 1815 2336">
     <span class='ocr_line' id='line_1_13' title="bbox 378 300 1759 360; baseline 0.004 -17"><span class='ocrx_word' id='word_1_16' title='bbox 378 314 481 358; x_wconf 79' lang='lat' dir='ltr'>ergo</span> <span class='ocrx_word' id='word_1_17' title='bbox 500 315 706 360; x_wconf 83' lang='lat' dir='ltr'>magnum</span> <span class='ocrx_word' id='word_1_18' title='bbox 719 301 896 360; x_wconf 86' lang='lat' dir='ltr'>petitur,</span> <span class='ocrx_word' id='word_1_19' title='bbox 917 321 937 344; x_wconf 90' lang='lat'>«</span> <span class='ocrx_word' id='word_1_20' title='bbox 955 301 1079 347; x_wconf 87' lang='lat' dir='ltr'>Educ</span> <span class='ocrx_word' id='word_1_21' title='bbox 1101 302 1156 347; x_wconf 91' lang='lat' dir='ltr'>de</span> <span class='ocrx_word' id='word_1_22' title='bbox 1169 319 1340 349; x_wconf 86' lang='lat' dir='ltr'>carcere</span> <span class='ocrx_word' id='word_1_23' title='bbox 1357 305 1544 349; x_wconf 81' lang='lat' dir='ltr'>animam</span> <span class='ocrx_word' id='word_1_24' title='bbox 1558 319 1720 348; x_wconf 82' lang='lat' dir='ltr'>meam:</span> <span class='ocrx_word' id='word_1_25' title='bbox 1737 300 1759 344; x_wconf 64' lang='grc' dir='ltr'>η’</span> 
     </span>
     <span class='ocr_line' id='line_1_14' title="bbox 379 371 1815 434; baseline 0.001 -21"><span class='ocrx_word' id='word_1_26' title='bbox 379 386 478 414; x_wconf 88' lang='lat' dir='ltr'>cum</span> <span class='ocrx_word' id='word_1_27' title='bbox 512 371 599 416; x_wconf 85' lang='lat' dir='ltr'>sive</span> <span class='ocrx_word' id='word_1_28' title='bbox 632 387 753 426; x_wconf 83' lang='lat' dir='ltr'>sero,</span> <span class='ocrx_word' id='word_1_29' title='bbox 778 372 866 416; x_wconf 88' lang='lat' dir='ltr'>sive</span> <span class='ocrx_word' id='word_1_30' title='bbox 898 372 1007 427; x_wconf 82' lang='lat' dir='ltr'>cito,</span> <span class='ocrx_word' id='word_1_31' title='bbox 1041 388 1216 418; x_wconf 85' lang='lat' dir='ltr'>necesse</span> <span class='ocrx_word' id='word_1_32' title='bbox 1250 375 1303 418; x_wconf 85' lang='lat' dir='ltr'>sit</span> <span class='ocrx_word' id='word_1_33' title='bbox 1327 374 1479 418; x_wconf 82' lang='lat' dir='ltr'>exire?</span> <span class='ocrx_word' id='word_1_34' title='bbox 1514 378 1644 418; x_wconf 86' lang='lat' dir='ltr'>Forte</span> <span class='ocrx_word' id='word_1_35' title='bbox 1675 375 1761 434; x_wconf 87' lang='lat' dir='ltr'>jus-</span> <span class='ocrx_word' id='word_1_36' title='bbox 1814 400 1815 415; x_wconf 48' lang='lat'>1</span> 
     </span>
     <span class='ocr_line' id='line_1_15' title="bbox 380 440 1815 504; baseline 0.002 -21"><span class='ocrx_word' id='word_1_37' title='bbox 380 448 448 484; x_wconf 83' lang='lat' dir='ltr'>tus</span> <span class='ocrx_word' id='word_1_38' title='bbox 468 440 594 497; x_wconf 84' lang='lat' dir='ltr'>dicit,</span> <span class='ocrx_word' id='word_1_39' title='bbox 617 444 714 486; x_wconf 86' lang='lat' dir='ltr'>Jam</span> <span class='ocrx_word' id='word_1_40' title='bbox 738 442 897 486; x_wconf 90' lang='lat' dir='ltr'>moriar</span> <span class='ocrx_word' id='word_1_41' title='bbox 915 477 926 498; x_wconf 86' lang='lat'>,</span> <span class='ocrx_word' id='word_1_42' title='bbox 954 440 1064 487; x_wconf 89' lang='lat' dir='ltr'>educ</span> <span class='ocrx_word' id='word_1_43' title='bbox 1083 440 1137 486; x_wconf 88' lang='lat' dir='ltr'>de</span> <span class='ocrx_word' id='word_1_44' title='bbox 1167 459 1337 488; x_wconf 85' lang='lat' dir='ltr'>carcere</span> <span class='ocrx_word' id='word_1_45' title='bbox 1360 444 1441 489; x_wconf 88' lang='lat' dir='ltr'>isto</span> <span class='ocrx_word' id='word_1_46' title='bbox 1463 445 1653 504; x_wconf 86' lang='lat' dir='ltr'>corporis</span> <span class='ocrx_word' id='word_1_47' title='bbox 1668 443 1762 487; x_wconf 78' lang='lat' dir='ltr'>ani-</span> <span class='ocrx_word' id='word_1_48' title='bbox 1813 470 1815 492; x_wconf 52' lang='lat'><em>2</em></span> 
     </span>
     <span class='ocr_line' id='line_1_16' title="bbox 378 511 1815 563; baseline 0.005 -10"><span class='ocrx_word' id='word_1_49' title='bbox 378 525 494 555; x_wconf 82' lang='lat' dir='ltr'>mam</span> <span class='ocrx_word' id='word_1_50' title='bbox 511 514 681 556; x_wconf 79' lang='lat' dir='ltr'>meam?</span> <span class='ocrx_word' id='word_1_51' title='bbox 700 512 741 557; x_wconf 85' lang='lat' dir='ltr'>Si</span> <span class='ocrx_word' id='word_1_52' title='bbox 759 512 886 556; x_wconf 91' lang='lat' dir='ltr'>nimis</span> <span class='ocrx_word' id='word_1_53' title='bbox 900 511 1089 563; x_wconf 76' lang='lat' dir='ltr'>festinat,</span> <span class='ocrx_word' id='word_1_54' title='bbox 1112 528 1202 558; x_wconf 86' lang='lat' dir='ltr'>non</span> <span class='ocrx_word' id='word_1_55' title='bbox 1214 514 1348 559; x_wconf 87' lang='lat' dir='ltr'>habet</span> <span class='ocrx_word' id='word_1_56' title='bbox 1363 514 1632 559; x_wconf 83' lang='lat' dir='ltr'>charitatem.</span> <span class='ocrx_word' id='word_1_57' title='bbox 1650 513 1762 558; x_wconf 87' lang='lat' dir='ltr'>Desi-</span> <span class='ocrx_word' id='word_1_58' title='bbox 1813 538 1815 560; x_wconf 76' lang='lat'>1</span> 
     </span>
     <span class='ocr_line' id='line_1_17' title="bbox 376 579 1761 643; baseline 0.002 -19"><span class='ocrx_word' id='word_1_59' title='bbox 376 579 527 625; x_wconf 83' lang='lat' dir='ltr'><strong>derare</strong></span> <span class='ocrx_word' id='word_1_60' title='bbox 540 582 719 642; x_wconf 79' lang='lat' dir='ltr'>quidem</span> <span class='ocrx_word' id='word_1_61' title='bbox 734 582 819 627; x_wconf 91' lang='grc'>1106</span> <span class='ocrx_word' id='word_1_62' title='bbox 837 582 970 627; x_wconf 88' lang='lat' dir='ltr'>debet</span> <span class='ocrx_word' id='word_1_63' title='bbox 983 592 1026 627; x_wconf 85' lang='lat' dir='ltr'>et</span> <span class='ocrx_word' id='word_1_64' title='bbox 1046 584 1371 643; x_wconf 82' lang='lat' dir='ltr'>concupiscere,</span> <span class='ocrx_word' id='word_1_65' title='bbox 1396 585 1506 629; x_wconf 84' lang='lat' dir='ltr'>sicut</span> <span class='ocrx_word' id='word_1_66' title='bbox 1528 583 1761 643; x_wconf 85' lang='lat' dir='ltr'>Apostolus</span> 
     </span>
     <span class='ocr_line' id='line_1_18' title="bbox 375 651 1758 712; baseline 0.002 -17"><span class='ocrx_word' id='word_1_67' title='bbox 375 651 451 710; x_wconf 79' lang='lat' dir='ltr'>ait,</span> <span class='ocrx_word' id='word_1_68' title='bbox 464 671 485 694; x_wconf 94' lang='lat'>«</span> <span class='ocrx_word' id='word_1_69' title='bbox 498 653 912 712; x_wconf 82' lang='lat' dir='ltr'>Concupiscentiam</span> <span class='ocrx_word' id='word_1_70' title='bbox 924 653 1095 698; x_wconf 84' lang='lat' dir='ltr'>habens</span> <span class='ocrx_word' id='word_1_71' title='bbox 1110 653 1281 698; x_wconf 85' lang='lat' dir='ltr'>dissolvi</span> <span class='ocrx_word' id='word_1_72' title='bbox 1299 664 1342 698; x_wconf 87' lang='lat' dir='ltr'>et</span> <span class='ocrx_word' id='word_1_73' title='bbox 1357 671 1446 699; x_wconf 88' lang='grc'>6556</span> <span class='ocrx_word' id='word_1_74' title='bbox 1459 671 1558 699; x_wconf 84' lang='grc'>611111</span> <span class='ocrx_word' id='word_1_75' title='bbox 1571 654 1758 708; x_wconf 88' lang='lat' dir='ltr'>Christo,</span> 
     </span>
     <span class='ocr_line' id='line_1_19' title="bbox 381 722 1763 787; baseline 0.003 -24"><span class='ocrx_word' id='word_1_76' title='bbox 381 739 401 763; x_wconf 86' lang='lat'>»</span> <span class='ocrx_word' id='word_1_77' title='bbox 437 722 577 767; x_wconf 87' lang='lat' dir='ltr'>multo</span> <span class='ocrx_word' id='word_1_78' title='bbox 605 723 723 767; x_wconf 90' lang='lat' dir='ltr'>enim</span> <span class='ocrx_word' id='word_1_79' title='bbox 744 724 879 782; x_wconf 82' lang='lat' dir='ltr'>magis</span> <span class='ocrx_word' id='word_1_80' title='bbox 902 723 1166 787; x_wconf 37' lang='lat' dir='ltr'>optimum&amp;</span> <span class='ocrx_word' id='word_1_81' title='bbox 1197 742 1216 766; x_wconf 92' lang='lat'>»</span> <span class='ocrx_word' id='word_1_82' title='bbox 1246 724 1330 769; x_wconf 85' lang='lat' dir='ltr'>Sed</span> <span class='ocrx_word' id='word_1_83' title='bbox 1362 725 1436 768; x_wconf 87' lang='lat' dir='ltr'>ubi</span> <span class='ocrx_word' id='word_1_84' title='bbox 1469 734 1532 769; x_wconf 88' lang='lat' dir='ltr'>est</span> <span class='ocrx_word' id='word_1_85' title='bbox 1554 723 1763 768; x_wconf 73' lang='lat' dir='ltr'>charitas?</span> 
     </span>
     <span class='ocr_line' id='line_1_20' title="bbox 381 794 1764 855; baseline 0.001 -19"><span class='ocrx_word' id='word_1_86' title='bbox 381 795 496 851; x_wconf 82' lang='lat' dir='ltr'>Ergo</span> <span class='ocrx_word' id='word_1_87' title='bbox 524 794 747 854; x_wconf 84' lang='lat' dir='ltr'>sequitur,</span> <span class='ocrx_word' id='word_1_88' title='bbox 777 813 798 837; x_wconf 72' lang='grc' dir='ltr'>κ</span> <span class='ocrx_word' id='word_1_89' title='bbox 828 797 1005 839; x_wconf 86' lang='lat' dir='ltr'>Manere</span> <span class='ocrx_word' id='word_1_90' title='bbox 1026 795 1071 838; x_wconf 89' lang='lat' dir='ltr'>in</span> <span class='ocrx_word' id='word_1_91' title='bbox 1093 810 1221 839; x_wconf 84' lang='lat' dir='ltr'>carne</span> <span class='ocrx_word' id='word_1_92' title='bbox 1241 830 1252 850; x_wconf 76' lang='lat'>,</span> <span class='ocrx_word' id='word_1_93' title='bbox 1277 795 1563 839; x_wconf 83' lang='lat' dir='ltr'>necessarium</span> <span class='ocrx_word' id='word_1_94' title='bbox 1585 803 1764 855; x_wconf 85' lang='lat' dir='ltr'>propter</span> 
     </span>
     <span class='ocr_line' id='line_1_21' title="bbox 382 863 1758 925; baseline 0 -17"><span class='ocrx_word' id='word_1_95' title='bbox 382 880 402 903; x_wconf 88' lang='lat'>»</span> <span class='ocrx_word' id='word_1_96' title='bbox 436 865 546 908; x_wconf 76' lang='lat' dir='ltr'>vos2.</span> <span class='ocrx_word' id='word_1_97' title='bbox 571 882 591 905; x_wconf 77' lang='lat' dir='ltr'>n</span> <span class='ocrx_word' id='word_1_98' title='bbox 614 867 675 909; x_wconf 93' lang='lat' dir='ltr'>De</span> <span class='ocrx_word' id='word_1_99' title='bbox 692 879 873 924; x_wconf 84' lang='lat' dir='ltr'>corpore</span> <span class='ocrx_word' id='word_1_100' title='bbox 894 879 995 922; x_wconf 83' lang='lat' dir='ltr'>ergo</span> <span class='ocrx_word' id='word_1_101' title='bbox 1020 863 1178 909; x_wconf 80' lang='lat' dir='ltr'>educat</span> <span class='ocrx_word' id='word_1_102' title='bbox 1196 868 1323 921; x_wconf 82' lang='lat' dir='ltr'>Deus,</span> <span class='ocrx_word' id='word_1_103' title='bbox 1349 864 1526 925; x_wconf 81' lang='lat' dir='ltr'>quando</span> <span class='ocrx_word' id='word_1_104' title='bbox 1557 864 1758 909; x_wconf 84' lang='lat' dir='ltr'>voluerit.</span> 
     </span>
     <span class='ocr_line' id='line_1_22' title="bbox 380 935 1763 996; baseline 0.001 -18"><span class='ocrx_word' id='word_1_105' title='bbox 380 936 528 979; x_wconf 85' lang='lat' dir='ltr'>Posset</span> <span class='ocrx_word' id='word_1_106' title='bbox 555 935 641 979; x_wconf 90' lang='lat' dir='ltr'>dici</span> <span class='ocrx_word' id='word_1_107' title='bbox 674 943 717 979; x_wconf 87' lang='lat' dir='ltr'>et</span> <span class='ocrx_word' id='word_1_108' title='bbox 748 950 904 995; x_wconf 89' lang='lat' dir='ltr'>corpus</span> <span class='ocrx_word' id='word_1_109' title='bbox 933 944 1132 980; x_wconf 89' lang='lat' dir='ltr'>nostrum</span> <span class='ocrx_word' id='word_1_110' title='bbox 1155 951 1327 992; x_wconf 82' lang='lat' dir='ltr'>carcer,</span> <span class='ocrx_word' id='word_1_111' title='bbox 1361 952 1450 980; x_wconf 91' lang='lat' dir='ltr'>non</span> <span class='ocrx_word' id='word_1_112' title='bbox 1483 936 1583 996; x_wconf 84' lang='lat' dir='ltr'>quia</span> <span class='ocrx_word' id='word_1_113' title='bbox 1618 951 1763 980; x_wconf 83' lang='lat' dir='ltr'>carcer</span> 
     </span>
     <span class='ocr_line' id='line_1_23' title="bbox 378 1003 1762 1067; baseline 0.002 -20"><span class='ocrx_word' id='word_1_114' title='bbox 378 1013 442 1048; x_wconf 76' lang='lat' dir='ltr'>cst</span> <span class='ocrx_word' id='word_1_115' title='bbox 464 1004 584 1065; x_wconf 82' lang='lat' dir='ltr'>quod</span> <span class='ocrx_word' id='word_1_116' title='bbox 595 1003 698 1049; x_wconf 85' lang='lat' dir='ltr'>fecit</span> <span class='ocrx_word' id='word_1_117' title='bbox 710 1009 822 1050; x_wconf 89' lang='lat' dir='ltr'>Deus</span> <span class='ocrx_word' id='word_1_118' title='bbox 835 1041 845 1061; x_wconf 82' lang='lat'><strong><em>‚</em></strong></span> <span class='ocrx_word' id='word_1_119' title='bbox 865 1005 942 1050; x_wconf 89' lang='lat' dir='ltr'>sed</span> <span class='ocrx_word' id='word_1_120' title='bbox 954 1006 1055 1067; x_wconf 85' lang='lat' dir='ltr'>quia</span> <span class='ocrx_word' id='word_1_121' title='bbox 1068 1006 1241 1066; x_wconf 82' lang='lat' dir='ltr'>poenale</span> <span class='ocrx_word' id='word_1_122' title='bbox 1258 1015 1301 1050; x_wconf 85' lang='lat' dir='ltr'>et</span> <span class='ocrx_word' id='word_1_123' title='bbox 1322 1006 1518 1051; x_wconf 83' lang='lat' dir='ltr'>mortale.</span> <span class='ocrx_word' id='word_1_124' title='bbox 1536 1010 1631 1051; x_wconf 91' lang='lat' dir='ltr'>Duo</span> <span class='ocrx_word' id='word_1_125' title='bbox 1646 1006 1762 1050; x_wconf 89' lang='lat' dir='ltr'>enim</span> 
     </span>
     <span class='ocr_line' id='line_1_24' title="bbox 376 1074 1764 1136; baseline 0.001 -17"><span class='ocrx_word' id='word_1_126' title='bbox 376 1074 689 1120; x_wconf 83' lang='lat' dir='ltr'>consideranda</span> <span class='ocrx_word' id='word_1_127' title='bbox 712 1085 813 1120; x_wconf 87' lang='lat' dir='ltr'>sunt</span> <span class='ocrx_word' id='word_1_128' title='bbox 834 1076 880 1119; x_wconf 88' lang='lat' dir='ltr'>in</span> <span class='ocrx_word' id='word_1_129' title='bbox 904 1085 1052 1121; x_wconf 89' lang='lat' dir='ltr'>nostro</span> <span class='ocrx_word' id='word_1_130' title='bbox 1074 1092 1254 1136; x_wconf 86' lang='lat' dir='ltr'>corpore</span> <span class='ocrx_word' id='word_1_131' title='bbox 1275 1112 1285 1133; x_wconf 77' lang='lat'>⁷</span> <span class='ocrx_word' id='word_1_132' title='bbox 1323 1077 1580 1135; x_wconf 80' lang='lat' dir='ltr'>figmentum</span> <span class='ocrx_word' id='word_1_133' title='bbox 1599 1077 1698 1132; x_wconf 83' lang='lat' dir='ltr'>Dei,</span> <span class='ocrx_word' id='word_1_134' title='bbox 1720 1086 1764 1122; x_wconf 87' lang='lat' dir='ltr'>et</span> 
     </span>
     <span class='ocr_line' id='line_1_25' title="bbox 378 1146 1764 1205; baseline 0.002 -16"><span class='ocrx_word' id='word_1_135' title='bbox 378 1162 508 1205; x_wconf 81' lang='lat' dir='ltr'>poena</span> <span class='ocrx_word' id='word_1_136' title='bbox 546 1146 702 1190; x_wconf 85' lang='lat' dir='ltr'>meriti.</span> <span class='ocrx_word' id='word_1_137' title='bbox 731 1149 838 1190; x_wconf 85' lang='lat' dir='ltr'>Tota</span> <span class='ocrx_word' id='word_1_138' title='bbox 854 1147 932 1190; x_wconf 85' lang='lat' dir='ltr'>ista</span> <span class='ocrx_word' id='word_1_139' title='bbox 954 1146 1114 1202; x_wconf 80' lang='lat' dir='ltr'>forma,</span> <span class='ocrx_word' id='word_1_140' title='bbox 1140 1157 1296 1202; x_wconf 76' lang='lat' dir='ltr'>status,</span> <span class='ocrx_word' id='word_1_141' title='bbox 1325 1148 1535 1203; x_wconf 81' lang='lat' dir='ltr'>incessus,</span> <span class='ocrx_word' id='word_1_142' title='bbox 1568 1147 1764 1192; x_wconf 85' lang='lat' dir='ltr'>membra</span> 
     </span>
     <span class='ocr_line' id='line_1_26' title="bbox 377 1215 1760 1276; baseline 0.001 -17"><span class='ocrx_word' id='word_1_143' title='bbox 377 1216 596 1272; x_wconf 76' lang='lat' dir='ltr'>ordinata,</span> <span class='ocrx_word' id='word_1_144' title='bbox 627 1232 832 1260; x_wconf 89' lang='lat' dir='ltr'>sensuum</span> <span class='ocrx_word' id='word_1_145' title='bbox 848 1215 1169 1276; x_wconf 89' lang='lat' dir='ltr'>dispositiones,</span> <span class='ocrx_word' id='word_1_146' title='bbox 1185 1218 1348 1273; x_wconf 78' lang='lat' dir='ltr'>videre,</span> <span class='ocrx_word' id='word_1_147' title='bbox 1371 1218 1536 1272; x_wconf 81' lang='lat' dir='ltr'>audire,</span> <span class='ocrx_word' id='word_1_148' title='bbox 1558 1216 1760 1274; x_wconf 79' lang='lat' dir='ltr'>olfacere,</span> 
     </span>
     <span class='ocr_line' id='line_1_27' title="bbox 379 1278 1767 1348; baseline 0.001 -18"><span class='ocrx_word' id='word_1_149' title='bbox 379 1296 549 1346; x_wconf 77' lang='lat' dir='ltr'>gustare</span> <span class='ocrx_word' id='word_1_150' title='bbox 568 1323 578 1342; x_wconf 77' lang='grc'>,</span> <span class='ocrx_word' id='word_1_151' title='bbox 605 1278 883 1346; x_wconf 73' lang='lat' dir='ltr'>contingere3</span> <span class='ocrx_word' id='word_1_152' title='bbox 909 1289 1048 1332; x_wconf 89' lang='lat' dir='ltr'>omnis</span> <span class='ocrx_word' id='word_1_153' title='bbox 1064 1288 1158 1332; x_wconf 83' lang='lat' dir='ltr'>haec</span> <span class='ocrx_word' id='word_1_154' title='bbox 1181 1304 1392 1348; x_wconf 78' lang='lat' dir='ltr'>compago</span> <span class='ocrx_word' id='word_1_155' title='bbox 1415 1299 1458 1332; x_wconf 85' lang='lat' dir='ltr'>et</span> <span class='ocrx_word' id='word_1_156' title='bbox 1477 1289 1655 1333; x_wconf 76' lang='lat' dir='ltr'>fabricae</span> <span class='ocrx_word' id='word_1_157' title='bbox 1677 1288 1767 1333; x_wconf 89' lang='lat' dir='ltr'>dis-</span> 
     </span>
     <span class='ocr_line' id='line_1_28' title="bbox 379 1357 1765 1420; baseline 0.002 -19"><span class='ocrx_word' id='word_1_158' title='bbox 379 1357 555 1412; x_wconf 74' lang='lat' dir='ltr'>tinctio,</span> <span class='ocrx_word' id='word_1_159' title='bbox 592 1373 682 1402; x_wconf 90' lang='lat' dir='ltr'>non</span> <span class='ocrx_word' id='word_1_160' title='bbox 704 1359 847 1417; x_wconf 85' lang='lat' dir='ltr'>potuit</span> <span class='ocrx_word' id='word_1_161' title='bbox 874 1358 967 1402; x_wconf 83' lang='lat' dir='ltr'>fieri</span> <span class='ocrx_word' id='word_1_162' title='bbox 987 1359 1068 1402; x_wconf 90' lang='lat' dir='ltr'>nisi</span> <span class='ocrx_word' id='word_1_163' title='bbox 1091 1375 1114 1403; x_wconf 84' lang='lat' dir='ltr'>a</span> <span class='ocrx_word' id='word_1_164' title='bbox 1144 1362 1234 1404; x_wconf 91' lang='lat' dir='ltr'>Deo</span> <span class='ocrx_word' id='word_1_165' title='bbox 1255 1394 1265 1414; x_wconf 85' lang='lat'>‚</span> <span class='ocrx_word' id='word_1_166' title='bbox 1291 1361 1368 1420; x_wconf 85' lang='lat' dir='ltr'>qui</span> <span class='ocrx_word' id='word_1_167' title='bbox 1394 1361 1539 1404; x_wconf 86' lang='lat' dir='ltr'>omnia</span> <span class='ocrx_word' id='word_1_168' title='bbox 1562 1369 1765 1419; x_wconf 84' lang='lat' dir='ltr'>operatus</span> 
     </span>
     <span class='ocr_line' id='line_1_29' title="bbox 377 1427 1764 1485; baseline 0.001 -13"><span class='ocrx_word' id='word_1_169' title='bbox 377 1437 461 1483; x_wconf 83' lang='lat' dir='ltr'>est,</span> <span class='ocrx_word' id='word_1_170' title='bbox 487 1427 680 1473; x_wconf 86' lang='lat' dir='ltr'>coelestia</span> <span class='ocrx_word' id='word_1_171' title='bbox 696 1463 706 1483; x_wconf 85' lang='lat'>,</span> <span class='ocrx_word' id='word_1_172' title='bbox 724 1428 940 1472; x_wconf 69' lang='lat' dir='ltr'>terrestria</span> <span class='ocrx_word' id='word_1_173' title='bbox 959 1463 970 1484; x_wconf 80' lang='lat'>‚</span> <span class='ocrx_word' id='word_1_174' title='bbox 995 1444 1163 1473; x_wconf 83' lang='lat' dir='ltr'>summa</span> <span class='ocrx_word' id='word_1_175' title='bbox 1182 1438 1225 1473; x_wconf 86' lang='lat' dir='ltr'>et</span> <span class='ocrx_word' id='word_1_176' title='bbox 1249 1429 1357 1485; x_wconf 76' lang='lat' dir='ltr'>ima,</span> <span class='ocrx_word' id='word_1_177' title='bbox 1383 1430 1568 1475; x_wconf 82' lang='lat' dir='ltr'>visibilia</span> <span class='ocrx_word' id='word_1_178' title='bbox 1586 1439 1629 1474; x_wconf 87' lang='lat' dir='ltr'>et</span> <span class='ocrx_word' id='word_1_179' title='bbox 1648 1430 1764 1475; x_wconf 85' lang='lat' dir='ltr'>invi-</span> 
     </span>
     <span class='ocr_line' id='line_1_30' title="bbox 377 1499 1766 1562; baseline 0.001 -19"><span class='ocrx_word' id='word_1_180' title='bbox 377 1499 533 1544; x_wconf 79' lang='lat' dir='ltr'>sibilia.</span> <span class='ocrx_word' id='word_1_181' title='bbox 555 1499 670 1553; x_wconf 87' lang='lat' dir='ltr'>Quid</span> <span class='ocrx_word' id='word_1_182' title='bbox 685 1499 858 1558; x_wconf 85' lang='lat' dir='ltr'>ergoibi</span> <span class='ocrx_word' id='word_1_183' title='bbox 881 1500 1055 1560; x_wconf 82' lang='lat' dir='ltr'>poenale</span> <span class='ocrx_word' id='word_1_184' title='bbox 1073 1502 1299 1545; x_wconf 78' lang='lat' dir='ltr'>nostrum?</span> <span class='ocrx_word' id='word_1_185' title='bbox 1320 1502 1448 1554; x_wconf 87' lang='lat' dir='ltr'>Quod</span> <span class='ocrx_word' id='word_1_186' title='bbox 1471 1501 1766 1562; x_wconf 86' lang='lat' dir='ltr'>corruptibilis</span> 
     </span>
     <span class='ocr_line' id='line_1_31' title="bbox 376 1570 1764 1633; baseline 0.001 -17"><span class='ocrx_word' id='word_1_187' title='bbox 376 1588 498 1627; x_wconf 84' lang='lat' dir='ltr'>caro,</span> <span class='ocrx_word' id='word_1_188' title='bbox 523 1571 644 1632; x_wconf 84' lang='lat' dir='ltr'>quod</span> <span class='ocrx_word' id='word_1_189' title='bbox 665 1570 848 1629; x_wconf 80' lang='lat' dir='ltr'>fragilis,</span> <span class='ocrx_word' id='word_1_190' title='bbox 871 1571 992 1632; x_wconf 88' lang='lat' dir='ltr'>quod</span> <span class='ocrx_word' id='word_1_191' title='bbox 1023 1572 1240 1628; x_wconf 81' lang='lat' dir='ltr'>mortalis,</span> <span class='ocrx_word' id='word_1_192' title='bbox 1279 1573 1400 1633; x_wconf 90' lang='lat' dir='ltr'>quod</span> <span class='ocrx_word' id='word_1_193' title='bbox 1422 1572 1620 1632; x_wconf 83' lang='lat' dir='ltr'>indigens</span> <span class='ocrx_word' id='word_1_194' title='bbox 1645 1592 1653 1618; x_wconf 91' lang='lat'>:</span> <span class='ocrx_word' id='word_1_195' title='bbox 1678 1573 1764 1618; x_wconf 86' lang='lat' dir='ltr'>hoc</span> 
     </span>
     <span class='ocr_line' id='line_1_32' title="bbox 378 1643 1764 1704; baseline 0 -16"><span class='ocrx_word' id='word_1_196' title='bbox 378 1659 468 1688; x_wconf 86' lang='grc'>11011</span> <span class='ocrx_word' id='word_1_197' title='bbox 490 1644 569 1687; x_wconf 85' lang='lat' dir='ltr'>erit</span> <span class='ocrx_word' id='word_1_198' title='bbox 590 1644 634 1686; x_wconf 89' lang='lat' dir='ltr'>in</span> <span class='ocrx_word' id='word_1_199' title='bbox 651 1643 846 1702; x_wconf 79' lang='lat' dir='ltr'>praemio.</span> <span class='ocrx_word' id='word_1_200' title='bbox 871 1646 969 1688; x_wconf 91' lang='lat' dir='ltr'>Non</span> <span class='ocrx_word' id='word_1_201' title='bbox 991 1643 1106 1687; x_wconf 85' lang='lat' dir='ltr'>enim</span> <span class='ocrx_word' id='word_1_202' title='bbox 1128 1659 1285 1704; x_wconf 85' lang='lat' dir='ltr'>corpus</span> <span class='ocrx_word' id='word_1_203' title='bbox 1306 1660 1395 1688; x_wconf 89' lang='lat' dir='ltr'>non</span> <span class='ocrx_word' id='word_1_204' title='bbox 1413 1645 1518 1700; x_wconf 79' lang='lat' dir='ltr'>erit,</span> <span class='ocrx_word' id='word_1_205' title='bbox 1543 1660 1641 1689; x_wconf 88' lang='lat' dir='ltr'>cum</span> <span class='ocrx_word' id='word_1_206' title='bbox 1665 1660 1764 1689; x_wconf 91' lang='lat' dir='ltr'>cor-</span> 
     </span>
     <span class='ocr_line' id='line_1_33' title="bbox 377 1713 1739 1774; baseline 0.001 -16"><span class='ocrx_word' id='word_1_207' title='bbox 377 1730 459 1774; x_wconf 82' lang='lat' dir='ltr'>pus</span> <span class='ocrx_word' id='word_1_208' title='bbox 482 1722 688 1772; x_wconf 82' lang='lat' dir='ltr'>resurgat.</span> <span class='ocrx_word' id='word_1_209' title='bbox 717 1713 801 1758; x_wconf 87' lang='lat' dir='ltr'>Sed</span> <span class='ocrx_word' id='word_1_210' title='bbox 830 1713 937 1773; x_wconf 79' lang='lat' dir='ltr'>quid</span> <span class='ocrx_word' id='word_1_211' title='bbox 960 1713 1019 1757; x_wconf 87' lang='lat' dir='ltr'>ibi</span> <span class='ocrx_word' id='word_1_212' title='bbox 1041 1730 1128 1758; x_wconf 91' lang='lat' dir='ltr'>non</span> <span class='ocrx_word' id='word_1_213' title='bbox 1156 1714 1263 1758; x_wconf 75' lang='lat' dir='ltr'>erit?</span> <span class='ocrx_word' id='word_1_214' title='bbox 1295 1714 1543 1773; x_wconf 86' lang='lat' dir='ltr'>Corruptio.</span> <span class='ocrx_word' id='word_1_215' title='bbox 1569 1717 1739 1774; x_wconf 87' lang='lat' dir='ltr'>Corrup</span> 
     </span>
     <span class='ocr_line' id='line_1_34' title="bbox 380 1784 1762 1844; baseline 0.001 -16"><span class='ocrx_word' id='word_1_216' title='bbox 380 1784 500 1828; x_wconf 88' lang='lat' dir='ltr'>tibile</span> <span class='ocrx_word' id='word_1_217' title='bbox 522 1785 636 1828; x_wconf 90' lang='lat' dir='ltr'>enim</span> <span class='ocrx_word' id='word_1_218' title='bbox 657 1785 740 1828; x_wconf 87' lang='lat' dir='ltr'>hoc</span> <span class='ocrx_word' id='word_1_219' title='bbox 761 1784 915 1828; x_wconf 85' lang='lat' dir='ltr'>induet</span> <span class='ocrx_word' id='word_1_220' title='bbox 931 1784 1339 1844; x_wconf 79' lang='lat' dir='ltr'>incorruptionem³.</span> <span class='ocrx_word' id='word_1_221' title='bbox 1362 1787 1476 1842; x_wconf 84' lang='lat' dir='ltr'>Ergo</span> <span class='ocrx_word' id='word_1_222' title='bbox 1504 1785 1538 1828; x_wconf 93' lang='lat' dir='ltr'>si</span> <span class='ocrx_word' id='word_1_223' title='bbox 1565 1801 1663 1830; x_wconf 81' lang='lat' dir='ltr'>caro</span> <span class='ocrx_word' id='word_1_224' title='bbox 1685 1785 1762 1829; x_wconf 85' lang='lat' dir='ltr'>tibi</span> 
     </span>
     <span class='ocr_line' id='line_1_35' title="bbox 377 1855 1760 1915; baseline 0 -16"><span class='ocrx_word' id='word_1_225' title='bbox 377 1871 522 1899; x_wconf 79' lang='lat' dir='ltr'>carcer</span> <span class='ocrx_word' id='word_1_226' title='bbox 543 1864 607 1899; x_wconf 89' lang='lat' dir='ltr'>est</span> <span class='ocrx_word' id='word_1_227' title='bbox 625 1890 636 1910; x_wconf 83' lang='lat'>‚</span> <span class='ocrx_word' id='word_1_228' title='bbox 662 1870 749 1899; x_wconf 89' lang='lat' dir='ltr'>non</span> <span class='ocrx_word' id='word_1_229' title='bbox 767 1870 924 1914; x_wconf 87' lang='lat' dir='ltr'>corpus</span> <span class='ocrx_word' id='word_1_230' title='bbox 944 1863 1008 1899; x_wconf 82' lang='lat' dir='ltr'>est</span> <span class='ocrx_word' id='word_1_231' title='bbox 1030 1870 1174 1899; x_wconf 83' lang='lat' dir='ltr'>carcer</span> <span class='ocrx_word' id='word_1_232' title='bbox 1188 1864 1305 1909; x_wconf 81' lang='lat' dir='ltr'>tuus,</span> <span class='ocrx_word' id='word_1_233' title='bbox 1335 1855 1410 1899; x_wconf 90' lang='lat' dir='ltr'>sed</span> <span class='ocrx_word' id='word_1_234' title='bbox 1426 1855 1648 1915; x_wconf 82' lang='lat' dir='ltr'>corruptio</span> <span class='ocrx_word' id='word_1_235' title='bbox 1665 1871 1760 1900; x_wconf 89' lang='lat' dir='ltr'>cor-</span> 
     </span>
     <span class='ocr_line' id='line_1_36' title="bbox 378 1923 1760 1986; baseline 0 -16"><span class='ocrx_word' id='word_1_236' title='bbox 378 1926 493 1985; x_wconf 87' lang='lat' dir='ltr'>poris</span> <span class='ocrx_word' id='word_1_237' title='bbox 530 1925 608 1970; x_wconf 83' lang='lat' dir='ltr'>tui.</span> <span class='ocrx_word' id='word_1_238' title='bbox 651 1927 819 1984; x_wconf 81' lang='lat' dir='ltr'>Corpus</span> <span class='ocrx_word' id='word_1_239' title='bbox 842 1925 959 1969; x_wconf 89' lang='lat' dir='ltr'>enim</span> <span class='ocrx_word' id='word_1_240' title='bbox 995 1934 1122 1970; x_wconf 86' lang='lat' dir='ltr'>tuum</span> <span class='ocrx_word' id='word_1_241' title='bbox 1156 1923 1258 1968; x_wconf 87' lang='lat' dir='ltr'>fecit</span> <span class='ocrx_word' id='word_1_242' title='bbox 1291 1928 1404 1969; x_wconf 81' lang='lat' dir='ltr'>Deus</span> <span class='ocrx_word' id='word_1_243' title='bbox 1429 1925 1590 1970; x_wconf 85' lang='lat' dir='ltr'>bonum</span> <span class='ocrx_word' id='word_1_244' title='bbox 1613 1961 1623 1980; x_wconf 82' lang='lat'>‚</span> <span class='ocrx_word' id='word_1_245' title='bbox 1663 1926 1760 1986; x_wconf 79' lang='lat' dir='ltr'>quia</span> 
     </span>
     <span class='ocr_line' id='line_1_37' title="bbox 381 1994 1759 2056; baseline 0.001 -16"><span class='ocrx_word' id='word_1_246' title='bbox 381 1997 521 2040; x_wconf 84' lang='lat' dir='ltr'>bonus</span> <span class='ocrx_word' id='word_1_247' title='bbox 547 2005 611 2040; x_wconf 85' lang='lat' dir='ltr'>est</span> <span class='ocrx_word' id='word_1_248' title='bbox 636 2015 644 2040; x_wconf 91' lang='grc'>;</span> <span class='ocrx_word' id='word_1_249' title='bbox 669 1995 994 2055; x_wconf 83' lang='lat' dir='ltr'>corruptionem</span> <span class='ocrx_word' id='word_1_250' title='bbox 1016 1994 1165 2039; x_wconf 83' lang='lat' dir='ltr'>intulit</span> <span class='ocrx_word' id='word_1_251' title='bbox 1191 1996 1355 2055; x_wconf 80' lang='lat' dir='ltr'>justus,</span> <span class='ocrx_word' id='word_1_252' title='bbox 1381 1996 1481 2056; x_wconf 76' lang='lat' dir='ltr'>quia</span> <span class='ocrx_word' id='word_1_253' title='bbox 1509 1995 1643 2055; x_wconf 81' lang='lat' dir='ltr'>judex</span> <span class='ocrx_word' id='word_1_254' title='bbox 1662 2005 1727 2041; x_wconf 85' lang='lat' dir='ltr'>cst</span> <span class='ocrx_word' id='word_1_255' title='bbox 1752 2015 1759 2042; x_wconf 92' lang='lat'><strong>:</strong></span> 
     </span>
     <span class='ocr_line' id='line_1_38' title="bbox 378 2065 1758 2125; baseline 0 -14"><span class='ocrx_word' id='word_1_256' title='bbox 378 2066 488 2111; x_wconf 91' lang='lat' dir='ltr'>illud</span> <span class='ocrx_word' id='word_1_257' title='bbox 510 2066 644 2111; x_wconf 80' lang='lat' dir='ltr'>habes</span> <span class='ocrx_word' id='word_1_258' title='bbox 666 2065 720 2110; x_wconf 90' lang='lat' dir='ltr'>de</span> <span class='ocrx_word' id='word_1_259' title='bbox 752 2066 991 2119; x_wconf 77' lang='lat' dir='ltr'>beneficio,</span> <span class='ocrx_word' id='word_1_260' title='bbox 1027 2065 1138 2109; x_wconf 90' lang='lat' dir='ltr'>illud</span> <span class='ocrx_word' id='word_1_261' title='bbox 1169 2065 1301 2109; x_wconf 86' lang='lat' dir='ltr'>habes</span> <span class='ocrx_word' id='word_1_262' title='bbox 1325 2065 1379 2109; x_wconf 92' lang='lat' dir='ltr'>de</span> <span class='ocrx_word' id='word_1_263' title='bbox 1413 2065 1640 2125; x_wconf 83' lang='lat' dir='ltr'>supplicio.</span> <span class='ocrx_word' id='word_1_264' title='bbox 1670 2070 1758 2111; x_wconf 86' lang='lat' dir='ltr'>Hoc</span> 
     </span>
     <span class='ocr_line' id='line_1_39' title="bbox 381 2134 1757 2197; baseline -0.004 -15"><span class='ocrx_word' id='word_1_265' title='bbox 381 2153 484 2197; x_wconf 80' lang='lat' dir='ltr'>ergo</span> <span class='ocrx_word' id='word_1_266' title='bbox 506 2136 618 2182; x_wconf 84' lang='lat' dir='ltr'>sorte</span> <span class='ocrx_word' id='word_1_267' title='bbox 645 2136 754 2180; x_wconf 78' lang='lat' dir='ltr'>dixit</span> <span class='ocrx_word' id='word_1_268' title='bbox 771 2171 782 2191; x_wconf 83' lang='lat'>,</span> <span class='ocrx_word' id='word_1_269' title='bbox 810 2155 830 2178; x_wconf 90' lang='lat'>«</span> <span class='ocrx_word' id='word_1_270' title='bbox 860 2155 880 2178; x_wconf 88' lang='lat'>«</span> <span class='ocrx_word' id='word_1_271' title='bbox 904 2135 1028 2180; x_wconf 89' lang='lat' dir='ltr'>Educ</span> <span class='ocrx_word' id='word_1_272' title='bbox 1050 2134 1105 2178; x_wconf 94' lang='lat' dir='ltr'>de</span> <span class='ocrx_word' id='word_1_273' title='bbox 1134 2150 1302 2179; x_wconf 83' lang='lat' dir='ltr'>carcere</span> <span class='ocrx_word' id='word_1_274' title='bbox 1330 2135 1517 2179; x_wconf 71' lang='lat' dir='ltr'>animam</span> <span class='ocrx_word' id='word_1_275' title='bbox 1549 2152 1712 2192; x_wconf 81' lang='lat' dir='ltr'>meam,</span> <span class='ocrx_word' id='word_1_276' title='bbox 1740 2155 1757 2178; x_wconf 74' lang='lat' dir='ltr'>n</span> 
     </span>
     <span class='ocr_line' id='line_1_40' title="bbox 380 2205 1775 2266; baseline -0.003 -14"><span class='ocrx_word' id='word_1_277' title='bbox 380 2207 492 2252; x_wconf 86' lang='lat' dir='ltr'>educ</span> <span class='ocrx_word' id='word_1_278' title='bbox 514 2207 569 2251; x_wconf 89' lang='lat' dir='ltr'>de</span> <span class='ocrx_word' id='word_1_279' title='bbox 591 2206 869 2265; x_wconf 85' lang='lat' dir='ltr'>corruptione</span> <span class='ocrx_word' id='word_1_280' title='bbox 897 2205 1087 2249; x_wconf 80' lang='lat' dir='ltr'>animam</span> <span class='ocrx_word' id='word_1_281' title='bbox 1112 2221 1268 2249; x_wconf 84' lang='lat' dir='ltr'>meam.</span> <span class='ocrx_word' id='word_1_282' title='bbox 1295 2205 1338 2250; x_wconf 89' lang='lat' dir='ltr'>Si</span> <span class='ocrx_word' id='word_1_283' title='bbox 1360 2205 1418 2250; x_wconf 86' lang='lat' dir='ltr'>sic</span> <span class='ocrx_word' id='word_1_284' title='bbox 1440 2205 1732 2266; x_wconf 78' lang='lat' dir='ltr'>intelligamus</span> <span class='ocrx_word' id='word_1_285' title='bbox 1751 2242 1756 2263; x_wconf 71' lang='lat'><em>‚</em></span> <span class='ocrx_word' id='word_1_286' title='bbox 1774 2242 1775 2248; x_wconf 71' lang='grc'>,</span> 
     </span>
     <span class='ocr_line' id='line_1_41' title="bbox 381 2275 1349 2336; baseline -0.003 -13"><span class='ocrx_word' id='word_1_287' title='bbox 381 2294 472 2323; x_wconf 88' lang='grc'>11011</span> <span class='ocrx_word' id='word_1_288' title='bbox 494 2287 558 2322; x_wconf 90' lang='lat' dir='ltr'>cst</span> <span class='ocrx_word' id='word_1_289' title='bbox 579 2276 847 2336; x_wconf 79' lang='lat' dir='ltr'>blasphemia</span> <span class='ocrx_word' id='word_1_290' title='bbox 862 2311 873 2332; x_wconf 82' lang='grc'>,</span> <span class='ocrx_word' id='word_1_291' title='bbox 898 2275 1143 2320; x_wconf 85' lang='lat' dir='ltr'>intellectus</span> <span class='ocrx_word' id='word_1_292' title='bbox 1166 2284 1349 2320; x_wconf 83' lang='lat' dir='ltr'>constat.</span> 
     </span>
    </p>
   </div>
   <div class='ocr_carea' id='block_1_4' title="bbox 429 2570 1342 2617">
    <p class='ocr_par' dir='ltr' id='par_1_4' title="bbox 429 2570 1342 2617">
     <span class='ocr_line' id='line_1_42' title="bbox 429 2570 1342 2617; baseline -0.003 -10"><span class='ocrx_word' id='word_1_293' title='bbox 429 2582 435 2599; x_wconf 88' lang='lat'>¹</span> <span class='ocrx_word' id='word_1_294' title='bbox 459 2574 570 2617; x_wconf 74' lang='lat' dir='ltr'>Philip.</span> <span class='ocrx_word' id='word_1_295' title='bbox 594 2586 617 2616; x_wconf 87' lang='lat'>1,</span> <span class='ocrx_word' id='word_1_296' title='bbox 634 2574 686 2607; x_wconf 81' lang='lat'>23.</span> <span class='ocrx_word' id='word_1_297' title='bbox 706 2590 748 2597; x_wconf 95' lang='lat'>—-</span> <span class='ocrx_word' id='word_1_298' title='bbox 770 2572 883 2606; x_wconf 75' lang='lat' dir='ltr'>²1bid.</span> <span class='ocrx_word' id='word_1_299' title='bbox 910 2570 964 2615; x_wconf 72' lang='lat'>24.</span> <span class='ocrx_word' id='word_1_300' title='bbox 985 2589 1027 2596; x_wconf 93' lang='lat'>--</span> <span class='ocrx_word' id='word_1_301' title='bbox 1047 2570 1060 2596; x_wconf 86' lang='lat'>3</span> <span class='ocrx_word' id='word_1_302' title='bbox 1083 2584 1095 2605; x_wconf 88' lang='lat'>1</span> <span class='ocrx_word' id='word_1_303' title='bbox 1117 2575 1189 2606; x_wconf 87' lang='lat' dir='ltr'>Cor.</span> <span class='ocrx_word' id='word_1_304' title='bbox 1213 2583 1269 2615; x_wconf 83' lang='lat' dir='ltr'>xv,</span> <span class='ocrx_word' id='word_1_305' title='bbox 1289 2572 1342 2605; x_wconf 86' lang='lat'>53.</span> 
     </span>
    </p>
   </div>
  </div>
 </body>
</html>
