1856 3268
393 247 444 284 18
824 253 859 283 s.
894 254 1124 286 Aucusnm
1155 257 1336 285 muscom

387 335 477 364 non
493 319 672 364 vocibus
693 321 843 365 vestris
866 321 1136 366 intellectum
1157 332 1350 367 vestrum
1371 321 1479 365 mihi
1499 320 1766 379 significare·
1824 354 1826 369 ,

386 390 454 434 tis.
480 391 596 449 Ergo
617 390 719 450 quia
740 391 1028 447 intellexistis,
1052 391 1205 436 fratres
1220 428 1231 448 ,
1256 391 1401 437 videte
1422 390 1531 451 quid
1552 390 1764 449 sequitur,
1830 408 1832 412 ·

385 476 519 521 quare
542 470 741 523 protegat
764 462 974 505 Dominus
995 471 1040 507 et
1053 477 1181 522 super
1203 476 1382 508 manum
1397 460 1601 514 dexterae,
1617 459 1663 503 id
1680 468 1764 514 est,
1823 501 1826 504 ,

386 546 515 590 super
537 531 674 590 ipsam
692 530 822 575 fidem
833 567 844 586 ‚
861 532 906 575 in
920 548 1006 591 qua
1019 542 1273 592 potestatem
1295 530 1539 589 accepimus
1556 544 1645 573 esse
1658 528 1769 573 filios

388 601 493 655 Dei,
514 610 557 645 et
578 616 668 644 esse
686 600 740 644 ad
763 601 1006 659 dexteram,
1036 618 1170 662 quare
1194 610 1365 661 oportet
1386 610 1436 644 ut
1458 608 1658 660 protegat
1679 602 1769 643 Do-

386 671 556 714 minus?
572 673 752 729 Propter
767 670 983 715 scandala.
1010 671 1134 716 Unde
1151 681 1252 715 sunt
1269 670 1467 716 scandala
1483 672 1500 713 P
1514 673 1574 714 De
1597 669 1770 712 duobus

387 740 583 785 timenda
612 750 714 785 sunt
746 740 970 797 scandala,
1009 742 1112 802 quia
1144 751 1188 786 et
1225 742 1314 786 duo
1349 749 1450 784 sunt
1476 748 1691 798 praecepta
1723 739 1770 782 in

389 813 550 872 quibus
574 821 665 856 tota
683 815 771 855 Lex
792 812 955 871 pendet
977 822 1020 857 et
1044 814 1293 872 Prophetae,
1309 811 1485 855 dilectio
1508 811 1584 854 Dei
1605 819 1648 854 et
1668 825 1772 869 pro-

388 882 536 926 ximi1.
568 880 758 926 Ecclesia
778 892 955 940 propter
976 883 1222 941 proximum
1239 881 1457 940 diligitur,
1490 884 1604 925 Deus
1623 889 1769 924 autem
1822 920 1823 934 ἦ

387 954 566 1011 propter
588 954 743 995 Deum.
784 954 836 994 In
863 954 952 995 Deo
970 987 981 1006 ,
1009 951 1263 1009 intelligitur
1292 953 1476 1009 figurate
1505 950 1647 994 dictus
1669 949 1733 994 sol
1758 968 1768 994 z
1820 939 1823 991 ἷ

389 1022 436 1065 in
458 1020 648 1065 Ecclesia
666 1055 677 1076 ,
698 1019 954 1078 intelligitur
977 1022 1161 1079 figurate
1182 1021 1296 1065 dicta
1318 1021 1439 1065 luna.
1468 1021 1672 1080 Quisquis
1689 1035 1770 1078 po·
1820 1023 1822 1047 ³

389 1100 473 1135 test
489 1106 659 1145 errare,
690 1099 740 1133 ut
762 1089 882 1133 aliud
912 1089 966 1134 de
998 1094 1087 1135 Deo
1113 1091 1262 1135 credat
1289 1106 1420 1151 quam
1454 1099 1644 1147 oportet,
1683 1104 1772 1133 non
1820 1097 1822 1108 '

389 1161 536 1206 credat
559 1164 729 1205 Patrem
751 1169 793 1203 et
821 1159 981 1204 Filium
1003 1170 1046 1204 et
1069 1161 1279 1219 Spiritum
1302 1170 1501 1204 sanctum
1533 1161 1661 1203 unius
1683 1174 1773 1203 esse

390 1231 643 1276 substantiae
659 1265 670 1286 ,
695 1230 903 1289 deceptus
930 1239 992 1274 est
1018 1231 1206 1275 versutia
1228 1231 1535 1275 haereticorum
1552 1265 1563 1285 ‚
1588 1229 1773 1273 maxime

390 1302 653 1346 Arianorum
679 1304 752 1356 (6).
777 1300 819 1344 Si
841 1299 1007 1359 aliquid
1040 1300 1182 1344 minus
1215 1302 1259 1344 in
1289 1301 1399 1345 Filio
1419 1336 1430 1356 ,
1465 1310 1540 1344 aut
1565 1301 1707 1343 minus
1727 1299 1774 1343 in

394 1373 558 1432 Spiritu
580 1380 728 1415 sancto
745 1386 878 1431 quam
895 1371 941 1414 in
963 1374 1088 1415 Patre
1110 1371 1341 1415 crediderit
1359 1407 1370 1426 ,
1397 1387 1546 1431 passus
1563 1380 1627 1415 est
1647 1386 1773 1415 scan-
1818 1370 1821 1378 '

392 1442 543 1486 dalurn
566 1442 611 1485 in
628 1444 735 1496 Deo,
754 1456 775 1484 a
793 1440 882 1485 sole
905 1441 1060 1485 uritur.
1086 1441 1289 1501 Quisquis
1307 1457 1454 1485 rursus
1467 1441 1684 1500 putaverit
1696 1443 1773 1484 Ec·
1818 1433 1819 1438 ¹

392 1514 564 1558 clesiam
589 1513 635 1556 in
653 1527 740 1556 una
757 1521 879 1570 parte
893 1527 998 1566 esse,
1016 1521 1058 1554 et
1075 1527 1164 1556 non
1187 1527 1281 1555 eam
1295 1512 1548 1571 cognoverit
1569 1511 1775 1555 diffusam

391 1593 484 1629 toto
507 1584 612 1628 orbe
635 1592 848 1626 terrarum
863 1616 874 1637 ,
901 1591 944 1625 et
973 1581 1205 1626 crediderit
1227 1583 1285 1626 eis
1307 1583 1383 1642 qui
1405 1583 1558 1627 dicunt
1574 1617 1585 1637 ,
1615 1601 1634 1624 «
1660 1585 1774 1626 Ecce

395 1671 416 1696 >r
450 1654 521 1698 hic
550 1662 614 1697 est
639 1652 835 1697 Christus
851 1686 862 1707 ,
887 1661 930 1695 et
962 1667 1060 1696 ecce
1080 1651 1166 1696 illic
1184 1654 1224 1707 2,
1247 1652 1272 1693 ἶ)
1304 1653 1416 1696 sicut
1437 1652 1569 1697 modo
1598 1652 1775 1696 audistis
1816 1642 1818 1693 ἶ

393 1739 494 1768 cum
507 1723 796 1781 Evangelium
812 1722 1029 1780 legeretur
1045 1743 1056 1778 3
1075 1737 1173 1766 cum
1189 1721 1261 1765 ille
1278 1731 1419 1766 totum
1433 1722 1584 1766 orbem
1603 1722 1771 1776 emerit,
1816 1705 1818 1766 l

394 1794 498 1855 quia
531 1802 703 1837 tantum
737 1793 925 1852 pretium
957 1792 1078 1836 dedit
1109 1811 1118 1836 :
1156 1791 1229 1836 ille
1259 1802 1467 1852 tanquam
1501 1792 1548 1835 in
1579 1793 1776 1852 proximo

394 1863 730 1917 scandalizatur,
756 1879 778 1906 a
800 1861 904 1905 luna
927 1862 1081 1905 uritur.
1110 1862 1314 1922 Quisquis
1341 1878 1441 1920 ergo
1464 1871 1578 1906 errat
1611 1863 1655 1905 in
1685 1863 1776 1921 ipsa

394 1934 632 1978 substantia
661 1933 878 1986 veritatis,
905 1948 928 1975 a
962 1931 1051 1975 sole
1078 1932 1219 1975 uritur
1237 1967 1247 1986 ,
1277 1941 1318 1975 et
1347 1948 1424 1990 per
1451 1932 1566 1975 diem
1603 1932 1772 1976 uritur:
1814 1937 1816 1954 ³

395 2005 493 2064 quia
518 2004 562 2046 in
585 2003 674 2060 ipsa
697 2001 903 2060 sapientia
935 2010 1069 2054 errat,
1104 2000 1158 2043 de
1191 2016 1277 2060 qua
1309 2000 1475 2044 dictum
1504 2010 1568 2044 est
1587 2035 1597 2055 ,
1631 2020 1651 2043 «
1679 2001 1776 2045 Dies
1814 2009 1815 2012 ’

398 2092 420 2115 »
455 2073 539 2116 diei
563 2080 729 2115 eructat
750 2071 933 2114 verbum
955 2089 963 2115 :
992 2088 1012 2110 »
1033 2070 1149 2113 unde
1169 2069 1274 2113 dicit
1295 2080 1338 2114 et
1361 2070 1592 2129 Apostolus
1612 2105 1623 2125 ,
1643 2090 1662 2112 «
1686 2071 1778 2129 Spi-
1812 2066 1815 2111 ἶ

399 2162 420 2186 »
456 2142 655 2186 ritalibus
691 2139 896 2200 spiritalia
920 2149 1233 2198 comparantes.
1264 2140 1360 2183 Dies
1383 2140 1468 2183 diei
1490 2150 1658 2184 eructat
1676 2156 1775 2184 ver-

399 2235 419 2258 n
457 2217 561 2259 bum
575 2251 584 2269 ,
606 2214 868 2273 spiritalibus
885 2212 1087 2271 spiritalia
1102 2222 1413 2270 comparantes.
1436 2213 1532 2256 Dies
1550 2213 1633 2256 diei
1654 2229 1777 2257 eruc—
1811 2212 1814 2265 l

401 2304 421 2327 »
457 2295 520 2329 tat
557 2285 756 2327 verbum.
799 2282 1060 2341 Sapientiam
1082 2282 1303 2341 loquimur
1337 2282 1450 2324 inter
1472 2282 1722 2340 perfectos?
1752 2301 1773 2322 »

401 2354 516 2407 Quid
540 2363 629 2406 est,
656 2372 675 2394 «
694 2355 844 2396 Etnox
868 2351 981 2394 nocti
1000 2352 1230 2394 annuntiat
1249 2351 1470 2394 scientiam
1489 2354 1524 2394 ⁴?
1545 2371 1562 2392 »
1586 2350 1778 2396 Parvulis
1795 2346 1812 2410 Ἰ

401 2423 661 2485 praedicatur
683 2420 901 2466 humilitas
913 2421 1094 2475 Christi,
1110 2429 1153 2464 et
1174 2435 1272 2465 caro
1294 2421 1482 2474 Christi,
1502 2431 1546 2465 et
1559 2421 1778 2478 crucifixio
1809 2441 1812 2502 ἶ

451 2527 461 2544 ¹
495 2519 610 2552 Matth.
634 2530 700 2551 xxn
716 2542 726 2560 ,
756 2515 873 2560 37—40.
894 2533 936 2539 --
954 2517 1032 2549 ²1d.
1054 2527 1142 2555 xxw,
1163 2516 1212 2548 13.
1242 2532 1282 2540 -
1302 2514 1316 2539 3
1338 2528 1350 2548 1
1373 2518 1445 2548 eor.
1466 2527 1500 2558 ιι,
1524 2517 1573 2549 13.
1592 2533 1635 2540 —
1659 2515 1673 2545 4
1693 2516 1774 2548 Psal.
1808 2526 1811 2558 ς

402 2589 496 2620 xvm,
519 2576 587 2609 3-6.
1808 2612 1809 2635 ¹
