1815 3253
317 276 373 316 '72
753 283 787 315 s.
822 283 1052 315 Auous'nm
1084 287 1265 315 131‘1sco1’1

316 355 458 406 Quam
487 353 663 397 escam?
691 350 974 396 Dulcedinem
1010 352 1111 397 vitae
1136 352 1288 412 hujus,
1325 352 1698 412 ut‘unusquisque
1758 365 1759 416 j

316 432 495 484 propter
511 421 788 467 dulcedinem
802 422 933 482 hujus
949 423 1048 467 vitae
1068 423 1212 467 mittat
1228 430 1360 481 caput
1376 422 1422 466 in
1439 422 1696 482 nequitiam,
1757 432 1759 455 ³

315 502 360 538 et
379 492 621 552 muscipula
643 493 970 553 comprimatur.
995 495 1092 538 Non
1110 492 1174 536 illi
1195 492 1239 536 in
1256 492 1416 552 quibus
1439 501 1530 535 erat
1551 491 1700 536 Domi-

314 580 398 609 nus
415 599 426 620 ,
450 563 514 608 illi
535 564 612 625 qui
628 564 805 608 dicunt:
830 563 957 609 «Nisi
979 564 1080 624 quia
1104 563 1312 608 Dominus
1337 562 1494 607 eratin
1518 562 1659 617 nobis,
1675 580 1696 604 »

314 649 405 679 non
426 634 541 694 capti
562 642 664 678 sunt
685 634 730 677 in
751 632 1008 693 muscipula.
1036 633 1099 678 Sit
1115 633 1161 677 in
1178 642 1221 677 te
1243 633 1465 688 Dominus,
1486 641 1529 676 et
1550 648 1630 677 nec
1651 641 1700 677 tu

314 703 495 764 capieris
516 703 561 747 in
583 703 824 763 muscipula
846 723 855 748 ε
878 702 1016 748 clama
1031 738 1042 759 ,
1063 702 1359 747 «Benedictus
1381 703 1607 758 Dominus,
1625 702 1701 763 qui

317 793 339 817 »
373 790 464 820 non
481 773 602 819 dedit
622 790 700 820 nos
720 774 767 819 in
789 774 1066 819 venationem
1082 773 1289 818 dentibus
1310 788 1477 818 eorum.
1500 791 1521 814 »

373 848 478 890 XII.
495 845 682 890 «Anima
704 855 851 890 nostra
871 846 984 891 sicut
1001 860 1146 905 passer
1158 853 1281 889 eruta
1303 854 1366 889 est
1388 843 1443 889 de
1459 843 1702 904 muscipula

315 936 337 960 »
370 917 624 962 venantium
642 919 673 961 ¹.
701 935 722 959 »
748 917 856 971 Quia
882 917 928 961 in
950 917 1042 977 ipsa
1069 917 1212 961 anima
1232 917 1442 961 Dominus
1465 925 1579 971 erat,
1602 915 1702 960 ideo

313 989 425 1034 sicut
460 1003 607 1047 passer
640 997 764 1032 eruta
792 996 856 1032 est
890 989 1032 1032 anima
1071 987 1126 1031 de
1162 986 1405 1047 muscipula
1426 986 1697 1032 venantium.
1758 1005 1759 1019 1

315 1063 455 1113 Quare
484 1058 595 1102 sicut
624 1060 797 1118 passer?
825 1059 934 1112 Quia
962 1059 1136 1103 incauta
1158 1057 1375 1103 ceciderat
1402 1059 1512 1102 sieut
1529 1071 1700 1116 passer3
1758 1096 1759 1105 ,

315 1137 359 1172 et
380 1137 552 1188 poterat
577 1127 719 1172 dicere
745 1137 893 1187 postea
923 1147 932 1172 ε
968 1131 1170 1187 Ignoscet
1206 1127 1313 1171 mihi
1345 1131 1475 1172 Deus.
1503 1128 1540 1171 O
1562 1141 1704 1186 passer
1758 1127 1759 1169 3

315 1198 528 1243 instabilis
549 1234 560 1254 ,
585 1199 668 1257 fige
696 1199 841 1258 potius
875 1197 1006 1258 pedes
1028 1199 1074 1242 in
1096 1207 1217 1258 petra
1235 1233 1246 1253 ,
1271 1196 1362 1242 noli
1382 1198 1444 1241 ire
1465 1197 1521 1242 ad
1542 1196 1705 1242 musci-

315 1269 480 1330 pulam.
507 1268 699 1328 Caperis,
719 1269 1007 1325 consumeris,
1029 1269 1251 1314 obtereris.
1270 1269 1332 1314 Sit
1349 1269 1395 1313 in
1417 1277 1459 1312 te
1477 1268 1702 1323 Dominus,

317 1349 360 1385 et
381 1339 436 1384 de
457 1339 694 1399 majoribus
715 1339 843 1384 minis
862 1348 985 1384 eruet
1001 1349 1044 1383 te
1059 1375 1070 1395 ,
1091 1338 1146 1384 de
1166 1339 1408 1398 muscipula
1431 1338 1701 1383 venantium.

317 1409 549 1463 Quomodo
572 1408 607 1453 si
627 1408 773 1453 videas
795 1424 919 1454 avem
950 1408 1087 1453 veluti
1118 1409 1208 1469 jam
1238 1408 1391 1453 cadere
1413 1409 1458 1452 in
1481 1407 1706 1467 muscipu-

315 1480 404 1524 lam
421 1515 432 1535 ,
462 1478 567 1523 facis
601 1480 810 1539 majorem
843 1479 1071 1539 strepitum
1090 1513 1101 1534 ‚
1142 1487 1193 1522 ut
1214 1477 1331 1523 volet
1353 1477 1408 1522 de
1430 1476 1671 1537 muscipula
1692 1496 1703 1523 ι

317 1551 376 1595 sic
398 1559 441 1595 et
457 1553 687 1608 Martyres,
707 1551 796 1610 jam
815 1548 927 1594 forte
947 1549 1081 1610 aliqui
1104 1550 1297 1609 ipsorum
1321 1547 1708 1593 intendebantcol-

319 1620 412 1666 lum
447 1621 491 1665 in
528 1619 809 1664 dulcedinem
843 1621 943 1664 vitae
973 1621 1130 1680 hujus,
1166 1620 1404 1674 Dominus,
1435 1619 1512 1679 qui
1549 1619 1708 1663 eratin
1757 1628 1758 1661 ξ

317 1690 423 1746 illis,
446 1690 551 1735 fecit
573 1691 802 1750 strepitum
825 1691 1147 1749 gehennarum,
1172 1698 1216 1733 et
1235 1698 1384 1733 erutus
1405 1698 1469 1733 est
1490 1703 1637 1748 passer
1651 1687 1707 1732 de
1757 1705 1759 1741 ς

316 1761 560 1821 muscipula
581 1762 851 1806 venantium,
881 1781 901 1803 «
926 1762 1082 1806 Anima
1104 1769 1250 1805 nostra
1279 1761 1389 1804 sicut
1412 1775 1556 1819 passer
1583 1768 1707 1804 eruta
1757 1754 1758 1758 ¹

320 1850 341 1874 >›
377 1841 441 1877 est
462 1831 517 1876 de
547 1832 792 1891 muscipula
820 1832 1091 1876 venantium.
1120 1849 1140 1872 υ
1167 1834 1224 1875 Et
1260 1830 1402 1891 quid?
1428 1832 1605 1888 Semper
1626 1830 1708 1874 erit
1757 1866 1758 1869 ,

317 1901 391 1946 illa
411 1902 684 1962 muscipula?
715 1901 959 1961 Muscipula
994 1910 1087 1946 erat
1109 1900 1297 1946 dulcedo
1320 1901 1421 1945 vitae
1454 1901 1583 1960 hujus
1609 1920 1617 1944 :
1643 1899 1706 1944 illi

319 1988 409 2017 non
430 1973 653 2017 haeserunt
674 1973 720 2016 in
742 1973 984 2032 muscipula
1000 2007 1012 2028 ,
1044 1981 1087 2017 et
1116 1972 1245 2017 occisi
1277 1981 1378 2016 sunt
1405 1990 1413 2015 :
1451 1970 1534 2014 illis
1558 1971 1707 2015 occisis

318 2042 561 2101 muscipula
584 2041 718 2086 fracta
739 2051 803 2086 est
818 2063 828 2099 3
843 2043 933 2102 jam
955 2058 1045 2086 non
1067 2042 1272 2086 remansit
1295 2040 1483 2086 dulcedo
1505 2041 1606 2085 vitae
1629 2041 1707 2085 hu·
1757 2054 1758 2075 1

315 2114 407 2172 jus,
441 2127 518 2171 per
535 2127 668 2172 quam
689 2112 853 2171 possint
874 2112 1032 2156 iterum
1051 2112 1162 2171 capi,
1193 2111 1268 2156 sed
1296 2111 1367 2155 illa
1395 2112 1582 2156 contrita
1605 2119 1668 2156 est
1694 2130 1704 2156 :
1756 2118 1758 2155 ἰ

319 2184 535 2244 numquid
551 2193 594 2228 et
616 2199 759 2243 passer
780 2183 992 2227 contritus
1009 2185 1107 2227 est?
1130 2182 1255 2227 Absit
1278 2201 1288 2228 :
1309 2183 1410 2243 quia
1434 2198 1522 2227 non
1545 2192 1636 2226 erat
1661 2183 1708 2227 in
1757 2218 1758 2240 ᾖ

320 2253 581 2314 muscipula,
601 2253 875 2313 «Muscipula
899 2254 1084 2298 contrita
1109 2263 1187 2308 est,
1214 2262 1256 2297 et
1273 2269 1351 2297 nos
1373 2254 1485 2296 eruti
1508 2268 1702 2297 sumus.»
1756 2312 1757 2316 Ἰ

378 2326 503 2368 XIII.
525 2324 726 2369 Clament
747 2340 849 2383 ergo
865 2359 875 2379 ,
895 2323 996 2384 quia
1020 2324 1132 2368 eruti
1154 2332 1272 2378 sunt,
1296 2322 1447 2367 volent
1468 2321 1523 2367 ad
1547 2326 1702 2378 Deum,

319 2394 593 2453 triumphent
613 2394 660 2437 in
687 2397 777 2439 Deo
794 2429 805 2450 ,
830 2394 931 2454 quia
959 2394 1070 2438 eruti
1093 2402 1192 2438 sunt
1219 2413 1228 2438 :
1254 2392 1462 2453 quoniam
1496 2392 1705 2437 Dominus

320 2472 412 2508 erat
432 2465 477 2507 in
499 2464 580 2519 eis,
606 2479 661 2507 ne
689 2480 711 2507 a
737 2463 977 2523 muscipula
1001 2472 1274 2523 caperentur.
1300 2466 1443 2516 Quare
1464 2462 1705 2522 muscipula

1755 2481 1757 2508 l

319 2533 507 2578 contrita
529 2542 618 2589 est,
641 2542 685 2578 et
706 2549 783 2579 nos
805 2534 916 2579 eruti
937 2536 1114 2578 sumus?
1136 2533 1210 2578 Vis
1239 2532 1347 2577 scire
1368 2534 1535 2592 quare?
1562 2551 1581 2574 «
1608 2530 1704 2576 Ad·-
1756 2532 1757 2537 ’

370 2623 378 2640 ¹
400 2616 480 2650 Psal.
501 2627 610 2658 cuni,
630 2628 660 2658 7.
