1815 3253
360 192 442 231 196
791 200 824 228 s.
861 199 1088 229 AUGUSTINI
1121 201 1300 229 EPISCOPI

357 278 401 312 et
422 265 760 327 qualescumque
781 264 915 309 malos
943 265 1053 310 iiiios
1082 266 1269 310 Abrahae
1289 274 1570 324 congregaret
1591 266 1636 308 in
1652 264 1732 309 do-

355 352 477 382 mum
490 351 612 380 suam
622 334 676 379 ad
690 336 822 379 vitam
841 344 1062 378 aeternam.
1084 334 1168 379 Sed
1181 334 1288 395 quid
1306 338 1327 378 J
1334 337 1524 378 oannes?
1546 353 1566 376 «
1587 336 1732 378 Gene-

360 426 380 449 »
417 406 546 460 ratio,
565 405 728 465 inquit,
750 405 993 464 viperarum
1015 406 1045 446 ¹.
1074 404 1294 456 »Quando
1313 404 1366 448 ad
1378 403 1503 447 illum
1520 411 1734 448 venerunt

336 478 439 538 ipsi
466 476 543 523 filii.
571 475 782 529 Abrahae,
819 483 870 518 ut
900 474 1222 534 baptizarentur
1244 474 1289 518 in
1306 490 1418 535 aqua
1439 474 1730 534 poenitentiae,
1782 509 1803 532 ,q

355 564 445 594 non
462 548 522 592 eis
542 545 650 591 dixit
668 581 678 601 ,
711 545 938 590 Generatio
960 545 1170 600 Abrahae,
1196 545 1271 589 sed
1290 580 1301 600 ‚
1323 545 1583 604 viperarum.
1612 543 1734 588 Tales

355 620 471 665 enim
494 627 616 663 erant
631 652 643 673 ,
669 616 817 677 quales
839 631 948 676 quos
969 615 1252 660 imitabantur
1271 635 1280 660 ;
1304 632 1394 660 non
1413 616 1491 660 filii
1511 615 1698 677 Abrahae
1717 649 1730 669 ,
1779 641 1782 655 ι

354 691 430 737 sed
450 689 526 734 fflii
556 687 796 732 Amorrhaei
814 721 825 742 ,
863 687 1099 732 Chananaei
1114 721 1126 742 ,
1165 687 1379 746 Gergesaei
1394 722 1405 741 ,
1442 686 1633 731 Jebusaei
1649 720 1660 737 ‚
1691 694 1735 730 et
1778 719 1781 727 ,

355 760 551 806 omnium
573 757 649 817 qui
672 756 953 801 offenderunt
971 759 1124 801 Deum.
1153 760 1350 816 Ipsorum
1367 756 1446 800 filii
1464 765 1608 812 erant,
1633 756 1736 816 quia

353 831 546 890 ipsorum
568 827 681 871 facta
708 825 1001 870 sectabantur.
1031 845 1052 868 «
1076 826 1306 871 Generatio
1332 826 1579 886 viperarum
1595 860 1606 881 ,
1637 825 1734 885 quis
1776 855 1779 877 ς

356 919 378 943 »
400 898 602 945 ostendit
630 897 753 942 vobis
773 895 925 955 fugere
949 912 973 940 a
993 905 1178 941 ventura
1205 897 1293 942 ira?
1316 896 1462 941 Facite
1483 911 1584 954 ergo
1612 895 1733 939 sruc-

356 991 375 1014 »
411 980 506 1014 tum
528 968 710 1026 dignum
731 966 1015 1026 poenitentiae.
1038 968 1095 1010 Et
1115 982 1170 1010 ne
1189 966 1393 1019 dixeritis,
1419 969 1589 1010 Patrem
1602 965 1736 1009 habe-

355 1061 376 1083 »
411 1054 508 1084 mus
529 1037 765 1083 Abraham.
794 1039 951 1080 Potens
973 1044 1035 1080 est
1052 1036 1167 1079 enim
1188 1039 1303 1080 Deus
1325 1035 1379 1079 de
1405 1035 1622 1095 lapidibus
1643 1035 1733 1080 istis
1773 1078 1775 1089 ,

354 1131 374 1154 »
410 1111 610 1155 suscitare
641 1106 751 1151 filios
780 1107 969 1150 Abrahae
993 1108 1026 1150 ².
1055 1125 1075 1148 »
1107 1107 1259 1152 Nescio
1289 1122 1398 1167 quos
1430 1105 1595 1166 lapides
1627 1116 1733 1151 tunc
1772 1095 1774 1132 Ξ

350 1181 526 1228 videbat
537 1180 585 1223 in
595 1178 756 1237 campis
771 1176 978 1232 saltuum,
994 1176 1112 1221 unde
1127 1177 1319 1221 suscitati
1330 1186 1430 1221 sunt
1441 1176 1728 1221 filiiAbrahae.
1771 1174 1773 1191 ²

352 1251 450 1297 Filii
471 1249 586 1294 enim
602 1247 737 1305 magis
750 1247 825 1306 qui
845 1245 975 1289 fidem
989 1246 1144 1290 imitati
1166 1255 1282 1301 sunt,
1299 1261 1428 1306 quam
1443 1247 1519 1306 qui
1535 1247 1589 1290 de
1604 1261 1732 1290 carne
1769 1251 1772 1280 ἰ
1794 1251 1797 1254 ’

352 1322 443 1368 nati
464 1328 580 1364 sunt.
613 1320 752 1363 Nemo
789 1331 890 1374 ergo
924 1316 1115 1360 minetur
1135 1315 1285 1360 domui
1306 1317 1404 1372 Dei,
1437 1317 1560 1376 quasi
1588 1317 1729 1372 dicat,

354 1390 573 1438 Subtraho
595 1403 683 1442 me,
699 1395 742 1430 et
759 1395 856 1430 ruet
874 1384 1043 1429 domus.
1064 1387 1235 1430 Bonum
1256 1394 1320 1429 est
1337 1386 1451 1429 enim
1473 1385 1536 1429 illi
1558 1395 1606 1429 ut
1620 1402 1734 1431 coae-
1766 1401 1770 1420 Ξ
1798 1378 1799 1381 ¹

353 1462 576 1514 dificetur,
601 1467 645 1500 et
660 1456 820 1500 habeat
837 1455 1107 1499 charitatem.
1132 1458 1240 1501 Nam
1262 1455 1295 1500 si
1311 1455 1402 1514 ipse
1424 1456 1580 1511 ruerit,
1601 1456 1733 1500 stabit
1766 1474 1768 1487 ν
1792 1480 1794 1488 ν

352 1532 524 1577 domus.
546 1531 699 1586 Itaque
719 1560 729 1581 ,
755 1524 907 1570 fratres
922 1559 933 1580 ,
953 1525 998 1568 in
1015 1525 1080 1569 his
1095 1534 1159 1569 est
1182 1526 1337 1570 domus
1360 1526 1465 1581 Dei,
1490 1541 1598 1585 quos
1620 1541 1733 1585 prae·
1765 1522 1767 1531 ’
1796 1525 1799 1529 ’

351 1598 584 1647 destinavit
604 1605 648 1640 et
668 1595 883 1655 praescivit
903 1604 1262 1654 perseveraturos.
1283 1599 1343 1639 Dc
1359 1595 1441 1640 illis
1460 1596 1625 1640 dictum
1648 1605 1728 1652 est,
1797 1645 1801 1651 ⁴

355 1691 377 1715 «
411 1670 497 1714 Ubi
528 1674 742 1711 steterunt
772 1664 900 1723 pedes
922 1665 1026 1724 ejus.
1054 1683 1073 1706 »
1102 1667 1213 1709 Sunt
1243 1665 1359 1708 enim
1381 1666 1566 1725 quinon
1587 1681 1732 1725 perse-
1799 1659 1801 1676 ¹

349 1747 527 1793 verant,
549 1751 629 1780 nec
650 1743 765 1779 stant
778 1733 908 1793 pedes
928 1735 1020 1793 ejus
1035 1735 1079 1777 in
1101 1734 1175 1778 eis.
1196 1737 1294 1779 Non
1315 1744 1416 1779 sunt
1432 1750 1534 1794 ergo
1557 1736 1636 1795 ipsi
1651 1739 1733 1781 Ec·
1760 1727 1763 1772 ἕ

350 1809 477 1856 clesia
503 1827 512 1852 ;
538 1821 627 1850 non
647 1805 728 1864 ipsi
748 1804 967 1863 pertinent
988 1803 1044 1847 ad
1070 1803 1181 1848 illud
1215 1805 1347 1850 modo
1369 1805 1696 1850 tabernaculum
1715 1841 1728 1863 ‚

352 1891 459 1926 tunc
481 1877 676 1922 domum.
705 1872 789 1919 Sed
819 1873 896 1917 ubi
927 1882 1140 1918 steterunt
1165 1873 1294 1933 pedes
1328 1876 1445 1934 ejus?
1471 1894 1491 1918 «
1516 1876 1732 1929 Quoniam
1757 1873 1760 1901 ἓ
1795 1882 1801 1905 ⁶¹

353 1970 374 1994 »
411 1946 651 1994 abundavit
671 1943 898 2004 iniquitas,
922 1943 1169 2001 refrigescet
1190 1944 1374 1988 charitas
1396 1944 1635 1989 multorum
1653 1947 1686 1989 3.
1706 1964 1727 1987 »

353 2025 407 2066 In
427 2020 492 2063 his
509 2019 555 2061 in
576 2016 734 2075 quibus
748 2014 930 2058 charitas
948 2013 1207 2072 refrigescit,
1228 2029 1317 2058 non
1341 2024 1456 2058 stant
1470 2015 1600 2074 pedes
1622 2017 1728 2075 ejus.

355 2089 440 2137 Sed
462 2087 570 2149 quid
604 2094 775 2130 secutus
798 2084 891 2127 est?
918 2102 938 2125 «
968 2084 1052 2136 Qui
1074 2092 1220 2127 autem
1241 2086 1573 2143 perseveraverit
1595 2101 1732 2146 usque
1753 2083 1756 2135 Ξ

296 2210 300 2213 ,
354 2179 377 2203 n
410 2161 455 2203 in
477 2159 636 2211 finem,
675 2156 746 2199 hic
777 2154 916 2199 salvus
949 2153 1070 2197 erit4.
1102 2156 1214 2197 Ecce
1247 2153 1293 2196 in
1323 2153 1483 2213 quibus
1519 2142 1755 2201 steterunt?

353 2229 485 2290 pedes
503 2228 624 2286 ejus:
648 2225 693 2268 in
715 2239 767 2269 eo
796 2223 894 2268 loco
927 2223 1085 2278 adora,
1119 2222 1166 2266 id
1191 2231 1255 2266 est
1272 2258 1283 2277 ,
1319 2222 1373 2267 de
1396 2223 1552 2269 talibus
1574 2234 1664 2271 esto
1685 2217 1753 2296 in,¹
1812 2220 1813 2244 ³

353 2299 513 2360 quibus
534 2306 596 2341 ste
602 2303 746 2340 terunt
762 2293 894 2353 pedes
912 2257 1099 2337 Domini.

412 2370 529 2413 XIV.
558 2367 600 2412 Si
623 2375 767 2410 autem
788 2363 873 2408 de
863 2379 953 2422 lpsa
964 2363 1095 2407 domo
1116 2362 1353 2421 intelligere
1369 2363 1580 2420 volueris,
1605 2384 1625 2407 «
1648 2351 1750 2433 Ubi
1798 2335 1815 2376 3,

357 2460 380 2484 >›
414 2445 626 2484 steterunt
637 2434 766 2495 pedes
781 2435 872 2493 ejus
891 2451 911 2475 »
928 2432 1114 2477 domus:
1129 2431 1260 2492 pedes
1275 2433 1338 2477 tui
1360 2434 1405 2477 in
1416 2434 1586 2479 Christo
1598 2444 1747 2481 stent.

379 2501 414 2547 ‘1
432 2520 545 2556 Matth.
565 2530 658 2561 111‚7.
678 2534 718 2542 —
739 2517 851 2551 ²1bid.
872 2517 950 2559 8‚9.
976 2533 1019 2541 --
1037 2515 1110 2550 ³121.
1130 2526 1219 2558 ων,
1240 2526 1291 2550 12.
1310 2532 1349 2543 -
1374 2515 1390 2542 Δ
1407 2517 1486 2551 und.
1507 2519 1555 2550 13.
