1815 3253
624 141 642 155 Φ

459 214 698 245 ENARRA‘no
731 218 775 246 IN
808 214 1010 246 PsALMtJM
1042 219 1166 245 CXLv.
1402 206 1487 248 493

103 297 184 325 nus
200 315 211 335 ,
244 296 332 325 non
364 281 410 324 in
431 280 562 325 vidua
585 283 839 327 numeraris.
865 284 1066 328 Amicum
1088 282 1221 326 habes
1243 301 1252 327 :
1276 283 1309 326 si
1332 281 1386 327 de
1414 284 1489 328 illo

102 352 424 411 praesumpseris
441 387 452 406 ‚
473 361 516 395 et
538 355 674 395 Deum
698 352 908 396 dimiseris
927 388 938 407 ,
960 369 1048 398 non
1070 369 1113 397 es
1136 353 1382 397 destitutus.
1405 357 1492 398 Ha-

100 422 176 466 bes
199 422 290 465 haec
312 421 456 466 omnia
471 456 483 476 ‚
519 437 606 466 non
628 421 728 466 inde
755 424 1006 482 praesumis,
1032 439 1121 467 non
1138 422 1241 466 inde
1255 424 1489 482 superbis?

102 491 300 551 Pupillus
318 491 394 535 Dei
414 507 473 546 es,
494 500 536 536 et
549 491 680 536 vidua
704 492 795 537 Dei.
810 493 998 552 Suscipit
1014 508 1116 551 ergo
1138 492 1385 550 destitutos,
1405 494 1490 538 hoc

101 562 208 606 dixit
230 582 238 606 ι
266 561 453 620 Suscipit
473 561 691 622 pupillum
707 597 718 617 ‚
738 563 916 623 suscipit
936 572 979 607 et
997 563 1189 608 viduam.

158 634 281 676 XIX.
318 651 338 674 «
363 634 420 676 Et
441 632 554 676 viam
586 642 863 692 peccatorum
897 634 1216 683 exterminabit.
1254 652 1274 674 »
1299 638 1405 687 Quae
1427 644 1494 679 est

99 703 164 747 via
181 706 490 762 peccatorum?
513 704 698 748 Irridere
719 706 794 749 ista
814 721 912 765 quae
931 706 1129 750 dicimus.
1152 706 1257 759 Quis
1279 705 1487 765 pupillus,

99 789 200 833 quae
221 773 383 817 vidua?
411 774 540 827 Quod
563 790 747 834 regnum
769 775 982 820 coelorum
1003 811 1014 831 ‚
1039 784 1082 820 et
1104 792 1203 836 quae
1224 792 1356 836 poena
1378 774 1492 820 infe-

100 846 278 888 rorum?
295 847 327 888 F
333 844 487 888 abellae
505 845 599 889 istae
620 846 966 890 Christianorum
980 855 1096 890 sunt.
1116 845 1185 890 Ad
1203 845 1324 906 quod
1345 846 1488 901 video,

101 914 156 958 ad
170 914 253 958 hoc
274 914 442 958 vivam:
469 934 489 956 «
511 915 827 960 Manducemus
850 925 892 960 et
907 916 1122 969 bibamus,
1148 932 1241 960 cras
1262 916 1378 960 enim
1401 931 1494 961 mo-

105 1003 124 1026 »
160 984 333 1028 riemur.
363 1003 383 1026 »
426 984 536 1029 Vide
558 1001 613 1030 ne
647 985 754 1030 tales
791 986 958 1047 aliquid
980 987 1269 1046 persuadeant
1287 1007 1298 1042 3
1338 1002 1393 1030 ne
1416 1002 1493 1046 per

101 1070 249 1098 aurem
281 1055 326 1098 in
355 1071 430 1100 cor
466 1056 631 1100 intrent
655 1076 664 1100 ;
691 1056 834 1116 spinas
859 1057 1084 1101 inveniant
1104 1057 1151 1100 in
1178 1056 1354 1100 auribus
1376 1056 1491 1114 tuis;

100 1125 378 1185 quicoeperit
398 1126 457 1169 sic
475 1126 661 1180 intrare,
686 1135 875 1184 punctus
896 1127 1115 1170 abscedat.
1148 1146 1168 1168 «
1193 1129 1495 1186 Corrumpunt

103 1215 124 1239 »
160 1196 274 1240 enim
296 1211 437 1240 mores
457 1196 594 1241 bonos
616 1195 835 1257 colloquia
857 1196 970 1240 mala
985 1200 1015 1240 ¹.
1031 1215 1050 1238 n
1066 1196 1150 1241 Sed
1173 1195 1285 1241 forte
1305 1197 1377 1241 hic
1398 1196 1493 1241 dic-

104 1276 225 1310 turus
247 1281 312 1320 es,
332 1268 475 1319 Quare
497 1281 597 1324 ergo
612 1265 758 1311 felices
780 1268 1038 1311 suntPEcce
1055 1282 1135 1310 nec
1158 1270 1299 1310 Deum
1322 1265 1491 1322 colunt,

100 1346 144 1380 et
165 1336 308 1381 omnia
328 1335 438 1380 mala
456 1335 653 1396 quotidie
674 1337 983 1394 committunt3
1008 1336 1237 1381 abundant
1259 1337 1388 1380 rebus
1409 1337 1491 1390 his,

102 1406 263 1467 quibus
291 1420 370 1463 ego
392 1421 520 1464 egens
547 1406 714 1451 laboro.
740 1405 839 1451 Noli
859 1406 988 1450 zelari
1010 1407 1054 1450 in
1085 1416 1349 1466 peccatores.
1376 1405 1495 1459 Quid

102 1476 330 1535 accipiant,
347 1475 467 1520 vides
491 1477 623 1536 :quid
644 1476 726 1521 illis
748 1486 941 1521 servetur
962 1512 974 1532 ‚
999 1493 1088 1521 non
1110 1478 1262 1521 vides?
1280 1480 1336 1521 Et
1357 1476 1491 1531 unde,

102 1547 246 1608 inquit
261 1582 272 1602 ‚
295 1546 423 1592 video
440 1583 450 1603 ‚
477 1547 598 1608 quod
623 1563 713 1592 non
735 1547 944 1591 videtur?
976 1548 1166 1592 Omnino
1188 1548 1322 1592 habet
1345 1546 1496 1592 oculos

103 1619 240 1676 fides3
276 1627 319 1661 et
350 1620 532 1679 majores
554 1618 704 1663 oeulos
720 1654 731 1674 ‚
757 1628 800 1663 et
822 1619 1087 1678 potentiores
1111 1627 1154 1662 et
1182 1618 1397 1662 fortiores.
1440 1617 1497 1662 Hi

104 1688 221 1733 oculi
255 1689 476 1733 neminem
503 1689 772 1749 deceperunt
788 1724 799 1744 ,
830 1688 876 1733 hi
904 1688 1019 1733 oculi
1041 1689 1127 1732 s'int
1148 1703 1317 1748 semper
1339 1689 1384 1731 in
1406 1691 1496 1732 Do-

104 1760 274 1804 minum
292 1796 303 1816 ‚
329 1769 379 1805 ut
402 1769 445 1804 et
466 1760 556 1819 ipse
573 1759 730 1804 evellat
752 1759 807 1803 de
828 1759 892 1802 his
909 1758 1074 1819 laqueis
1097 1759 1228 1818 pedes
1251 1768 1348 1803 tuos
1363 1762 1395 1802 2.
1417 1759 1498 1803 Via

105 1841 383 1890 peccatorum
416 1830 559 1889 placet
581 1830 661 1874 tibi
677 1866 688 1884 .,
713 1830 815 1890 quia
835 1829 922 1873 lata
953 1839 1015 1874 est
1031 1865 1042 1883 ‚
1068 1839 1112 1873 et
1134 1828 1262 1873 multi
1280 1845 1357 1889 per
1378 1828 1498 1873 illam

105 1901 335 1945 ambulant
359 1921 367 1945 :
392 1900 669 1945 latitudinem
695 1902 788 1960 ejus
818 1900 958 1956 vides,
984 1901 1117 1943 finem
1137 1901 1227 1960 ejus
1248 1915 1338 1944 non
1359 1900 1494 1944 vides.

106 1974 219 2016 Ecce
241 1971 318 2015 ubi
340 1971 491 2014 finitur
507 2005 517 2025 ,
542 1970 832 2029 praecipitium
855 1979 946 2027 est3
969 1969 1048 2014 ubi
1069 1970 1244 2023 finitur,
1269 1968 1500 2028 profundi-

107 2050 169 2085 tas
201 2041 404 2101 quaedam
438 2040 631 2084 barathri
666 2049 729 2084 est
754 2059 762 2084 ε
792 2039 1017 2095 laetantes,
1058 2041 1323 2100 expatiantes
1353 2040 1399 2083 in
1420 2040 1500 2083 ista

106 2111 172 2155 via
195 2147 205 2165 ‚
226 2110 301 2155 illo
320 2112 406 2154 fine
423 2119 694 2168 merguntur.
724 2109 809 2154 Sed
828 2109 1064 2154 extendere
1081 2110 1230 2155 oculos
1247 2125 1336 2154 non
1357 2118 1496 2168 potes,

108 2190 157 2225 ut
177 2180 323 2225 videas
344 2180 487 2239 ipsum
509 2180 642 2224 finem
664 2198 673 2224 :
695 2178 824 2224 crede
845 2179 883 2222 ei
901 2181 976 2239 qui
994 2179 1127 2224 videt.
1149 2184 1207 2224 Et
1228 2180 1324 2240 quis
1347 2189 1411 2223 est
1424 2179 1502 2223 ho-

108 2267 180 2296 mo
202 2252 278 2311 qui
299 2252 448 2295 videt?
481 2254 612 2294 Forte
633 2266 763 2296 nemo
784 2251 917 2295 homo
945 2270 952 2295 :
977 2250 1053 2295 sed
1077 2253 1287 2296 Dominus
1321 2259 1423 2294 tuus
1446 2250 1501 2294 ad

107 2331 151 2367 te
174 2323 291 2366 venit
310 2357 320 2376 ,
350 2332 401 2366 ut
423 2321 619 2365 crederes
642 2324 746 2365 Deo.
772 2323 888 2365 Num
904 2322 1016 2364 enim
1043 2330 1086 2364 et
1108 2322 1294 2365 Domino
1319 2324 1408 2364 Deo
1423 2329 1501 2364 tuo

110 2409 199 2437 non
228 2408 271 2436 es
306 2391 579 2443 crediturus,
617 2391 692 2451 qui
725 2390 815 2444 ain·
857 2410 877 2433 «
903 2394 1009 2434 Lata
1042 2400 1085 2434 et
1115 2391 1299 2450 spatiosa
1322 2400 1384 2434 est
1406 2391 1497 2445 via,

113 2484 133 2506 ³)
170 2480 269 2524 quae
286 2463 408 2508 ducit
422 2463 476 2507 ad
498 2463 724 2508 interitum
739 2497 749 2517 ‚
775 2471 817 2506 et
831 2462 959 2507 multi
976 2471 1078 2506 sunt
1099 2462 1175 2522 qui
1197 2461 1502 2520 ‚ingrediuntur

159 2555 166 2571 ¹
194 2560 204 2579 1
235 2550 308 2580 Cor.
330 2558 385 2589 xv,
399 2548 453 2588 32,
473 2546 526 2578 33.
545 2562 586 2569 —
607 2553 619 2569 2
640 2547 719 2578 Psal.
740 2557 826 2587 xxiv,
849 2545 900 2577 15.
