1815 3253
318 212 402 251 472
748 219 782 248 s.
818 220 1048 248 Aveus'rmr
1078 220 1260 248 Emscom

315 295 456 331 vester
475 285 667 331 vindicet
696 284 778 328 sibi
814 284 1123 344 possessionem
1153 298 1273 328 suam
1292 317 1303 338 ,
1333 282 1379 327 id
1406 292 1494 338 est,
1530 291 1694 327 mentes
1732 277 1735 280 ’
1760 270 1762 295 ³

315 367 492 412 vestras,
508 372 564 400 ne
582 348 831 401 avertantur
845 356 891 399 in
907 354 1041 399 aliud.
1059 355 1363 414 Unusquisque
1376 363 1565 398 vestrum
1579 363 1695 398 totus
1760 343 1761 346 ¹

315 429 385 473 hic
407 429 459 472 sit
476 437 526 472 ut
540 427 609 471 hie
626 441 715 471 non
743 427 796 471 sit
814 445 824 471 ;
846 425 890 470 id
912 434 999 481 est,
1031 433 1148 470 totus
1163 425 1216 469 sit
1236 425 1282 468 in
1297 424 1430 469 verbo
1447 425 1547 480 Dei,
1575 423 1696 484 quod
1762 416 1763 420 ¹

314 508 438 544 sonat
459 499 506 543 in
527 507 639 542 terra
654 532 665 553 ,
691 507 740 542 ut
751 498 806 542 ab
824 513 876 542 eo
894 496 1105 541 exaltetur
1118 530 1130 552 ‚
1145 504 1190 540 et
1208 511 1298 540 non
1315 495 1368 539 sit
1380 494 1426 538 in
1443 504 1571 539 terra.
1590 494 1696 540 Ideo
1762 497 1763 547 J

314 570 430 614 enim
459 572 572 615 Deus
597 568 847 623 nobiscum,
884 577 935 612 ut
966 576 1010 612 et
1043 582 1121 612 nos
1157 582 1259 611 cum
1280 566 1370 610 illo.
1397 565 1482 619 Qui
1509 566 1625 609 enim
1647 574 1698 609 ut

311 641 542 686 nobiscum
564 649 695 695 esset,
726 638 949 684 descendit
971 637 1027 683 ad
1047 653 1149 693 nos,
1176 636 1280 682 facit
1299 672 1310 692 ,
1335 646 1386 681 ut
1412 652 1512 680 eum
1540 635 1616 680 illo
1638 636 1696 679 si-

311 727 423 766 muS‚
445 709 676 755 ascendere
698 709 753 754 ad
778 726 836 755 se.
863 709 1043 754 Interim
1063 709 1155 768 ipse
1189 708 1577 768 peregrinationem
1594 723 1697 751 nos-

312 791 424 825 tram
458 796 548 826 non
581 779 811 838 fastidivit3
847 780 950 840 quia
977 794 1196 840 nusquam
1217 787 1281 823 est
1318 778 1598 838 peregrinUS,
1623 779 1699 839 qui

311 852 509 896 condidit
531 851 690 896 omnia.

373 925 431 966 ΙΙ.
449 925 563 967 Eece
579 920 773 966 Psalmus
786 930 911 965 sonat
931 939 941 966 :
961 919 1187 981 cujusdam
1203 936 1288 965 vox
1303 929 1387 976 est,
1413 936 1512 981 quae
1524 920 1558 964 si
1569 918 1700 964 vultis

312 1002 455 1037 vestra
468 1002 546 1047 est,
563 992 830 1036 exhortantis
849 991 1038 1035 animam
1052 1006 1176 1035 suam
1189 991 1245 1035 ad
1256 990 1526 1034 laudandum
1542 993 1696 1045 Deum,

313 1073 356 1108 et
369 1063 551 1108 dicentis
563 1063 660 1118 sibi,
671 1061 856 1118 «Lauda,
870 1062 1012 1107 anima
1026 1077 1137 1117 mea,
1149 1062 1397 1106 Dominum¹
1407 1096 1415 1104 .
1425 1059 1700 1120 »Aliquando

314 1136 431 1178 enim
453 1134 499 1177 in
528 1132 886 1177 tribulationibus
908 1141 1040 1192 atque
1065 1133 1111 1175 in
1132 1132 1447 1176 tentationibus
1477 1131 1700 1190 praesentis

313 1205 437 1257 vitae,
462 1203 568 1248 velis
585 1203 694 1248 nolis
709 1238 719 1255 ,
744 1203 1032 1247 conturbatur
1060 1203 1203 1245 anima
1224 1222 1232 1245 ε
1259 1203 1381 1261 eujus
1402 1201 1700 1260 perturbatio—

312 1289 415 1318 nem
436 1273 482 1317 in
499 1273 584 1317 alio
600 1271 770 1317 Psalmo
793 1272 1049 1332 alloquitur,
1075 1271 1244 1326 dicens,
1271 1291 1291 1314 «
1313 1274 1457 1324 Quare
1478 1271 1610 1315 tristis
1632 1286 1698 1326 es,

316 1362 336 1385 »
373 1344 512 1387 anima
538 1359 632 1387 mea
649 1378 659 1398 ,
681 1351 724 1386 et
746 1357 881 1402 quare
898 1341 1134 1386 conturbas
1156 1342 1258 1385 me?
1277 1359 1297 1382 »
1326 1343 1382 1386 Ut
1413 1349 1558 1384 autem
1579 1339 1712 1384 aufe-.

312 1424 377 1459 rat
392 1416 430 1458 ei
441 1414 640 1458 eamdem
656 1414 1046 1473 perturbationem,
1067 1412 1259 1471 suggerit
1275 1410 1480 1469 gaudium
1502 1410 1702 1455 nondum

316 1485 371 1529 de
394 1500 460 1539 re,
486 1483 561 1529 sed
583 1483 637 1527 de
659 1499 734 1543 spe
753 1518 764 1539 ‚
787 1492 831 1527 et
848 1483 907 1527 ait
923 1481 985 1526 illi
1006 1482 1268 1541 perturbatae
1286 1491 1330 1525 et
1351 1481 1507 1535 anxiae,
1534 1480 1642 1524 tristi
1659 1489 1703 1526 et

316 1555 543 1609 moerenti,
570 1574 590 1597 «
618 1557 749 1614 Spera
770 1554 815 1598 in
830 1553 1063 1598 Dominum
1080 1587 1091 1608 ,
1116 1553 1325 1612 quoniam
1347 1552 1490 1595 adhuc
1520 1551 1701 1595 eonfite-

314 1643 337 1667 ,n
374 1626 454 1670 hor
489 1624 592 1669 illi2.
620 1642 639 1666 »
677 1627 806 1683 Spem
828 1640 914 1684 qua
942 1638 986 1667 se
1008 1623 1161 1678 erexit,
1188 1623 1233 1666 in
1254 1621 1522 1667 confessione
1541 1622 1703 1666 eonsti-

316 1698 402 1740 ‘tuit
421 1731 432 1751 ,
450 1696 572 1756 quasi
595 1694 758 1739 diceret
779 1695 817 1738 ei
834 1695 978 1738 anima
1001 1709 1077 1738 sua
1094 1729 1104 1748 ,
1128 1710 1227 1754 quae
1251 1693 1376 1737 illum
1404 1694 1572 1737 tristitia
1593 1708 1702 1737 eon-

316 1767 547 1821 turbabat,
573 1766 689 1818 Quid
712 1765 818 1808 mihi
840 1765 946 1809 dieis
965 1800 976 1820 ,
1003 1780 1126 1824 spera
1147 1765 1192 1808 in
1216 1765 1477 1809 Dominum?
1511 1768 1702 1809 Revoeat

317 1853 386 1881 me
409 1836 670 1881 conscientia
692 1844 971 1895 peecatorum
996 1854 1004 1878 ε
1031 1850 1132 1893 ergo
1153 1835 1253 1879 novi
1283 1851 1382 1894 quae
1412 1834 1632 1889 commisi-,
1659 1843 1702 1878 et

318 1907 447 1961 (licis,
471 1908 603 1964 Spera
627 1905 671 1948 in
695 1905 943 1949 Dominum.
971 1904 1234 1949 Commisisti
1255 1939 1266 1953 ,
1297 1920 1448 1948 verum
1473 1913 1549 1947 est.
1578 1904 1702 1948 Unde

322 1988 464 2021 tamen
482 1992 626 2035 speras
640 1978 658 2020 P
672 1996 694 2017 ι(
718 1976 934 2028 Quoniam
949 1976 1190 2020 confitebor
1202 1975 1279 2019 illi.
1304 1994 1322 2016 n
1348 1977 1466 2020 Sicut
1481 1975 1574 2018 odit
1590 1978 1702 2018 Deus

319 2057 493 2107 peccata
517 2063 592 2091 sua
615 2044 947 2101 defendentem,
973 2046 1033 2090 sie
1071 2044 1270 2089 sublevat
1292 2046 1587 2088 confitentem.
1612 2047 1701 2088 Hae

318 2134 419 2174 ergo
438 2133 512 2177 spe
534 2126 735 2175 accepta,
762 2132 859 2176 quae
881 2131 975 2174 spes
998 2131 1086 2159 non
1112 2124 1251 2173 potest
1278 2129 1366 2158 esse
1401 2115 1491 2157 sine
1515 2114 1700 2172 gaudi03

316 2187 514 2245 quamvis
527 2188 572 2230 in
589 2187 715 2229 rebus
730 2186 861 2228 simus
874 2184 1124 2228 difficilibus
1143 2183 1384 2227 seeundum
1403 2185 1526 2227 istam
1548 2184 1697 2239 vitam,

315 2267 358 2300 et
396 2246 529 2315 plenis
567 2254 858 2315 procellarum
889 2264 932 2298 et
963 2263 1269 2313 tempestatum
1297 2273 1305 2298 ;
1336 2255 1418 2298 hae
1445 2264 1591 2298 tamen
1625 2269 1700 2313 spe

315 2337 454 2369 erecta
477 2326 641 2380 anima,
667 2326 767 2385 quia
788 2324 948 2384 gaudet
968 2325 1010 2369 in
1035 2340 1108 2384 spe
1124 2360 1134 2379 ,
1172 2325 1281 2368 sicut
1307 2324 1412 2368 (licit
1433 2323 1665 2384 Apostolus
1683 2360 1695 2380 ‚

316 2415 336 2438 «
364 2400 446 2455 Spe
475 2395 738 2454 gaudentes,
778 2395 822 2439 in
855 2394 1138 2440 tribulatione
1173 2395 1406 2454 patientes³
1432 2429 1442 2449 ,
1479 2413 1497 2435 »
1530 2394 1698 2453 aceepit

362 2499 368 2514 ¹
392 2492 696 2530 Ps:1t.cz=2v‚·›..—-
717 2499 729 2514 ²
747 2492 793 2523 hl.
823 2502 896 2531 xm,
916 2491 946 2523 5.
968 2507 1010 2514 w·-
1034 2488 1046 2512 3
1065 2493 1156 2523 Rom.
1176 2501 1235 2530 xn,
1256 2499 1305 2521 τ’).
