1815 3253
367 258 450 295 106
796 264 830 294 s.
867 262 1097 296 mensum
1128 267 1310 296 Emscom

364 331 559 377 cundum
595 341 810 392 praecepta
835 332 943 388 Dei,
975 332 1019 376 in
1051 340 1306 392 contemptu
1339 330 1666 391 temporalium,
1695 332 1739 376 in
1778 296 1788 382 l

364 404 572 448 charitate
595 412 874 447 aeternorum.
900 403 983 448 Sed
1009 418 1142 463 quare
1174 404 1222 447 sit
1248 401 1444 447 additum
1462 437 1472 457 ,
1497 421 1518 444 «
1546 401 1741 446 Salomo-
1777 383 1782 450 l

365 492 386 516 »
423 473 509 529 nis,
536 492 557 515 »
583 483 798 534 quantum
813 473 1085 533 inspiraverit
1106 474 1313 518 Dominus
1333 508 1344 528 ,
1368 472 1510 517 dicam
1531 472 1740 517 Charitati

363 547 543 593 Vestrae.

422 618 480 659 ΙΙ.
509 613 714 660 Salomon
736 623 828 659 erat
844 623 1042 674 tempore
1053 629 1131 659 suo
1147 613 1260 658 filius
1283 612 1436 668 David,
1452 627 1636 671 magnus
1647 611 1737 669 ille,

363 701 441 744 per
458 700 588 745 quem
607 684 743 729 multa
761 694 906 729 sancta
924 693 1139 744 praecepta
1157 693 1200 728 et
1221 683 1408 728 salubria
1430 683 1594 727 monita
1616 692 1661 726 et
1679 681 1741 726 di-

363 755 464 800 vina
484 764 748 799 sacramenta
767 755 948 814 Spiritus
965 763 1137 799 sanctus
1155 756 1200 798 in
1222 754 1377 798 divinis
1395 753 1567 797 Litteris
1589 767 1742 812 opera·
1781 755 1788 758 ⁷

363 835 433 870 tus
455 836 534 870 est.
562 829 671 871 Nam
692 826 782 885 ipse
807 824 1012 870 Salomon
1031 824 1263 869 mulierum
1281 833 1447 868 amator
1467 823 1552 868 fuit
1571 858 1582 876 ,
1606 832 1649 867 et
1671 838 1740 867 re-

362 895 569 955 probatus
591 905 654 939 est
676 912 698 940 a
721 899 811 940 Deo
835 915 844 941 ;
868 904 912 940 et
941 911 1079 956 usque
1110 894 1219 939 adeo
1248 893 1428 954 laqueus
1462 892 1524 936 illi
1561 892 1648 937 fuit
1668 892 1741 938 illa

362 964 576 1024 cupiditas
591 1000 602 1021 ,
645 975 691 1009 ut
711 982 733 1009 a
757 965 1012 1010 mulieribus
1046 966 1174 1009 etiam
1197 964 1322 1009 idolis
1351 963 1589 1009 sacrificare
1610 978 1740 1022 eoge-
1769 1015 1773 1034 ι

361 1045 497 1091 retur,
514 1036 623 1079 sieut
637 1035 690 1079 de
707 1035 782 1080 illo
799 1036 1019 1096 Scriptura
1032 1037 1150 1080 testis
1168 1038 1265 1080 est1.
1288 1034 1372 1080 Sed
1384 1035 1433 1089 si,
1454 1033 1528 1077 illo
1540 1033 1736 1090 cadente,
1769 1035 1772 1099 Ι

361 1123 460 1166 quae
482 1122 559 1166 per
594 1105 718 1150 illum
741 1105 856 1151 dicta
878 1116 1005 1161 sunt,
1036 1106 1286 1150 delerentur
1312 1125 1320 1150 :
1349 1104 1619 1166 judicaretur
1639 1106 1740 1165 quia

360 1178 451 1238 ipse
480 1178 671 1232 dixerat,
708 1193 795 1222 non
823 1193 900 1237 per
931 1177 1055 1222 illum
1087 1177 1202 1222 dicta
1235 1186 1372 1221 erant.
1410 1178 1584 1236 Optime
1609 1177 1740 1235 igitur

361 1248 489 1292 etiam
512 1249 595 1292 hoc
617 1248 701 1305 egit
722 1248 1012 1292 misericordia
1034 1248 1111 1292 Dei
1143 1258 1186 1293 et
1201 1248 1381 1307 Spiritus
1409 1248 1521 1307 ejus,
1547 1257 1598 1292 ut
1618 1247 1739 1308 quid·
1813 1265 1815 1277 ⁴

360 1318 466 1377 quid
491 1318 594 1362 boni
615 1333 692 1377 per
716 1317 991 1362 Salomonem
1018 1317 1185 1362 dictum
1208 1327 1271 1362 est
1291 1354 1302 1372 ,
1327 1321 1416 1362 Deo
1440 1318 1702 1362 tribueretur
1725 1337 1734 1362 :
1765 1368 1767 1377 Ι

358 1398 586 1448 peceatum
620 1397 764 1432 autem
795 1389 982 1433 hominis
1014 1389 1196 1433 homini.
1233 1388 1349 1442 Quid
1379 1390 1539 1433 mirum
1571 1389 1672 1449 quia
1693 1389 1738 1434 in

357 1458 524 1519 populo
557 1461 631 1504 Dei
666 1459 822 1504 cecidit
857 1458 1092 1504 Salomon?
1124 1463 1175 1504 In
1220 1459 1417 1520 paradiso
1464 1475 1553 1504 non
1584 1459 1739 1505 cecidit
1811 1478 1813 1487 ⁴

359 1528 497 1573 Adam
512 1531 530 1574 P
547 1532 644 1574 Non
659 1529 816 1573 cecidit
838 1529 892 1574 de
913 1530 1028 1575 coelo
1055 1529 1257 1589 angelus,
1297 1539 1340 1574 et
1367 1529 1564 1575 diabolus
1602 1529 1738 1575 factus
1810 1536 1815 1558 ²

359 1601 453 1644 est?
475 1599 579 1644 Ideo
600 1599 808 1644 docemur
829 1601 874 1644 in
906 1600 1029 1644 nullo
1051 1600 1281 1645 hominum
1314 1616 1433 1660 spem
1463 1616 1553 1645 esse
1576 1615 1739 1660 ponen-

358 1669 459 1714 dam
481 1689 489 1715 :
505 1672 606 1730 quia
620 1679 663 1714 et
675 1671 754 1715 iste
769 1670 972 1715 Salomon
985 1670 1273 1715 aedificaverat
1289 1670 1501 1730 templum
1513 1671 1734 1726 Domino²,

356 1740 402 1784 in
422 1749 526 1800 typo
547 1741 723 1801 quidem
747 1750 789 1785 et
810 1741 856 1784 in
892 1742 1027 1799 figura
1057 1739 1220 1785 futurae
1245 1741 1448 1786 Ecclesiae
1482 1751 1525 1785 et
1547 1742 1736 1801 eorporis

357 1811 531 1855 Domini
553 1830 561 1855 :
580 1811 698 1854 unde
711 1810 816 1855 dicit
838 1811 882 1854 in
905 1811 1142 1870 Evangelio
1160 1846 1171 1866 ,
1191 1811 1388 1855 «Solvite
1405 1811 1618 1870 templum
1634 1812 1732 1867 hoc,

360 1899 381 1921 »
402 1890 445 1924 et
463 1881 507 1924 in
528 1881 673 1925 triduo
689 1881 885 1926 excitabo
899 1880 1008 1925 illud
1024 1883 1086 1925 3.»
1099 1882 1210 1934 Quia
1227 1896 1329 1939 ergo
1346 1881 1434 1940 ipse
1448 1881 1735 1927 aedificaverat

356 1950 465 1994 illud
489 1950 725 2011 templum,
753 1951 982 1995 aedificavit
1003 1951 1083 1995 sibi
1114 1950 1325 2010 templum
1342 1985 1352 2005 ‚
1375 1965 1501 1994 verus
1532 1951 1735 1996 Salomon

357 2022 567 2064 Dominus
588 2029 732 2064 noster
758 2023 882 2064 Jesus
911 2021 1132 2076 Christus,
1163 2035 1289 2064 verus
1317 2020 1535 2079 pacificus.
1566 2022 1734 2065 Nomen

356 2091 471 2134 enim
505 2091 743 2136 Salomonis
775 2092 1084 2150 interpretatur
1122 2091 1326 2150 pacificus
1354 2109 1363 2134 ε
1396 2098 1459 2134 est
1495 2099 1642 2134 autem
1663 2090 1734 2136 ille

355 2176 482 2205 verus
504 2161 707 2220 pacificus
722 2196 733 2215 ,
757 2160 812 2205 de
833 2176 921 2221 quo
944 2159 1048 2204 dicit
1069 2160 1299 2220 Apostolus
1316 2195 1327 2215 ,
1363 2179 1383 2202 «
1418 2162 1514 2220 Ipse
1536 2169 1600 2205 est
1619 2161 1732 2205 enim
1751 2159 1755 2212 Ι
1775 2163 1778 2197 ἶ
1798 2163 1808 2197 [ἱ

358 2249 379 2272 »
413 2246 496 2290 pax
518 2241 662 2276 nostra
684 2266 694 2286 ,
719 2232 795 2291 qui
819 2230 921 2276 fecit
937 2240 1122 2291 utraque
1149 2246 1287 2275 unum
1303 2232 1333 2274 ⁴.
1363 2248 1384 2271 >v
1407 2234 1502 2290 Ipse
1524 2240 1588 2275 est
1608 2214 1754 2276 verusl
1799 2243 1815 2268 '⁴

355 2302 575 2361 pacificus,
599 2303 673 2361 qui
699 2300 807 2346 duos
829 2302 1025 2361 parietes,
1047 2301 1214 2346 diverso
1234 2301 1454 2345 venientes
1476 2301 1521 2345 in
1543 2315 1587 2344 se
1603 2315 1732 2360 copu-
1811 2298 1815 2338 l

353 2370 458 2415 lavit
477 2406 488 2427 ,
510 2373 669 2431 quibus
692 2371 831 2416 factus
862 2380 924 2415 est
946 2371 1052 2430 lapis
1075 2370 1289 2429 angularis
1305 2405 1316 2425 ,
1349 2371 1539 2415 venienti
1568 2371 1730 2430 populo

313 2481 318 2486 .
352 2456 405 2484 ex
426 2442 749 2486 circumcisione
770 2440 1038 2485 credentium
1056 2475 1067 2495 ,
1092 2450 1135 2484 et
1150 2440 1340 2485 venienti
1361 2440 1526 2499 populo
1548 2455 1598 2483 ex
1620 2454 1730 2500 prae-

351 2511 476 2571 putio
493 2512 698 2556 Gentium
717 2521 760 2556 et
772 2512 963 2571 ipsorum
984 2509 1255 2555 credentium
1277 2529 1288 2567 3
1310 2509 1411 2555 fecit
1427 2525 1558 2554 unam
1581 2509 1727 2556 Eccle-

401 2603 410 2619 ¹
432 2596 451 2628 3
472 2598 549 2637 Reg.
566 2606 613 2638 ιι,
637 2607 665 2628 1.
685 2611 727 2618 ——
742 2601 757 2618 ²
778 2596 827 2628 Id.
845 2606 888 2636 vi,
917 2605 946 2628 1.
965 2611 1007 2618 -—
1027 2593 1041 2618 3
1057 2597 1148 2627 Joan.
1171 2605 1205 2637 u,
1230 2605 1280 2638 ¹9-
1302 2611 1344 2617 —
1364 2590 1380 2620 ⁴
1395 2594 1511 2637 Ephes.
1529 2606 1565 2637 n,
1589 2593 1641 2637 14.

1782 1205 1786 1212 ι

1783 1421 1787 1428 ·
1811 1418 1814 1422 .
