1815 3253
337 193 418 233 488
681 182 688 185 ’
782 203 815 232 s.
851 205 1080 233 AUGUSTINI
1111 206 1291 234 131³1scoP1

339 270 453 313 enim
486 268 541 313 ad
563 277 606 312 te
637 268 833 328 procedit
854 284 938 314 vox
959 269 1189 329 apostolica
1207 305 1218 326 ,
1245 280 1289 314 et
1311 268 1417 314 dicit
1435 270 1515 314 tibi
1543 290 1550 316 :
1575 289 1595 313 «
1618 273 1713 315 Jam
1747 290 1750 294 ·

341 359 362 381 »
398 339 576 399 quidem
604 340 782 383 omnino
816 339 1024 383 delictum
1045 349 1129 395 est,
1151 341 1252 399 quia
1268 339 1428 400 judicia
1449 342 1618 385 habetis
1638 357 1716 386 vo-

343 429 363 451 »
398 409 583 453 biscum.
611 412 754 462 Quare
771 425 859 453 non
879 410 1011 467 magis
1034 409 1235 469 injuriam
1252 409 1504 470 patimini2?
1523 428 1543 452 »
1568 411 1716 455 Corri-

336 481 400 539 pit
416 480 634 533 homines,
651 479 752 538 quia
775 495 864 523 non
881 479 1107 538 patiuntur
1128 479 1453 539 injuriam.Non
1474 489 1524 523 ut
1544 480 1718 539 patiaris

335 549 575 594 molestiam
590 559 632 593 tc
653 550 870 605 hortatur,
887 549 962 594 sed
979 559 1030 593 ut
1051 550 1224 609 patiaris
1245 550 1445 610 injuriam
1467 569 1477 595 ε
1497 565 1586 594 non
1601 550 1719 594 enim

336 621 475 665 omnis
496 620 690 665 molestia
712 620 870 680 injuria
904 629 982 664 est.
1014 619 1240 680 Quidquid
1269 621 1383 664 enim
1408 622 1507 681 jure
1535 621 1715 680 pateris,

337 706 427 734 non
456 700 520 734 est
548 691 718 750 injuria.
745 693 807 736 Ne
830 689 941 734 forte
963 689 1126 734 diceres
1153 710 1162 735 :
1203 693 1260 734 Et
1281 706 1362 749 ego
1383 691 1496 734 inter
1515 691 1720 751 injuriam

336 776 481 820 passos
518 776 754 817 numeror,
795 776 897 804 nam
932 760 1043 804 illud
1076 761 1123 804 in
1143 759 1218 805 illo
1239 760 1362 816 loco,
1398 770 1441 805 et
1460 760 1570 805 illud
1592 777 1721 805 causa
1756 779 1763 786 ·

336 832 409 876 illa
432 847 580 892 passus
602 848 713 876 sum.
727 831 838 876 Vide
857 832 891 876 si
907 832 1107 892 injuriam
1120 847 1269 891 passus
1286 847 1344 877 es.
1357 835 1565 876 Latrones
1581 832 1721 877 multa

336 902 562 962 patiuntur
577 938 588 957 ,
626 902 701 946 sed
730 918 820 947 non
842 902 1061 962 injuriam.
1085 901 1315 958 Scelerati,
1336 901 1543 957 malefici,
1569 902 1722 946 effrac-

338 984 450 1017 tores
464 1008 475 1027 ,
521 972 734 1027 adulteri,
777 982 1051 1031 corruptores
1071 1007 1083 1027 ,
1124 987 1272 1017 omnes
1316 973 1542 1032 patiuntur
1583 971 1723 1016 multa

336 1042 447 1087 mala
463 1078 473 1097 ,
501 1043 575 1087 sed
593 1042 711 1087 nulla
736 1052 799 1087 est
820 1043 992 1102 injuria.
1014 1042 1146 1086 Aliud
1168 1052 1231 1086 est
1250 1043 1339 1102 pati
1360 1043 1577 1102 injuriam,
1604 1041 1722 1086 aliud

335 1115 423 1173 pati
447 1114 775 1158 tribulationem
794 1149 803 1169 ,
825 1124 900 1158 aut
922 1129 1115 1173 poenam,
1138 1124 1213 1158 aut
1234 1113 1476 1158 molestiam
1493 1149 1503 1168 ,
1524 1123 1598 1157 aut
1616 1129 1722 1172 sup-

336 1184 532 1242 plicium.
559 1184 794 1227 Considera
816 1183 892 1227 ubi
919 1184 993 1238 sis,
1030 1183 1138 1243 quid
1170 1184 1304 1241 egeris
1335 1183 1460 1237 vide,
1486 1199 1620 1243 quare
1641 1199 1723 1242 pa-

338 1254 452 1298 tiaris
470 1253 585 1303 vide,
606 1263 649 1296 et
664 1254 723 1296 ibi
741 1253 860 1297 vides
883 1254 989 1312 quid
1012 1254 1235 1313 patiaris]
1241 1269 1288 1297 us
1308 1263 1351 1297 et
1371 1253 1530 1313 injuria
1545 1263 1722 1298 contra-

335 1325 396 1367 ria
420 1332 535 1367 sunt.
551 1326 575 1367 J
582 1339 628 1367 us
646 1324 760 1366 enirn
784 1332 847 1367 est
868 1324 989 1383 quod
1008 1324 1174 1383 justum
1190 1332 1267 1367 est.
1292 1325 1444 1383 Neque
1461 1324 1577 1367 enim
1594 1339 1723 1368 omne

335 1394 454 1455 quod
473 1396 543 1454 jus
566 1395 724 1438 dicitur
742 1429 753 1448 ,
779 1396 850 1454 jus
876 1404 954 1438 est.
981 1394 1096 1448 Quid
1125 1394 1158 1439 si
1182 1394 1336 1455 aliquis
1358 1394 1517 1439 condat
1541 1396 1613 1454 jus
1634 1395 1722 1439 ini-

335 1467 503 1526 quum?
526 1468 613 1510 Nec
631 1466 702 1524 jus
723 1464 960 1509 dicendum
977 1475 1040 1509 cst
1055 1500 1066 1520 ,
1091 1466 1126 1509 si
1146 1465 1357 1525 injustum
1379 1474 1456 1509 est.
1481 1465 1598 1509 Illud
1622 1481 1723 1524 ergo

336 1552 488 1580 verum
507 1537 603 1596 jus,
634 1534 755 1595 quod
788 1536 918 1579 etiam
947 1536 1114 1594 justum
1155 1544 1233 1579 est.
1264 1534 1376 1579 Vide
1407 1534 1515 1595 quid
1540 1533 1719 1592 feceris,

337 1623 425 1651 non
448 1607 554 1666 quid
578 1607 767 1666 patiaris.
796 1607 837 1651 Si
856 1607 926 1666 jus
948 1606 1110 1661 fecisti,
1143 1605 1347 1665 injuriam
1377 1606 1536 1665 pateris
1562 1625 1573 1652 ι
1598 1607 1633 1650 si
1654 1606 1724 1651 in-

330 1679 489 1738 juriam
507 1677 667 1733 fecisti,
686 1679 756 1738 jus
778 1678 952 1736 pateris.

394 1750 514 1792 XVI.
540 1752 677 1800 Quare
699 1748 778 1791 ista
801 1747 916 1802 dixi,
942 1747 1128 1792 fratres?
1150 1749 1207 1791 Ut
1227 1762 1318 1791 non
1338 1762 1382 1791 se
1403 1746 1612 1796 extollant
1631 1747 1723 1791 hae-

337 1818 520 1872 retiei2‚
561 1817 738 1877 quando
775 1816 886 1862 forte
918 1816 1083 1877 aliquid
1117 1817 1344 1877 patiuntur
1372 1833 1424 1861 ex
1457 1817 1722 1878 jussionibus

335 1888 583 1948 principum
602 1898 873 1931 terrenorum
889 1908 900 1944 3
917 1903 1007 1931 non
1030 1902 1073 1931 se
1091 1896 1323 1931 numerent
1338 1887 1451 1931 inter
1472 1903 1543 1931 eos
1562 1887 1638 1948 qui
1658 1888 1723 1931 in-

330 1960 464 2019 jurias
489 1959 730 2017 accipiunt,
758 1968 800 2002 et
822 1958 992 2002 dicant:
1017 1960 1130 2002 Ecce
1152 1958 1345 2002 Psalmus
1365 1958 1613 2002 consolatur
1633 1973 1717 2014 me,

337 2045 415 2088 ego
433 2029 547 2073 enim
568 2032 704 2073 Deum
729 2028 842 2082 colo,
868 2047 887 2070 «
908 2028 990 2080 Qui
1007 2027 1221 2087 judicium
1243 2027 1372 2072 faciet
1391 2028 1592 2086 injuriam
1615 2028 1723 2072 acci-

338 2119 358 2141 »
394 2099 628 2159 piemibus.
658 2118 678 2140 »
704 2102 838 2143 Recte
862 2114 1012 2158 quaero
1049 2107 1198 2141 utrum
1226 2097 1429 2157 injuriam
1452 2097 1647 2156 accipias.
1677 2099 1721 2143 Si

331 2172 400 2229 jus
434 2169 599 2223 fecisti,
639 2169 797 2228 injuria
840 2176 903 2210 est
935 2181 1065 2226 quam
1100 2166 1274 2225 pateris.
1307 2169 1383 2210 Jus
1405 2176 1469 2210 est
1495 2167 1720 2212 exsufflare

334 2240 584 2284 Christum?
600 2241 624 2282 J
629 2255 677 2282 us
697 2247 760 2282 est
777 2236 927 2281 rebelli
949 2237 1150 2296 superbia
1173 2238 1336 2295 erigere
1353 2235 1517 2281 altare?
1539 2240 1563 2281 J
1568 2253 1616 2281 us
1637 2247 1716 2294 est,

314 2310 613 2369 'parcentibus
648 2307 996 2368 persecutoribus
1032 2308 1191 2352 tunicae
1224 2308 1383 2352 Christi
1397 2309 1411 2334 ³
1431 2343 1442 2363 ,
1482 2307 1719 2353 Ecclesiam

337 2381 495 2425 Christi
528 2380 841 2424 conscindere?
871 2382 1003 2422 Porro
1022 2379 1055 2422 si
1077 2379 1161 2422 hoc
1181 2379 1252 2437 jus
1273 2394 1364 2422 non
1390 2388 1474 2434 est,
1502 2379 1719 2439 quidquid

339 2466 417 2509 pro
439 2452 522 2494 hoc
541 2450 698 2509 pateris
713 2485 723 2505 ,
742 2451 812 2509 jus
834 2457 911 2492 est.
937 2451 1034 2494 Non
1061 2463 1104 2492 es
1126 2462 1227 2507 ergo
1248 2447 1303 2492 de
1328 2448 1394 2492 his
1415 2483 1425 2504 ,
1446 2449 1520 2509 qui
1543 2449 1718 2508 patiun-

386 2543 392 2557 ¹
420 2547 430 2566 1
453 2537 526 2568 Cor.
548 2547 594 2575 vr,
616 2546 645 2576 7.
669 2552 707 2558 —-
735 2542 746 2557 ²
765 2536 836 2566 Πίος
855 2538 967 2566 contra
984 2533 1174 2566 Donatista&
1193 2545 1233 2558 ...⁶
1253 2530 1267 2555 3
1284 2533 1374 2565 Joan.
1395 2543 1463 2574 xix,
1483 2531 1537 2575 24.
