1815 3253
364 163 443 202 164
799 174 831 201 s.
869 174 949 204 Aue,
958 178 1096 204 nszrmt
1128 177 1310 204 Emscort

358 239 417 297 pii
440 247 484 282 et
504 238 934 298 impii2iflivideant,
960 251 1002 285 et
1021 240 1293 300 gratulentur
1316 240 1528 285 invenisse
1553 255 1597 284 se
1618 240 1732 300 quod

358 308 638 354 crediderunt
659 320 892 370 antequam
911 311 1108 356 viderent
1126 348 1139 367 ,
1169 321 1211 355 et
1228 312 1289 355 illi
1310 312 1569 355 erubescant
1589 327 1678 356 non
1694 327 1736 356 se

358 378 585 423 credidisse
608 379 727 440 quod
749 380 977 425 videbunt.
1005 381 1318 426 Erubescentes
1333 380 1676 437 damnabuntur,
1696 391 1738 427 et

360 448 562 508 gratulati
595 451 937 496 coronabuntur.
964 444 1145 495 Dicetur
1163 451 1375 506 confusis,
1401 471 1420 493 «
1444 454 1507 495 Ite
1532 451 1738 508 inignem

361 536 382 560 »
418 528 630 564 aeternum
647 556 657 576 ,
679 521 755 580 qui
772 531 946 580 paratus
966 530 1029 565 est
1046 520 1219 566 diabolo
1242 520 1457 579 ctangelis
1480 522 1569 580 ejus
1591 539 1600 566 ε
1629 539 1648 561 >›
1671 520 1739 564 di·-

356 598 479 634 cetur
491 591 792 648 gaudentibus,
818 611 838 634 «
858 592 1012 636 Venite
1026 592 1243 636 benedicti
1261 592 1397 636 Patris
1413 592 1512 646 mei,
1534 591 1739 651 percipite

359 678 379 701 »
415 676 618 717 regumn,
645 661 764 722 quod
781 662 902 706 vobis
921 671 1119 722 paratum
1147 672 1211 707 est
1227 662 1282 706 ab
1305 662 1469 719 origine
1490 660 1688 705 mundi¹.
1715 679 1735 703 »

355 731 485 782 Quod
498 747 597 775 curn
617 733 877 791 acceperint,
885 734 975 792 jam
989 749 1083 791 spes
1095 748 1185 777 non
1198 733 1294 787 erit,
1308 732 1409 791 quia
1425 747 1490 776 res
1503 732 1735 776 tenebitur.

358 803 588 844 Transacta
608 817 709 860 ergo
730 817 828 861 spe,
868 803 1066 847 transibit
1089 818 1174 847 nox
1202 802 1303 846 illa:
1330 801 1404 846 sed
1431 801 1570 846 donee
1592 803 1693 858 fiat,
1717 818 1739 847 a

355 870 498 928 vigilia
521 873 735 916 matutina
759 881 901 931 speret
923 873 1064 916 anima
1086 881 1232 916 nostra
1254 873 1298 916 in
1321 872 1570 916 Dominum.

414 943 493 983 XI.
530 944 586 984 Et
609 940 720 984 redit
753 942 808 985 ad
830 941 962 996 illud,
994 961 1012 984 u
1040 945 1078 986 A
1099 942 1242 1000 vigilia
1271 943 1483 986 matutina
1512 951 1654 1001 speret
1677 945 1739 986 Is-

358 1029 378 1051 »
415 1010 503 1054 ra'e‘l
524 1011 569 1054 in
597 1012 843 1055 Dominum.
865 1015 903 1056 A
925 1011 1070 1070 vigilia
1096 1013 1309 1057 matutina
1326 1028 1461 1072 usque
1484 1012 1538 1056 ad
1552 1022 1737 1068 noctem,
1770 1016 1773 1036 ¹

358 1100 377 1122 »
413 1082 599 1140 speravit
623 1083 764 1126 anima
788 1098 883 1126 mea
905 1083 951 1125 in
970 1083 1218 1127 Dominum.
1248 1102 1267 1124 »
1293 1082 1376 1127 Sed
1404 1082 1511 1143 quid
1533 1082 1741 1142 speravit?

358 1171 378 1194 α
414 1155 450 1196 Α
475 1151 620 1211 vigilia
652 1153 865 1197 matutina
898 1162 1041 1212 speret
1079 1152 1211 1196 Israel
1233 1154 1275 1196 in
1310 1153 1560 1197 Dominum.
1590 1172 1609 1194 »
1646 1156 1741 1198 Non

354 1220 518 1277 solum,
552 1241 571 1264 «
598 1225 749 1282 Speret
785 1222 916 1266 Isra'e'l
938 1224 983 1266 in
1008 1223 1269 1274 Dominum3
1300 1242 1319 1264 »
1345 1223 1446 1278 sed,
1485 1242 1504 1265 (ε
1534 1227 1571 1266 Α
1598 1222 1740 1282 vigilia

357 1310 376 1332 »
414 1293 626 1336 matutina
676 1302 817 1351 speret
857 1292 1001 1336 lsra'e‘l.
1035 1310 1055 1333 »
1092 1295 1209 1351 Ergo
1241 1291 1371 1352 culpo
1402 1309 1518 1352 spem
1568 1292 1768 1365 saeculi,¹

352 1363 531 1420 quando
563 1371 760 1421 speratur
794 1362 849 1405 de
879 1365 968 1406 Deo
981 1364 998 1402 *ἲ
1031 1364 1129 1406 Non
1157 1381 1165 1406 ε
1190 1361 1266 1405 sed
1301 1362 1382 1405 alia
1413 1378 1506 1421 spes
1529 1371 1592 1406 cst
1614 1361 1767 1406 Israeli

353 1432 544 1491 propria.
582 1435 679 1478 Non
723 1447 801 1491 pro
834 1447 1006 1476 summo
1037 1447 1115 1476 suo
1153 1432 1271 1476 bono
1313 1442 1453 1491 speret
1484 1433 1612 1476 Israel
1635 1431 1742 1477 divi-

353 1502 454 1557 tias,
500 1518 590 1547 non
632 1502 817 1546 salutem
859 1503 1072 1561 corporis,
1107 1518 1197 1547 non
1244 1502 1559 1546 abundantiam
1612 1512 1742 1547 terre·
1803 1520 1806 1545 ε

354 1588 542 1617 norum:
568 1574 656 1617 imo
698 1572 1025 1617 tribulationem
1055 1573 1127 1617 hic
1165 1573 1394 1617 habiturus
1431 1582 1521 1629 est,
1566 1573 1600 1616 si
1634 1572 1742 1618 forte

355 1644 588 1702 contigerit
620 1643 682 1687 illi
719 1653 896 1703 propter
929 1644 1157 1688 veritatem
1196 1645 1283 1704 pati
1321 1644 1485 1704 aliquas
1511 1643 1738 1688 molestias.

357 1717 454 1760 Non
488 1715 605 1758 enim
640 1730 729 1758 non
758 1715 987 1773 sperabant
1021 1715 1067 1758 in
1090 1718 1229 1759 Deum
1260 1718 1499 1772 Martyres,
1535 1724 1576 1759 et
1599 1724 1741 1759 tamen

357 1785 459 1828 talia
482 1794 584 1828 sunt
607 1785 743 1844 passi,
785 1785 929 1844 qualia
950 1785 1164 1840 latrones,
1203 1784 1345 1845 qualia
1366 1785 1505 1844 iniqui
1529 1804 1538 1829 z
1563 1784 1759 1845 subiecti¹

357 1854 414 1899 ad
435 1856 615 1909 bestias,
644 1855 816 1912 ignibus
849 1856 1140 1908 concremati,
1174 1854 1316 1913 gladio
1338 1856 1548 1914 percussi,
1570 1854 1742 1914 ungulis

358 1926 540 1980 exarati,
566 1925 727 1969 catenis
749 1925 960 1980 obstricti,
986 1940 1156 1969 carcere
1182 1924 1346 1979 n‘ecati,
1365 1925 1442 1968 ista
1467 1925 1609 1968 onmia
1634 1923 1742 1968 mala

356 1997 490 2056 passi,
530 2011 619 2040 non
640 1996 872 2055 sperabant
893 1996 938 2039 in
961 1997 1222 2039 Dominum?
1243 1999 1333 2040 Aut
1368 1995 1466 2040 ideo
1489 1996 1738 2054 sperabant,

356 2077 407 2111 'ut
438 2067 526 2110 istis
552 2066 672 2109 malis
696 2075 911 2120 carentes,
948 2067 1028 2110 hac
1050 2067 1137 2110 vita
1168 2066 1444 2110 fruerentur?
1466 2069 1562 2111 Non
1586 2066 1739 2126 plane3

356 2137 458 2197 quia
481 2152 504 2179 a
526 2135 670 2194 vigilia
702 2135 913 2179 matutina
935 2136 1182 2194 sperabant.
1222 2135 1340 2188 Quid
1367 2145 1428 2179 est
1458 2136 1571 2180 hoc?
1593 2135 1742 2180 Consi-

357 2207 569 2250 derabant
591 2205 707 2249 illam
729 2205 918 2264 vigiliam
936 2207 1191 2250 matutinam
1208 2241 1218 2261 ,
1245 2222 1330 2265 qua
1349 2207 1578 2250 resurrexit
1596 2206 1741 2251 Domi-

357 2292 439 2320 nus
466 2292 615 2320 eorum
632 2311 642 2331 ‚
676 2285 719 2319 et
739 2276 947 2320 videbant
969 2276 1071 2335 quia
1094 2285 1326 2335 antequam
1351 2286 1616 2334 resurgeret,
1643 2275 1751 2320 talia*

358 2357 401 2391 et
422 2348 510 2406 ipse
532 2363 679 2406 passus
702 2357 817 2401 erat,
845 2345 988 2406 qualia
1012 2346 1091 2405 ipsi
1120 2347 1396 2405 patiebantur
1417 2382 1427 2401 ,
1470 2355 1512 2390 et
1535 2362 1622 2390 non
1645 2346 1740 2390 des-

356 2418 568 2477 perabant
602 2417 731 2460 etiam
760 2432 804 2459 se
833 2425 930 2475 post
962 2417 1066 2460 tales
1097 2417 1312 2475 passiones
1351 2426 1665 2461 resurrecturos
1689 2416 1748 2488 ad!

410 2509 416 2523 ¹
443 2501 554 2533 Manli.
579 2512 652 2542 xxv,
673 2499 708 2542 41
732 2505 763 2532 et
785 2499 836 2541 34.

1812 266 1815 307 1

1811 329 1815 364 Ι

1810 414 1814 439 ι
