1815 3253
329 184 571 214 ENAnnA-rro
603 187 648 213 nv
681 184 884 213 PsALMUM
916 186 1080 212 cxxvu.
1325 174 1402 213 131

27 251 81 296 de
95 250 288 306 Psalmo,
309 260 352 294 et
373 250 538 294 diceret
561 270 569 295 :
599 270 619 292 «
647 252 785 295 Unam
810 250 914 310 petii
941 266 965 293 a
988 248 1175 293 Domino
1196 250 1225 292 ¹.
1254 266 1274 290 »
1300 247 1412 293 Vide

10 319 247 382 'quomodo
269 319 418 364 ardeat
440 321 568 364 timor
586 319 664 363 iste
685 329 826 364 castus
840 355 851 374 ‚
876 335 998 364 amor
1013 334 1162 373 verus,
1188 334 1309 364 amor
1331 320 1414 364 sin-

27 405 162 436 cerus.
189 409 210 432 «
240 392 380 435 Unam
412 389 516 449 petii
535 405 560 433 a
587 390 795 445 Domino,
822 390 934 434 hane
959 389 1192 449 requiram.
1224 407 1243 430 n
1269 389 1415 442 Quid?

7 471 10 474 ’
31 479 53 505 «
86 462 142 505 Ut
162 460 401 505 inhabitem
423 459 469 504 in
491 458 623 504 domo
646 460 820 504 Domini
843 475 992 504 omnes
1015 459 1106 504 dies
1123 460 1224 504 vitae
1241 474 1366 504 meae.
1389 478 1409 501 »

28 531 142 585 Quid
169 532 204 576 si
227 540 404 592 propter
432 540 645 575 terrenam
676 530 961 575 felicitatem?
986 530 1101 574 Audi
1135 530 1242 590 quid
1264 531 1415 591 sequi-

0 638 7 660 ,
28 611 100 647 tur
121 621 130 647 ε
159 620 179 644 «
201 605 257 648 Ut
273 601 542 662 contempler
569 601 903 647 delectationem
925 602 1120 658 Domini,
1146 611 1190 646 et
1211 612 1415 662 protegar

0 668 6 740 j
31 689 52 713 »
86 672 298 732 templum
319 674 434 733 ejus²
454 693 465 729 3
485 691 504 713 »
531 671 576 716 id
599 681 677 728 est,
697 688 786 716 esse
805 671 1018 732 templum
1041 673 1150 732 ejus,
1178 682 1220 716 et
1243 672 1416 732 protegi

0 756 3 786 t
29 742 85 787 ab
107 758 159 787 eo
185 762 194 788 :
219 762 238 785 «
260 746 382 786 Hanc
397 758 527 786 unam
550 743 655 802 petii
672 759 695 787 a
713 743 914 787 Domino.
944 760 964 784 »
991 745 1115 787 Hanc
1133 759 1267 787 unam
1290 743 1324 787 si
1342 758 1419 802 pe-

0 828 5 858 ι
29 812 180 856 tieritis
196 847 207 867 ,
232 812 287 856 ad
310 813 421 856 hanc
443 827 576 856 unam
598 812 631 856 si
653 828 727 857 eor
740 823 932 857 vestrum
958 813 1251 867 exercueritis,
1275 822 1318 857 et
1334 813 1419 857 hoc

0 905 1 916 π
30 880 168 927 solum
205 882 401 926 amittere
436 882 667 926 timueritis
687 918 698 938 ‚
739 899 820 927 nec
861 881 1109 926 invidebitis
1139 881 1419 926 felicitatibus

31 952 209 996 terrenis
223 987 234 1007 ,
260 961 303 996 et
320 951 438 995 illam
457 950 707 996 felicitatem
729 967 876 997 veram
899 952 1127 1010 sperabitis
1142 987 1153 1007 ‚
1174 962 1217 996 et
1239 953 1356 996 eritis
1375 953 1421 995 in

32 1023 122 1083 ejus
142 1037 321 1082 corpore
343 1021 414 1066 cui
442 1030 643 1065 cantatur
670 1041 679 1066 ;
710 1041 731 1063 «
755 1021 875 1065 Beati
896 1037 1047 1065 omnes
1069 1022 1146 1082 qui
1162 1022 1318 1067 timent
1334 1025 1424 1066 Do-

34 1110 55 1135 »
90 1093 274 1148 minum,
298 1093 374 1152 qui
396 1091 626 1136 ambulant
643 1092 690 1134 in
712 1091 790 1135 viis
813 1093 921 1151 ejus.
950 1109 971 1131 »

89 1164 145 1206 X.
174 1182 194 1205 «
220 1163 409 1206 Labores
431 1162 658 1206 fruetuum
680 1170 858 1205 tuorum
888 1159 1190 1206 manducabis.
1215 1180 1235 1203 »
1255 1163 1292 1206 Ο
1313 1177 1389 1206 vos
1408 1197 1419 1218 ,

35 1247 61 1277 0
83 1241 131 1276 tu
149 1267 160 1288 ‚
185 1248 261 1277 vos
285 1232 411 1276 multi
434 1232 511 1291 qui
533 1247 646 1275 unus
668 1231 788 1287 estis,
810 1249 829 1273 «
856 1232 1045 1274 Labores
1066 1229 1293 1275 fructuum
1322 1241 1423 1276 tuo-

38 1320 59 1344 »
84 1318 179 1346 rum
194 1302 522 1347 manducabis.»
541 1303 670 1356 Quasi
683 1317 882 1361 perverse
898 1301 1073 1346 videtur
1090 1302 1234 1346 dicere
1254 1319 1343 1356 non
1356 1303 1424 1347 in-

37 1371 332 1432 telligentibus
347 1392 355 1416 :
372 1372 525 1416 debuit
543 1372 658 1415 enim
681 1373 824 1416 dicere
848 1391 856 1416 2
878 1375 1090 1416 Fructum
1107 1372 1309 1417 laborum
1328 1383 1425 1417 tuo-

36 1457 133 1486 rum
146 1441 361 1486 manduca
369 1443 446 1485 bis.
458 1440 585 1486 Multi
600 1442 715 1485 enim
732 1441 1002 1485 manducant
1013 1441 1207 1486 fructum
1222 1442 1426 1488 laborum

37 1528 228 1558 suorum.
251 1513 470 1557 Laborant
492 1513 538 1556 in
565 1513 713 1567 vinea,
738 1513 881 1571 ipsum
903 1511 1099 1557 laborem
1120 1529 1209 1558 non
1234 1514 1426 1558 mandu-

38 1592 138 1627 cant
158 1604 168 1639 3
193 1582 269 1626 sed
291 1581 411 1643 quod
432 1582 487 1626 de
508 1582 658 1627 labore
676 1583 870 1642 ipsorum
893 1583 1084 1626 nascitur
1099 1617 1110 1637 ‚
1136 1583 1420 1628 manducant.

39 1655 258 1699 Laborant
274 1654 386 1699 eirca
404 1654 576 1698 arbores
589 1652 835 1712 pomiferas,
852 1652 948 1712 quis
967 1652 1204 1697 manducet
1225 1654 1426 1699 labores?

41 1724 126 1769 Sed
147 1723 266 1785 quod
282 1723 368 1767 illae
390 1723 562 1767 arbores
580 1721 807 1767 attulerint
822 1757 832 1777 ,
854 1721 1021 1766 fructus
1045 1722 1228 1778 laboris,
1253 1724 1344 1783 ipse
1357 1725 1428 1784 ju-

39 1794 204 1841 cundat
224 1793 472 1853 agricolam.
489 1794 603 1847 Quid
623 1794 704 1837 sibi
717 1793 829 1848 vult,
845 1812 864 1835 «
880 1793 1070 1837 Labores
1087 1794 1310 1839 fructuum
1329 1805 1429 1839 tuo-

14 1870 17 1939 Ι
44 1883 64 1907 »
99 1881 196 1909 rum
228 1864 540 1908 manducabis?
568 1882 588 1905 »
613 1863 747 1908 Modo
775 1862 946 1907 labores
980 1863 1195 1907 habemus
1215 1899 1226 1919 ‚
1257 1864 1428 1910 fructus

41 1945 188 1995 postea
209 1937 303 1980 erit.
327 1934 412 1979 Sed
425 1935 525 1995 quia
545 1944 588 1978 et
608 1934 689 1994 ipsi
704 1933 875 1978 labores
892 1949 983 1977 non
1004 1943 1108 1978 sunt
1127 1934 1218 1978 sine
1242 1935 1424 1994 gaudio,

13 2599 17 2625 ι

14 2710 16 2751 Ι

41 2015 217 2066 propter
234 2021 375 2065 spem,
401 2006 456 2048 de
477 2021 563 2065 qua
584 2003 716 2064 paulo
739 2012 839 2048 ante
861 2002 1067 2048 diximus:
1092 2023 1113 2046 «
1133 2006 1216 2064 Spe
1232 2006 1429 2064 gauden-

46 2093 66 2117 »
99 2084 162 2120 tes
177 2112 188 2130 ,
212 2076 258 2120 in
279 2074 562 2120 tribulatione
584 2074 822 2134 patientes3
845 2092 853 2117 ε
871 2092 890 2115 »
911 2072 1044 2118 modo
1061 2089 1140 2118 nos
1162 2074 1242 2134 ipsi
1257 2074 1430 2121 labores

43 2147 178 2192 nostri
193 2145 439 2207 jucundant
457 2181 468 2201 ‚
494 2155 537 2190 et
559 2145 683 2189 laetos
709 2160 788 2189 nos
812 2143 980 2188 faciunt
1000 2143 1055 2188 de
1072 2160 1162 2204 spe.
1187 2146 1230 2190 Si
1247 2161 1348 2205 ergo
1364 2146 1431 2192 la-

43 2216 125 2261 bor
146 2225 290 2260 noster
312 2216 452 2273 potuit
473 2214 748 2269 manducari,
773 2223 816 2258 et
836 2214 978 2273 potuit
1002 2213 1248 2274 jucundare
1266 2236 1277 2273 3
1302 2232 1430 2261 man-

44 2286 228 2332 ducatus
245 2287 412 2331 fructus
432 2286 566 2346 ipsius
587 2285 748 2330 laboris
770 2284 910 2345 qualis
932 2286 1014 2328 erit
1033 2305 1042 2329 :
1067 2304 1086 2327 «
1102 2286 1432 2333 Manducabant

49 2376 70 2401 »
103 2358 272 2403 labores
295 2373 393 2402 suos
410 2392 420 2408 ,
446 2358 522 2418 qui
542 2366 692 2401 euntes
711 2357 834 2400 ibant
858 2365 902 2400 et
924 2356 1089 2400 flebant
1112 2357 1332 2403 mittentes
1361 2375 1430 2403 se-

52 2446 72 2470 »
106 2429 223 2472 mina
248 2428 350 2471 sua4
373 2447 382 2471 ι
411 2446 430 2468 »
458 2436 621 2487 quanto
638 2425 877 2486 jucundius
900 2426 1234 2471 manducabunt
1263 2427 1431 2472 fruetus

96 2517 106 2535 ¹
124 2512 200 2544 Psal.
222 2523 308 2553 xxvi,
327 2510 358 2552 4.
379 2527 421 2534 -—
440 2517 452 2534 ²
472 2510 555 2542 thid.
573 2526 614 2532 —-
637 2507 651 2532 3
669 2512 761 2541 Rom.
780 2520 837 2551 xix,
866 2518 916 2542 12.
931 2501 979 2532 ¹—-
996 2508 1013 2538 4
1032 2509 1112 2541 Psal.
1136 2521 1233 2549 cxxv,
1251 2512 1285 2542 6.

1208 2563 1249 2603 9.

14 2899 17 2986 ἰ
