1815 3253
400 263 641 294 Eunu-rio
673 266 719 293 m
751 263 954 292 PsALMUM
986 265 1078 291 ext..
1355 252 1433 292 361

55 333 158 376 Haec
175 330 320 375 omnia
337 330 449 374 sicut
470 329 677 390 praedicta
691 365 702 384 ,
727 330 783 374 ita
807 328 919 373 facta
939 349 950 386 3
978 348 998 371 «
1026 328 1147 373 Sicut
1166 327 1410 374 audivimus
1425 364 1436 384 ‚

0 459 1 462 Ἴ
58 421 78 444 »
113 402 171 446 ita
189 411 232 446 et
253 400 482 446 vidimus'.
512 420 531 443 »
554 405 667 460 Ergo
685 402 717 446 si
739 401 949 446 Dominus
978 408 1124 443 noster
1147 402 1270 444 Jesus
1289 401 1440 445 Chris-

53 481 123 516 tus
142 487 218 517 nos
232 472 419 530 figurans
431 473 476 515 in
489 473 699 516 charitate
711 471 902 530 corporis
914 471 995 524 sui,
1012 470 1211 531 quamvis
1229 479 1336 514 esset
1350 471 1441 529 ipse

54 543 144 587 sine
177 551 356 602 peccato
374 577 384 597 ‚
424 541 554 597 dixit,
590 542 734 586 Verba
769 541 1030 585 delictorum
1066 555 1263 584 meorum
1297 559 1306 585 ε
1332 539 1442 584 dixit

55 622 200 658 autem
222 613 306 656 hoc
323 628 373 656 cx
394 627 576 672 persona
593 613 784 672 corporis
799 612 863 655 sui
884 627 893 653 :
916 611 1011 672 quis
1032 609 1163 655 audet
1179 611 1223 654 in
1237 610 1441 654 membris

53 685 143 744 ejus
165 684 308 727 dicere
328 699 418 726 non
440 698 483 727 se
502 683 663 727 habere
683 691 934 743 peccatum,
959 681 1039 725 nisi
1061 681 1137 742 qui
1160 679 1292 725 suerit
1313 696 1440 725 ausus

54 770 98 799 se
129 753 247 798 falsae
276 754 455 815 justitiae
487 756 663 799 nomine
691 755 870 809 efferre,
916 762 960 798 et
988 753 1209 799 Christum
1246 750 1440 797 falsitatis

53 828 268 884 arguere?
290 830 321 870 F
327 835 443 870 atere
466 842 568 884 ergo
588 862 598 882 ,
625 842 651 871 o
672 826 918 870 membrum
942 861 952 880 ,
991 824 1112 885 quod
1143 840 1224 884 pro
1256 833 1299 868 te
1335 840 1440 884 pro-

52 898 270 942 nuntiavit
291 907 423 958 caput
446 907 587 942 tuum.
614 897 744 952 Quod
761 907 810 942 ut
832 897 1074 951 fateamur,
1099 895 1221 957 quod
1243 905 1294 940 ut
1314 894 1441 940 facia-

52 984 175 1022 mus,
201 983 281 1012 nec
298 984 376 1012 nos
397 970 685 1029 justificemus
716 978 818 1013 ante
840 977 1120 1028 conspectum
1157 966 1288 1012 solius
1309 967 1437 1026 justi,

52 1040 128 1101 qui
146 1039 354 1100 justificat
371 1040 555 1100 impium
571 1042 587 1065 ²
603 1075 613 1095 ,
640 1040 824 1100 subjecit
835 1041 924 1100 jam
948 1039 1013 1083 sui
1036 1038 1228 1098 corporis
1249 1053 1401 1082 vocem
1429 1057 1438 1082 :

57 1131 77 1154 «
111 1114 231 1155 Pone
247 1146 258 1165 ‚
291 1111 498 1166 Domine,
524 1112 766 1155 custodiam
790 1112 854 1155 ori
872 1126 970 1154 meo
990 1145 1000 1165 ,
1041 1119 1084 1153 et
1116 1109 1274 1154 ostium
1298 1109 1441 1153 conti-

55 1199 76 1223 »
110 1182 270 1225 nentiae
292 1182 402 1226 circa
426 1180 542 1226 labia
560 1183 700 1226 mea3.
726 1200 746 1222 »
771 1184 870 1226 Non
892 1180 999 1224 dixit
1026 1180 1261 1224 claustrum
1298 1180 1440 1224 conti-

52 1253 212 1297 nentiae
233 1288 243 1307 ‚
265 1252 340 1297 sed
362 1272 381 1295 «
399 1253 569 1297 Ostium
587 1271 606 1294 »
628 1253 799 1297 Ostium
821 1262 864 1296 et
880 1252 1070 1312 aperitur
1088 1287 1099 1306 ‚
1124 1261 1167 1295 et
1188 1250 1408 1295 clauditur
1430 1271 1438 1295 ε

54 1339 156 1382 ergo
178 1323 212 1366 si
234 1323 393 1367 ostium
419 1332 505 1378 est,
538 1332 580 1367 et
603 1323 820 1382 aperiatur
835 1358 845 1377 ‚
871 1332 912 1365 et
936 1322 1193 1378 claudatur3
1226 1321 1443 1380 aperiatur

54 1393 109 1438 ad
132 1393 449 1438 confessionem
471 1394 660 1453 peccati,
688 1393 917 1438 claudatur
934 1392 989 1437 ad
1003 1393 1322 1437 excusationem
1346 1407 1444 1451 pec-

54 1464 153 1508 cati.
184 1467 249 1508 Ita
272 1464 386 1508 enim
409 1465 490 1508 erit
509 1464 667 1508 ostium
690 1463 972 1508 continentiae
991 1499 1000 1517 ‚
1026 1479 1114 1507 non
1138 1463 1291 1506 ruinae.

112 1536 212 1577 VII.
235 1534 352 1587 Quid
370 1535 485 1578 enim
504 1534 630 1578 nobis
653 1535 830 1594 prodest
851 1535 935 1578 hoc
954 1534 1111 1578 ostium
1133 1533 1444 1578 continentiae?

11 1607 13 1655 j
54 1604 170 1658 Quid
187 1620 261 1649 ora
284 1620 333 1648 ex
352 1620 535 1664 persona
557 1605 748 1664 corporis
770 1605 995 1649 Christus?
1017 1623 1034 1645 «
1058 1607 1114 1648 Ut
1131 1619 1220 1648 non
1234 1603 1440 1658 declines,

0 1717 2 1722 ,
56 1692 77 1716 ))
110 1675 256 1735 inquit
273 1711 284 1730 ,
310 1690 384 1719 cor
406 1691 553 1719 meum
576 1676 620 1719 in
642 1675 775 1719 verba
797 1674 1001 1733 maligna.
1031 1693 1050 1716 n
1073 1673 1186 1727 Quid
1203 1683 1288 1729 est,
1314 1693 1333 1715 «
1358 1675 1445 1718 Cor

0 1786 2 1792 ,
56 1763 77 1787 »
112 1748 313 1790 meum4?
338 1765 358 1788 »
384 1749 470 1791 Cor
492 1746 697 1791 Ecclesiae
714 1762 844 1798 meae,
871 1763 945 1791 cor
962 1747 1115 1806 utique
1134 1745 1324 1805 corporis
1341 1745 1441 1789 mei.

0 1857 2 1871 ,
54 1817 196 1861 Verba
219 1816 293 1860 illa
309 1816 519 1861 attendite
534 1817 611 1860 ubi
627 1816 751 1861 nobis
765 1816 913 1876 regula
931 1816 1278 1874 figitur‚«Saule,
1298 1815 1440 1867 Saule,

0 1930 2 1940 ,
57 1905 77 1928 »
114 1886 222 1947 quid
244 1903 314 1931 me
332 1888 656 1948 persequeris5?
683 1906 702 1927 »
740 1902 842 1931 cum
876 1887 1018 1946 ipsum
1052 1903 1181 1931 nemo
1215 1887 1440 1945 tetigisset.

14 1976 16 2002 1
53 1958 244 2013 Esurivi‚
270 1968 313 2002 et
330 1959 504 2003 cibastis
521 1974 619 2015 meg
644 1958 781 2013 sitivi,
807 1967 850 2002 et
871 1969 1026 2018 potum
1053 1956 1230 2002 dedistis
1252 1957 1360 2001 mihi
1387 1976 1395 2001 z
1419 1975 1439 1998 »

54 2037 96 2072 et
123 2038 293 2072 caetera.
325 2032 382 2073 Et
413 2029 498 2083 illi,
538 2048 557 2071 «
583 2028 771 2082 Quando
799 2037 841 2072 te
869 2028 1056 2073 vidimus
1085 2029 1347 2072 esurientem
1370 2037 1446 2071 aut

16 2104 17 2133 ἓ
57 2116 76 2141 ))
111 2099 358 2144 sitientem?
392 2103 449 2144 Et
469 2099 557 2143 ille.
590 2102 700 2145 Cum
732 2100 808 2143 uni
836 2116 886 2143 ex
910 2099 1099 2143 minimis
1117 2100 1221 2144 meis
1255 2097 1441 2153 fecistis,

57 2187 77 2211 »
110 2170 217 2213 mihi
242 2168 442 2214 fecistisss.
467 2189 486 2211 n
513 2172 616 2215 Haec
639 2170 894 2215 Christianis
914 2170 1120 2214 inusitata
1145 2185 1234 2213 esse
1257 2184 1346 2213 non
1364 2168 1444 2212 de-

18 2263 19 2277 1
53 2239 182 2294 bent‚
207 2240 391 2283 maxime
420 2240 465 2284 in
491 2241 651 2301 quibus
675 2239 837 2300 regulae
859 2241 954 2284 fixae
989 2249 1091 2284 sunt
1115 2249 1158 2284 et
1185 2249 1442 2284 caeterorum

53 2309 438 2369 intelligendorum
458 2345 469 2364 ‚
490 2320 532 2354 et
555 2320 630 2355 aut
652 2327 740 2355 non
766 2311 1083 2365 turbabuntur,
1109 2320 1183 2354 aut
1201 2311 1288 2354 cito
1307 2310 1444 2354 corri-

0 2389 6 2420 ,¹
55 2391 225 2439 geritur.
254 2381 374 2426 Sicut
396 2396 497 2439 ergo
517 2381 578 2424 ibi
596 2382 754 2425 dicturi
782 2391 884 2425 sunt
903 2381 1031 2441 justi,
1068 2382 1252 2425 Domine
1273 2417 1283 2436 ‚
1310 2396 1445 2441 quare

54 2450 223 2506 dixisti,
249 2470 269 2494 «
294 2452 463 2496 Esurivi
481 2487 491 2507 ‚
517 2461 561 2495 et
587 2450 764 2496 dedistis
793 2452 898 2495 mihi
935 2452 1230 2496 manducare?
1256 2450 1445 2504 Quando

100 2557 109 2572 ¹
139 2550 218 2583 Psal.
248 2562 353 2590 xum,
373 2562 406 2593 9.
426 2567 468 2574 —-
491 2557 504 2573 ²
538 2553 630 2583 Rom.
652 2562 711 2591 iv,
734 2550 765 2583 5.
788 2566 828 2573 —
849 2548 861 2572 3
888 2550 965 2582 Psal.
995 2561 1052 2583 cxi,
1069 2576 1076 2590 ‚
1097 2550 1126 2582 3.
1150 2567 1191 2572 —
1212 2548 1443 2590 411›id.4.-

56 2603 154 2638 ⁵Act.
175 2617 219 2647 ix,
239 2605 270 2647 4.
291 2623 334 2630 —-
358 2604 374 2629 6
393 2605 506 2639 Matth.
526 2617 599 2647 xxv,
618 2604 732 2647 35-40.
