1815 3253
297 229 352 269 40
687 281 691 283 Β
734 240 767 268 s.
804 240 1033 270 Auous'mm
1065 243 1245 270 Emscom

294 305 350 350 ad
373 315 542 365 tempus
556 341 566 361 ‚
592 315 634 350 et
657 315 917 365 acceperunt
937 306 999 350 ibi
1018 306 1139 367 quod
1160 315 1308 366 postea
1330 309 1443 351 Deus
1465 306 1678 351 retribuet

292 377 339 419 in
360 385 587 420 aeternum.
614 377 711 432 Hic,
748 375 900 420 fratres
924 377 1029 432 mei,
1061 387 1104 421 et
1133 376 1285 421 divites
1318 391 1527 435 pauperes
1557 386 1673 421 sunt.

291 449 463 491 Bonum
487 457 550 491 θεῖ
571 447 710 503 diviti,
734 457 780 492 ut
815 457 1018 506 agnoscat
1039 464 1083 492 se
1106 463 1357 507 pauperem.
1383 447 1423 492 Si
1448 447 1563 490 enim
1581 446 1677 506 ple-

293 532 399 560 num
422 532 465 560 se
485 526 628 576 putat,
654 526 801 562 tumor
818 527 880 562 est
902 517 991 573 ille,
1017 533 1106 562 non
1128 517 1374 577 plenitudo.
1400 520 1619 574 Agnoscat
1635 533 1679 561 se

293 587 490 642 inanem,
527 597 576 632 ut
612 588 746 647 possit
774 587 960 647 impleri.
992 587 1106 641 Quid
1134 587 1295 631 habet?
1337 590 1520 631 Aurum.
1566 587 1680 640 Quid

292 657 491 703 nondum
515 659 676 702 habet?
710 659 852 702 Vitam
873 668 1096 702 aeternam.
1122 658 1333 702 Attendat
1366 657 1474 717 quid
1501 657 1676 713 habeat,

293 739 337 774 et
358 727 503 774 videat
525 729 632 790 quid
665 745 752 774 non
775 730 947 774 habeat.
984 733 1176 783 Fratres,
1212 745 1263 772 ex
1300 744 1351 772 eo
1385 728 1505 788 quod
1526 729 1675 784 habet,

293 800 384 854 det,
406 809 455 844 ut
475 801 658 860 accipiat
676 800 795 860 quod
818 802 1058 845 nonhabet
1083 820 1091 845 :
1118 809 1231 843 emat
1249 815 1298 843 ex
1318 815 1369 844 eo
1390 798 1511 860 quod
1528 800 1676 855 habet,

291 871 401 917 illud
425 871 546 931 quod
573 887 663 915 non
691 872 839 915 habet.
876 891 896 914 ι(
923 874 978 916 Εῖ
1002 871 1268 916 abundantia
1295 871 1361 915 his
1392 871 1468 932 qui
1494 870 1681 929 diligunt

297 960 317 982 )›
354 951 411 986 te.
442 959 461 983 ))

351 1014 454 1056 XII.
486 1031 505 1054 «
531 1012 628 1056 Fiat
649 1028 733 1072 pax
760 1012 806 1056 in
835 1013 995 1058 virtute
1019 1022 1094 1058 tua
1112 1015 1143 1056 ².
1174 1031 1193 1054 »
1221 1014 1257 1057 O
1276 1012 1515 1057 Jerusalem
1537 1013 1546 1056 l
1573 1028 1599 1057 o
1621 1012 1682 1057 ci-

293 1082 401 1127 vitas
436 1098 536 1142 quae
570 1081 795 1126 aedificaris
817 1091 866 1126 ut
887 1083 1035 1128 civitas
1051 1118 1062 1138 ,
1100 1084 1224 1142 cujus
1246 1083 1516 1142 participatio
1540 1091 1614 1126 tua
1636 1083 1682 1126 in

292 1153 483 1212 idipsum
500 1189 510 1206 ,
537 1172 557 1195 «
585 1153 683 1197 Fiat
714 1170 795 1213 pax
822 1154 868 1197 in
899 1155 1058 1198 virtute
1090 1164 1186 1210 tua,
1214 1173 1234 1195 >›
1257 1155 1332 1198 fiat
1368 1170 1448 1213 pax
1476 1154 1520 1197 in
1543 1153 1681 1198 dilec-

293 1224 410 1268 tione
432 1232 534 1269 tua:
555 1224 658 1284 quia
675 1224 810 1268 virtus
828 1233 918 1278 tua,
935 1224 1107 1269 dilectio
1126 1235 1214 1269 tua.
1237 1225 1353 1268 Audi
1374 1225 1554 1269 Cantica
1576 1240 1681 1268 can-

292 1295 479 1338 ticorum
506 1313 515 1339 z
545 1313 564 1336 «
598 1293 751 1338 valida
779 1304 843 1338 est
869 1295 980 1338 sicut
1020 1310 1135 1339 mors
1167 1294 1341 1339 dilectio
1360 1297 1389 1339 ¹.
1427 1313 1446 1336 »
1472 1298 1680 1354 Magnum

293 1365 494 1418 verbum,
522 1363 688 1418 fratres,
713 1383 733 1406 «
755 1363 908 1408 valida
926 1374 989 1409 est
1010 1365 1120 1409 sicut
1143 1380 1257 1409 mors
1274 1365 1494 1410 dilectio»
1509 1366 1682 1424 Magni-

293 1435 492 1478 ficentius
515 1435 695 1494 exprimi
717 1451 806 1479 non
824 1436 969 1494 potuit
986 1435 1199 1480 fortitudo
1222 1437 1458 1490 charitatis,
1484 1451 1615 1496 quam
1634 1445 1683 1480 ut

294 1505 527 1561 diceretur,
559 1525 579 1547 «
604 1505 757 1550 Valida
790 1515 853 1550 θεῖ
875 1507 985 1550 sicut
1008 1522 1122 1551 mors
1149 1506 1338 1551 dilectio.
1374 1525 1393 1547 »
1430 1507 1533 1559 Quis
1567 1507 1683 1550 enim

295 1576 453 1619 resistit
475 1577 618 1630 morti,
651 1577 839 1620 fratres?
869 1577 1075 1620 Intendat
1095 1576 1290 1622 Charitas
1313 1579 1478 1620 Vestra.
1504 1576 1683 1621 Resisti-

296 1656 370 1691 tur
392 1646 582 1703 ignibus,
604 1646 749 1700 undis,
772 1644 901 1700 ferro,
923 1647 1134 1690 resistitur
1156 1646 1455 1705 potestatibus,
1477 1647 1687 1691 resistitur

295 1718 469 1776 regibus
509 1736 517 1762 :
558 1717 677 1762 venit
699 1733 784 1760 una
817 1733 953 1771 mors,
979 1718 1075 1777 quis
1094 1719 1133 1761 ei
1156 1718 1342 1762 resistit?
1363 1717 1481 1763 Nihil
1503 1717 1575 1761 ilia
1594 1717 1686 1762 sor-

294 1789 396 1831 tius.
431 1791 663 1847 Propterea
695 1787 859 1831 viribus
899 1789 988 1848 ejus
1024 1788 1209 1832 charitas
1250 1797 1499 1846 comparata
1537 1796 1615 1842 est,
1643 1798 1688 1832 et

296 1857 566 1912 dictumest,
595 1877 615 1900 «
647 1857 800 1901 valida
829 1867 893 1901 est
930 1858 1041 1901 sicut
1074 1873 1188 1901 mors
1223 1857 1413 1901 dilectio.
1444 1875 1463 1898 »
1506 1860 1562 1901 Et
1584 1858 1685 1918 quia

296 1929 386 1987 ipsa
409 1929 592 1971 charitas
613 1926 774 1971 occidit
791 1927 910 1987 quod
932 1927 1110 1981 fuimus,
1136 1928 1329 1971 utsimus
1348 1928 1467 1987 quod
1490 1943 1579 1971 non
1597 1943 1688 1975 cra-

297 2013 392 2041 mus
408 2019 419 2055 3
435 1997 538 2041 facit
561 1998 606 2041 in
624 1998 748 2041 nobis
763 1996 999 2056 quamdam
1022 2005 1207 2040 mortem
1225 1997 1413 2041 dilectio.
1437 2000 1531 2056 ipsa
1548 2008 1686 2042 morte

296 2077 494 2113 mortuus
517 2077 622 2122 erat,
649 2068 724 2125 qui
746 2067 934 2121 dicebat,
962 2086 981 2108 «
1006 2066 1198 2111 Mundus
1223 2067 1328 2110 mihi
1351 2067 1582 2111 crucifixus
1601 2077 1681 2122 est,

300 2158 319 2179 »
355 2149 398 2183 et
421 2155 501 2198 ego
526 2137 691 2182 mundo
707 2140 738 2181 ³.
769 2157 786 2178 η
815 2141 908 2194 Ipsa
930 2147 1069 2181 morte
1091 2138 1252 2181 mortui
1275 2147 1413 2191 erant,
1435 2139 1594 2198 quibus
1616 2139 1685 2182 di-

295 2210 437 2263 cebat,
469 2229 486 2251 «
515 2209 674 2253 Mortui
697 2209 812 2251 enim
844 2209 942 2251 estis
965 2243 975 2261 ‚
1008 2217 1050 2251 et
1071 2208 1159 2251 vita
1181 2217 1321 2251 vestra
1345 2208 1599 2252 abscondita
1622 2219 1686 2254 est

298 2298 318 2320 ι)
354 2295 454 2324 cum
477 2280 649 2323 Christo
670 2279 716 2322 in
737 2280 866 2322 D004.
903 2277 1052 2321 valida
1076 2288 1139 2321 est
1171 2279 1281 2322 sicut
1302 2294 1417 2322 mors
1439 2278 1630 2323 dilectio.
1661 2298 1681 2321 »

295 2351 338 2394 Si
363 2365 465 2405 ergo
495 2349 637 2392 valida
667 2358 729 2392 est
748 2383 758 2401 ,
792 2347 914 2392 fortis
936 2357 998 2392 est
1029 2358 1072 2392 et
1103 2363 1269 2405 magnae
1301 2349 1503 2402 virtutis,
1528 2358 1571 2392 et
1593 2350 1684 2408 ipsa

296 2430 360 2463 est
388 2421 523 2463 virtus
541 2455 550 2473 7
588 2428 628 2461 ct
651 2434 727 2477 per
750 2419 884 2477 ipsam
909 2425 1119 2476 reguntur
1140 2419 1301 2462 infirmi
1329 2435 1351 2462 a
1380 2419 1513 2462 firmis
1534 2454 1544 2472 ‚
1570 2429 1684 2464 terra

299 2506 322 2533 a
354 2489 468 2533 eoelo
488 2524 498 2544 ‚
538 2488 687 2548 populi
715 2504 737 2532 a
772 2487 946 2532 sedibus
981 2508 988 2532 :
1021 2489 1119 2533 ideo
1139 2524 1150 2543 ‚
1181 2507 1200 2531 «
1226 2489 1322 2533 Fiat
1345 2505 1425 2548 pax
1448 2489 1493 2532 in
1522 2489 1684 2533 virtute

349 2581 357 2597 ¹
379 2574 461 2608 Psal.
476 2585 560 2616 cxxi,
582 2585 612 2616 7.
633 2591 675 2598 -—
700 2582 711 2598 ²
733 2576 824 2607 Cant.
845 2574 962 2614 vn1‚6.
984 2591 1025 2597 —
1047 2571 1059 2597 3
1083 2574 1187 2608 Galat.
1209 2585 1252 2616 Vl,
1277 2573 1328 2615 14.
1349 2591 1389 2596 -
1408 2573 1421 2603 4
1442 2574 1559 2607 tzoloss.
1584 2586 1629 2616 ιιι,
1649 2575 1680 2606 3.
