<?xml version="1.0" encoding="UTF-8"?>
<!DOCTYPE html PUBLIC "-//W3C//DTD XHTML 1.0 Transitional//EN"
    "http://www.w3.org/TR/xhtml1/DTD/xhtml1-transitional.dtd">
<html xmlns="http://www.w3.org/1999/xhtml" xml:lang="en" lang="en">
 <head>
  <title>
</title>
<meta http-equiv="Content-Type" content="text/html;charset=utf-8" />
  <meta name='ocr-system' content='tesseract 3.04.00' />
  <meta name='ocr-capabilities' content='ocr_page ocr_carea ocr_par ocr_line ocrx_word'/>
</head>
<body>
  <div class='ocr_page' id='page_1' title='image "./operaomniaaccura12auguuoft_0144.png"; bbox 0 0 1815 3253; ppageno 0'>
   <div class='ocr_carea' id='block_1_1' title="bbox 362 199 1310 241">
    <p class='ocr_par' dir='ltr' id='par_1_1' title="bbox 362 199 1310 241">
     <span class='ocr_line' id='line_1_1' title="bbox 362 199 1310 241; baseline 0.001 -3"><span class='ocrx_word' id='word_1_1' title='bbox 362 199 445 238; x_wconf 82' lang='lat'>134</span> <span class='ocrx_word' id='word_1_2' title='bbox 798 209 831 238; x_wconf 89' lang='lat' dir='ltr'>s.</span> <span class='ocrx_word' id='word_1_3' title='bbox 868 210 1097 241; x_wconf 74' lang='lat' dir='ltr'>Aucus‘rrm</span> <span class='ocrx_word' id='word_1_4' title='bbox 1127 214 1310 241; x_wconf 65' lang='lat' dir='ltr'>mist-,01³1</span> 
     </span>
    </p>
   </div>
   <div class='ocr_carea' id='block_1_2' title="bbox 1760 169 1764 364">
    <p class='ocr_par' dir='ltr' id='par_1_2' title="bbox 1760 169 1764 364">
     <span class='ocr_line' id='line_1_2' title="bbox 1760 169 1764 364; baseline 0 2889"><span class='ocrx_word' id='word_1_5' title='bbox 1760 169 1764 364; x_wconf 95' lang='lat' dir='ltr'> </span> 
     </span>
    </p>
   </div>
   <div class='ocr_carea' id='block_1_3' title="bbox 351 264 1815 1387">
    <p class='ocr_par' dir='ltr' id='par_1_3' title="bbox 353 264 1815 823">
     <span class='ocr_line' id='line_1_3' title="bbox 359 264 1815 340; baseline 0 -20"><span class='ocrx_word' id='word_1_6' title='bbox 359 278 449 320; x_wconf 87' lang='lat' dir='ltr'>sine</span> <span class='ocrx_word' id='word_1_7' title='bbox 480 291 605 320; x_wconf 83' lang='lat' dir='ltr'>causa</span> <span class='ocrx_word' id='word_1_8' title='bbox 639 286 682 320; x_wconf 90' lang='lat' dir='ltr'>et</span> <span class='ocrx_word' id='word_1_9' title='bbox 714 277 803 335; x_wconf 85' lang='lat' dir='ltr'>ipsa</span> <span class='ocrx_word' id='word_1_10' title='bbox 833 279 992 336; x_wconf 85' lang='lat' dir='ltr'>conjux</span> <span class='ocrx_word' id='word_1_11' title='bbox 1022 279 1076 322; x_wconf 85' lang='lat' dir='ltr'>de</span> <span class='ocrx_word' id='word_1_12' title='bbox 1103 278 1236 321; x_wconf 81' lang='lat' dir='ltr'>latere</span> <span class='ocrx_word' id='word_1_13' title='bbox 1259 276 1373 321; x_wconf 80' lang='lat' dir='ltr'>facta</span> <span class='ocrx_word' id='word_1_14' title='bbox 1396 286 1473 321; x_wconf 91' lang='lat' dir='ltr'>est.</span> <span class='ocrx_word' id='word_1_15' title='bbox 1508 277 1612 321; x_wconf 89' lang='lat' dir='ltr'>Viro</span> <span class='ocrx_word' id='word_1_16' title='bbox 1633 275 1736 321; x_wconf 70' lang='lat' dir='ltr'>dors·</span> <span class='ocrx_word' id='word_1_17' title='bbox 1790 264 1815 340; x_wconf 58' lang='lat' dir='ltr'>hal</span> 
     </span>
     <span class='ocr_line' id='line_1_4' title="bbox 359 345 1815 449; baseline 0.003 -61"><span class='ocrx_word' id='word_1_18' title='bbox 359 346 520 389; x_wconf 88' lang='lat' dir='ltr'>miente</span> <span class='ocrx_word' id='word_1_19' title='bbox 538 380 548 401; x_wconf 82' lang='lat'><strong>‚</strong></span> <span class='ocrx_word' id='word_1_20' title='bbox 569 364 588 387; x_wconf 89' lang='lat'>«</span> <span class='ocrx_word' id='word_1_21' title='bbox 614 348 703 389; x_wconf 90' lang='lat' dir='ltr'>Eva</span> <span class='ocrx_word' id='word_1_22' title='bbox 730 345 845 390; x_wconf 84' lang='lat' dir='ltr'>facta</span> <span class='ocrx_word' id='word_1_23' title='bbox 877 349 995 403; x_wconf 75' lang='lat' dir='ltr'>est13</span> <span class='ocrx_word' id='word_1_24' title='bbox 1022 365 1043 388; x_wconf 83' lang='lat'>»</span> <span class='ocrx_word' id='word_1_25' title='bbox 1075 348 1285 400; x_wconf 86' lang='lat' dir='ltr'>moriente</span> <span class='ocrx_word' id='word_1_26' title='bbox 1319 347 1515 398; x_wconf 76' lang='lat' dir='ltr'>Christo,</span> <span class='ocrx_word' id='word_1_27' title='bbox 1547 346 1736 392; x_wconf 78' lang='lat' dir='ltr'>Ecclesia</span> <span class='ocrx_word' id='word_1_28' title='bbox 1760 365 1764 449; x_wconf 48' lang='grc' dir='ltr'><strong>ι</strong></span> <span class='ocrx_word' id='word_1_29' title='bbox 1794 345 1815 380; x_wconf 60' lang='lat'>³¹</span> 
     </span>
     <span class='ocr_line' id='line_1_5' title="bbox 358 413 1815 474; baseline -0.001 -15"><span class='ocrx_word' id='word_1_30' title='bbox 358 413 472 459; x_wconf 86' lang='lat' dir='ltr'>facta</span> <span class='ocrx_word' id='word_1_31' title='bbox 494 425 558 459; x_wconf 91' lang='lat' dir='ltr'>est</span> <span class='ocrx_word' id='word_1_32' title='bbox 583 434 592 460; x_wconf 77' lang='lat' dir='ltr'>t</span> <span class='ocrx_word' id='word_1_33' title='bbox 617 424 660 459; x_wconf 89' lang='lat' dir='ltr'>et</span> <span class='ocrx_word' id='word_1_34' title='bbox 682 415 755 459; x_wconf 88' lang='lat' dir='ltr'>illa</span> <span class='ocrx_word' id='word_1_35' title='bbox 778 415 832 459; x_wconf 92' lang='lat' dir='ltr'>de</span> <span class='ocrx_word' id='word_1_36' title='bbox 864 414 998 460; x_wconf 81' lang='lat' dir='ltr'>latere</span> <span class='ocrx_word' id='word_1_37' title='bbox 1026 417 1126 471; x_wconf 86' lang='lat' dir='ltr'>viri,</span> <span class='ocrx_word' id='word_1_38' title='bbox 1156 431 1257 461; x_wconf 91' lang='lat' dir='ltr'>cum</span> <span class='ocrx_word' id='word_1_39' title='bbox 1281 425 1396 460; x_wconf 88' lang='lat' dir='ltr'>costa</span> <span class='ocrx_word' id='word_1_40' title='bbox 1421 415 1613 459; x_wconf 84' lang='lat' dir='ltr'>detracta</span> <span class='ocrx_word' id='word_1_41' title='bbox 1645 424 1734 474; x_wconf 76' lang='lat' dir='ltr'>est3</span> <span class='ocrx_word' id='word_1_42' title='bbox 1796 420 1815 448; x_wconf 52' lang='grc' dir='ltr'><strong>Ν</strong></span> 
     </span>
     <span class='ocr_line' id='line_1_6' title="bbox 358 477 1815 550; baseline 0.001 -21"><span class='ocrx_word' id='word_1_43' title='bbox 358 495 399 529; x_wconf 86' lang='lat' dir='ltr'>ct</span> <span class='ocrx_word' id='word_1_44' title='bbox 422 486 500 530; x_wconf 86' lang='lat' dir='ltr'>ista</span> <span class='ocrx_word' id='word_1_45' title='bbox 520 486 575 529; x_wconf 91' lang='lat' dir='ltr'>de</span> <span class='ocrx_word' id='word_1_46' title='bbox 595 486 728 530; x_wconf 80' lang='lat' dir='ltr'>latere</span> <span class='ocrx_word' id='word_1_47' title='bbox 749 486 829 529; x_wconf 89' lang='lat' dir='ltr'>viri</span> <span class='ocrx_word' id='word_1_48' title='bbox 843 521 854 540; x_wconf 77' lang='grc'>,</span> <span class='ocrx_word' id='word_1_49' title='bbox 879 487 1056 546; x_wconf 86' lang='lat' dir='ltr'>quando</span> <span class='ocrx_word' id='word_1_50' title='bbox 1078 486 1191 531; x_wconf 85' lang='lat' dir='ltr'>latus</span> <span class='ocrx_word' id='word_1_51' title='bbox 1211 487 1359 530; x_wconf 84' lang='lat' dir='ltr'>lancea</span> <span class='ocrx_word' id='word_1_52' title='bbox 1380 501 1631 545; x_wconf 88' lang='lat' dir='ltr'>percussum</span> <span class='ocrx_word' id='word_1_53' title='bbox 1656 495 1732 542; x_wconf 88' lang='lat' dir='ltr'>est,</span> <span class='ocrx_word' id='word_1_54' title='bbox 1795 477 1815 550; x_wconf 62' lang='lat' dir='ltr'>ll}</span> 
     </span>
     <span class='ocr_line' id='line_1_7' title="bbox 358 555 1815 615; baseline 0.001 -16"><span class='ocrx_word' id='word_1_55' title='bbox 358 564 402 599; x_wconf 85' lang='lat' dir='ltr'>et</span> <span class='ocrx_word' id='word_1_56' title='bbox 422 565 686 599; x_wconf 83' lang='lat' dir='ltr'>sacramenta</span> <span class='ocrx_word' id='word_1_57' title='bbox 709 556 1010 615; x_wconf 80' lang='lat' dir='ltr'>profluxerunt</span> <span class='ocrx_word' id='word_1_58' title='bbox 1023 559 1057 600; x_wconf 78' lang='lat'>².</span> <span class='ocrx_word' id='word_1_59' title='bbox 1081 559 1220 615; x_wconf 81' lang='lat' dir='ltr'>Ergo,</span> <span class='ocrx_word' id='word_1_60' title='bbox 1252 575 1272 598; x_wconf 88' lang='lat'>«</span> <span class='ocrx_word' id='word_1_61' title='bbox 1299 558 1414 600; x_wconf 82' lang='lat' dir='ltr'>Uxor</span> <span class='ocrx_word' id='word_1_62' title='bbox 1436 564 1511 599; x_wconf 86' lang='lat' dir='ltr'>tua</span> <span class='ocrx_word' id='word_1_63' title='bbox 1538 563 1588 598; x_wconf 90' lang='lat' dir='ltr'>ut</span> <span class='ocrx_word' id='word_1_64' title='bbox 1612 555 1736 600; x_wconf 83' lang='lat' dir='ltr'>vinea</span> <span class='ocrx_word' id='word_1_65' title='bbox 1797 561 1815 591; x_wconf 76' lang='lat'>111¹</span> 
     </span>
     <span class='ocr_line' id='line_1_8' title="bbox 361 622 1815 686; baseline -0.001 -18"><span class='ocrx_word' id='word_1_66' title='bbox 361 645 380 667; x_wconf 83' lang='lat'>»</span> <span class='ocrx_word' id='word_1_67' title='bbox 415 625 582 669; x_wconf 86' lang='lat' dir='ltr'>fertilis.</span> <span class='ocrx_word' id='word_1_68' title='bbox 614 643 634 666; x_wconf 92' lang='lat'>»</span> <span class='ocrx_word' id='word_1_69' title='bbox 663 626 747 670; x_wconf 89' lang='lat' dir='ltr'>Sed</span> <span class='ocrx_word' id='word_1_70' title='bbox 768 627 813 669; x_wconf 92' lang='lat' dir='ltr'>in</span> <span class='ocrx_word' id='word_1_71' title='bbox 843 627 1034 686; x_wconf 78' lang='lat' dir='ltr'>quibus?</span> <span class='ocrx_word' id='word_1_72' title='bbox 1060 644 1080 667; x_wconf 94' lang='lat'>«</span> <span class='ocrx_word' id='word_1_73' title='bbox 1103 629 1154 669; x_wconf 92' lang='lat' dir='ltr'>In</span> <span class='ocrx_word' id='word_1_74' title='bbox 1175 625 1383 670; x_wconf 83' lang='lat' dir='ltr'>lateribus</span> <span class='ocrx_word' id='word_1_75' title='bbox 1405 624 1560 669; x_wconf 89' lang='lat' dir='ltr'>domus</span> <span class='ocrx_word' id='word_1_76' title='bbox 1583 634 1685 668; x_wconf 80' lang='lat' dir='ltr'>tuae.</span> <span class='ocrx_word' id='word_1_77' title='bbox 1713 641 1732 667; x_wconf 73' lang='lat' dir='ltr'>n</span> <span class='ocrx_word' id='word_1_78' title='bbox 1797 622 1815 661; x_wconf 63' lang='grc' dir='ltr'>Πθ</span> 
     </span>
     <span class='ocr_line' id='line_1_9' title="bbox 357 688 1815 754; baseline 0.001 -16"><span class='ocrx_word' id='word_1_79' title='bbox 357 697 408 738; x_wconf 92' lang='lat' dir='ltr'>In</span> <span class='ocrx_word' id='word_1_80' title='bbox 431 694 523 738; x_wconf 89' lang='lat' dir='ltr'>aliis</span> <span class='ocrx_word' id='word_1_81' title='bbox 544 695 620 754; x_wconf 90' lang='lat' dir='ltr'>qui</span> <span class='ocrx_word' id='word_1_82' title='bbox 641 710 732 739; x_wconf 93' lang='lat' dir='ltr'>non</span> <span class='ocrx_word' id='word_1_83' title='bbox 753 695 977 740; x_wconf 70' lang='lat' dir='ltr'>adhaerent</span> <span class='ocrx_word' id='word_1_84' title='bbox 995 695 1168 741; x_wconf 87' lang='lat' dir='ltr'>Christo</span> <span class='ocrx_word' id='word_1_85' title='bbox 1183 730 1194 750; x_wconf 90' lang='lat'>,</span> <span class='ocrx_word' id='word_1_86' title='bbox 1229 693 1396 739; x_wconf 88' lang='lat' dir='ltr'>sterilis.</span> <span class='ocrx_word' id='word_1_87' title='bbox 1436 694 1520 739; x_wconf 86' lang='lat' dir='ltr'>Sed</span> <span class='ocrx_word' id='word_1_88' title='bbox 1541 709 1620 738; x_wconf 88' lang='lat' dir='ltr'>nec</span> <span class='ocrx_word' id='word_1_89' title='bbox 1641 692 1736 740; x_wconf 82' lang='lat' dir='ltr'>illos</span> <span class='ocrx_word' id='word_1_90' title='bbox 1796 688 1815 730; x_wconf 57' lang='lat' dir='ltr'>fi*</span> 
     </span>
     <span class='ocr_line' id='line_1_10' title="bbox 353 764 851 823; baseline 0.002 -16"><span class='ocrx_word' id='word_1_91' title='bbox 353 765 398 807; x_wconf 93' lang='lat' dir='ltr'>in</span> <span class='ocrx_word' id='word_1_92' title='bbox 421 764 546 808; x_wconf 85' lang='lat' dir='ltr'>vinea</span> <span class='ocrx_word' id='word_1_93' title='bbox 569 764 851 823; x_wconf 85' lang='lat' dir='ltr'>computabo.</span> 
     </span>
    </p>

    <p class='ocr_par' dir='ltr' id='par_1_4' title="bbox 351 833 1764 1244">
     <span class='ocr_line' id='line_1_11' title="bbox 409 833 1735 893; baseline 0 -15"><span class='ocrx_word' id='word_1_94' title='bbox 409 836 512 878; x_wconf 88' lang='lat' dir='ltr'>XII.</span> <span class='ocrx_word' id='word_1_95' title='bbox 543 853 572 876; x_wconf 91' lang='lat'>«·</span> <span class='ocrx_word' id='word_1_96' title='bbox 589 834 687 878; x_wconf 87' lang='lat' dir='ltr'>Filii</span> <span class='ocrx_word' id='word_1_97' title='bbox 709 835 787 878; x_wconf 86' lang='lat' dir='ltr'>tui.</span> <span class='ocrx_word' id='word_1_98' title='bbox 815 852 837 875; x_wconf 78' lang='lat'>&gt;›</span> <span class='ocrx_word' id='word_1_99' title='bbox 862 837 971 888; x_wconf 84' lang='lat' dir='ltr'>Quae</span> <span class='ocrx_word' id='word_1_100' title='bbox 1007 844 1071 879; x_wconf 88' lang='lat' dir='ltr'>est</span> <span class='ocrx_word' id='word_1_101' title='bbox 1091 847 1226 890; x_wconf 70' lang='lat' dir='ltr'>uxor,</span> <span class='ocrx_word' id='word_1_102' title='bbox 1262 833 1344 893; x_wconf 91' lang='lat' dir='ltr'>ipsi</span> <span class='ocrx_word' id='word_1_103' title='bbox 1370 843 1474 878; x_wconf 86' lang='lat' dir='ltr'>sunt</span> <span class='ocrx_word' id='word_1_104' title='bbox 1506 842 1549 877; x_wconf 89' lang='lat' dir='ltr'>et</span> <span class='ocrx_word' id='word_1_105' title='bbox 1567 833 1660 877; x_wconf 88' lang='lat' dir='ltr'>filii.</span> <span class='ocrx_word' id='word_1_106' title='bbox 1684 836 1735 878; x_wconf 92' lang='lat' dir='ltr'>In</span> 
     </span>
     <span class='ocr_line' id='line_1_12' title="bbox 351 893 1732 965; baseline 0.001 -19"><span class='ocrx_word' id='word_1_107' title='bbox 351 903 440 946; x_wconf 92' lang='lat' dir='ltr'>istis</span> <span class='ocrx_word' id='word_1_108' title='bbox 460 893 705 948; x_wconf 82' lang='lat' dir='ltr'>carnalibus</span> <span class='ocrx_word' id='word_1_109' title='bbox 727 904 889 964; x_wconf 89' lang='lat' dir='ltr'>nuptiis</span> <span class='ocrx_word' id='word_1_110' title='bbox 911 913 953 948; x_wconf 87' lang='lat' dir='ltr'>et</span> <span class='ocrx_word' id='word_1_111' title='bbox 970 905 1178 965; x_wconf 80' lang='lat' dir='ltr'>conjugiis</span> <span class='ocrx_word' id='word_1_112' title='bbox 1193 939 1204 959; x_wconf 80' lang='lat'><strong>‚</strong></span> <span class='ocrx_word' id='word_1_113' title='bbox 1228 903 1313 947; x_wconf 86' lang='lat' dir='ltr'>alia</span> <span class='ocrx_word' id='word_1_114' title='bbox 1334 919 1442 947; x_wconf 84' lang='lat' dir='ltr'>uxor</span> <span class='ocrx_word' id='word_1_115' title='bbox 1464 911 1507 946; x_wconf 90' lang='lat' dir='ltr'>et</span> <span class='ocrx_word' id='word_1_116' title='bbox 1527 903 1595 947; x_wconf 83' lang='lat' dir='ltr'>alii</span> <span class='ocrx_word' id='word_1_117' title='bbox 1619 901 1698 946; x_wconf 89' lang='lat' dir='ltr'>filii</span> <span class='ocrx_word' id='word_1_118' title='bbox 1723 921 1732 948; x_wconf 92' lang='lat'><strong>:</strong></span> 
     </span>
     <span class='ocr_line' id='line_1_13' title="bbox 353 973 1735 1034; baseline 0 -18"><span class='ocrx_word' id='word_1_119' title='bbox 353 973 398 1016; x_wconf 93' lang='lat' dir='ltr'>in</span> <span class='ocrx_word' id='word_1_120' title='bbox 415 973 607 1018; x_wconf 82' lang='lat' dir='ltr'>Ecclesia</span> <span class='ocrx_word' id='word_1_121' title='bbox 631 990 730 1034; x_wconf 80' lang='lat' dir='ltr'>quae</span> <span class='ocrx_word' id='word_1_122' title='bbox 750 990 857 1019; x_wconf 85' lang='lat' dir='ltr'>uxor</span> <span class='ocrx_word' id='word_1_123' title='bbox 875 1010 885 1029; x_wconf 86' lang='lat'>,</span> <span class='ocrx_word' id='word_1_124' title='bbox 906 975 986 1034; x_wconf 91' lang='lat' dir='ltr'>ipsi</span> <span class='ocrx_word' id='word_1_125' title='bbox 1007 974 1098 1018; x_wconf 87' lang='lat' dir='ltr'>filii.</span> <span class='ocrx_word' id='word_1_126' title='bbox 1120 973 1187 1018; x_wconf 83' lang='lat' dir='ltr'>Ad</span> <span class='ocrx_word' id='word_1_127' title='bbox 1209 974 1447 1018; x_wconf 78' lang='lat' dir='ltr'>Ecclesiam</span> <span class='ocrx_word' id='word_1_128' title='bbox 1464 973 1580 1017; x_wconf 88' lang='lat' dir='ltr'>enim</span> <span class='ocrx_word' id='word_1_129' title='bbox 1602 973 1735 1032; x_wconf 75' lang='lat' dir='ltr'>perti—-</span> 
     </span>
     <span class='ocr_line' id='line_1_14' title="bbox 352 1043 1735 1102; baseline 0.001 -17"><span class='ocrx_word' id='word_1_130' title='bbox 352 1043 516 1087; x_wconf 75' lang='lat' dir='ltr'>nebant</span> <span class='ocrx_word' id='word_1_131' title='bbox 539 1043 734 1102; x_wconf 84' lang='lat' dir='ltr'>Apostoli</span> <span class='ocrx_word' id='word_1_132' title='bbox 754 1079 765 1099; x_wconf 83' lang='lat'>‚</span> <span class='ocrx_word' id='word_1_133' title='bbox 791 1053 832 1088; x_wconf 86' lang='lat' dir='ltr'>et</span> <span class='ocrx_word' id='word_1_134' title='bbox 854 1045 900 1088; x_wconf 92' lang='lat' dir='ltr'>in</span> <span class='ocrx_word' id='word_1_135' title='bbox 922 1044 1126 1088; x_wconf 87' lang='lat' dir='ltr'>membris</span> <span class='ocrx_word' id='word_1_136' title='bbox 1149 1044 1351 1088; x_wconf 71' lang='lat' dir='ltr'>Ecclesiae</span> <span class='ocrx_word' id='word_1_137' title='bbox 1380 1052 1516 1087; x_wconf 83' lang='lat' dir='ltr'>erant.</span> <span class='ocrx_word' id='word_1_138' title='bbox 1547 1045 1664 1101; x_wconf 83' lang='lat' dir='ltr'>Ergo</span> <span class='ocrx_word' id='word_1_139' title='bbox 1691 1043 1735 1087; x_wconf 87' lang='lat' dir='ltr'>in</span> 
     </span>
     <span class='ocr_line' id='line_1_15' title="bbox 353 1112 1764 1188; baseline 0.001 -32"><span class='ocrx_word' id='word_1_140' title='bbox 353 1114 538 1173; x_wconf 83' lang='lat' dir='ltr'>conjuge</span> <span class='ocrx_word' id='word_1_141' title='bbox 570 1114 701 1172; x_wconf 87' lang='lat' dir='ltr'>ipsius</span> <span class='ocrx_word' id='word_1_142' title='bbox 730 1123 879 1169; x_wconf 82' lang='lat' dir='ltr'>erant,</span> <span class='ocrx_word' id='word_1_143' title='bbox 913 1123 956 1158; x_wconf 87' lang='lat' dir='ltr'>et</span> <span class='ocrx_word' id='word_1_144' title='bbox 981 1115 1143 1174; x_wconf 82' lang='lat' dir='ltr'>conjux</span> <span class='ocrx_word' id='word_1_145' title='bbox 1164 1122 1287 1157; x_wconf 83' lang='lat' dir='ltr'>erant</span> <span class='ocrx_word' id='word_1_146' title='bbox 1309 1112 1549 1157; x_wconf 89' lang='lat' dir='ltr'>secundum</span> <span class='ocrx_word' id='word_1_147' title='bbox 1571 1114 1735 1171; x_wconf 83' lang='lat' dir='ltr'>portio·-</span> <span class='ocrx_word' id='word_1_148' title='bbox 1761 1112 1764 1188; x_wconf 62' lang='lat' dir='ltr'><strong>j</strong></span> 
     </span>
     <span class='ocr_line' id='line_1_16' title="bbox 352 1181 1764 1244; baseline 0.001 -19"><span class='ocrx_word' id='word_1_149' title='bbox 352 1197 457 1244; x_wconf 33' lang='lat' dir='ltr'>nem·</span> <span class='ocrx_word' id='word_1_150' title='bbox 472 1198 593 1226; x_wconf 89' lang='lat' dir='ltr'>suam</span> <span class='ocrx_word' id='word_1_151' title='bbox 613 1218 624 1237; x_wconf 88' lang='lat'>‚</span> <span class='ocrx_word' id='word_1_152' title='bbox 652 1199 783 1243; x_wconf 87' lang='lat' dir='ltr'>quam</span> <span class='ocrx_word' id='word_1_153' title='bbox 805 1185 850 1227; x_wconf 90' lang='lat' dir='ltr'>in</span> <span class='ocrx_word' id='word_1_154' title='bbox 873 1184 1077 1227; x_wconf 83' lang='lat' dir='ltr'>membris</span> <span class='ocrx_word' id='word_1_155' title='bbox 1100 1183 1370 1228; x_wconf 83' lang='lat' dir='ltr'>obtinebant.</span> <span class='ocrx_word' id='word_1_156' title='bbox 1398 1186 1541 1236; x_wconf 87' lang='lat' dir='ltr'>Quare</span> <span class='ocrx_word' id='word_1_157' title='bbox 1560 1197 1663 1241; x_wconf 84' lang='lat' dir='ltr'>ergo</span> <span class='ocrx_word' id='word_1_158' title='bbox 1681 1181 1734 1227; x_wconf 86' lang='lat' dir='ltr'>de</span> <span class='ocrx_word' id='word_1_159' title='bbox 1761 1189 1764 1239; x_wconf 75' lang='grc' dir='ltr'>Ι</span> 
     </span>
    </p>

    <p class='ocr_par' dir='ltr' id='par_1_5' title="bbox 1761 1325 1764 1387">
     <span class='ocr_line' id='line_1_17' title="bbox 1761 1325 1764 1346; baseline 0 0"><span class='ocrx_word' id='word_1_160' title='bbox 1761 1325 1764 1346; x_wconf 78' lang='lat' dir='ltr'>l</span> 
     </span>
     <span class='ocr_line' id='line_1_18' title="bbox 1761 1362 1764 1387; baseline 0 0"><span class='ocrx_word' id='word_1_161' title='bbox 1761 1362 1764 1387; x_wconf 73' lang='lat' dir='ltr'>l</span> 
     </span>
    </p>
   </div>
   <div class='ocr_carea' id='block_1_4' title="bbox 1761 773 1764 960">
    <p class='ocr_par' dir='ltr' id='par_1_6' title="bbox 1761 773 1764 960">
     <span class='ocr_line' id='line_1_19' title="bbox 1761 773 1764 960; baseline 0 0"><span class='ocrx_word' id='word_1_162' title='bbox 1761 773 1764 960; x_wconf 95' lang='lat' dir='ltr'> </span> 
     </span>
    </p>
   </div>
   <div class='ocr_carea' id='block_1_5' title="bbox 1761 996 1764 1109">
    <p class='ocr_par' dir='ltr' id='par_1_7' title="bbox 1761 996 1764 1109">
     <span class='ocr_line' id='line_1_20' title="bbox 1761 996 1764 1109; baseline 0 2144"><span class='ocrx_word' id='word_1_163' title='bbox 1761 996 1764 1109; x_wconf 95' lang='lat' dir='ltr'> </span> 
     </span>
    </p>
   </div>
   <div class='ocr_carea' id='block_1_6' title="bbox 338 1251 1815 2434">
    <p class='ocr_par' dir='ltr' id='par_1_8' title="bbox 338 1251 1815 2434">
     <span class='ocr_line' id='line_1_21' title="bbox 350 1251 1732 1313; baseline -0.001 -18"><span class='ocrx_word' id='word_1_164' title='bbox 350 1251 433 1296; x_wconf 89' lang='lat' dir='ltr'>illis</span> <span class='ocrx_word' id='word_1_165' title='bbox 456 1252 614 1296; x_wconf 88' lang='lat' dir='ltr'>dicitur</span> <span class='ocrx_word' id='word_1_166' title='bbox 634 1272 643 1297; x_wconf 75' lang='grc' dir='ltr'>ε</span> <span class='ocrx_word' id='word_1_167' title='bbox 668 1267 694 1296; x_wconf 63' lang='grc' dir='ltr'>ἀ</span> <span class='ocrx_word' id='word_1_168' title='bbox 718 1255 830 1298; x_wconf 90' lang='lat' dir='ltr'>Cum</span> <span class='ocrx_word' id='word_1_169' title='bbox 853 1255 1072 1297; x_wconf 80' lang='lat' dir='ltr'>recesserit</span> <span class='ocrx_word' id='word_1_170' title='bbox 1093 1253 1148 1297; x_wconf 84' lang='lat' dir='ltr'>ab</span> <span class='ocrx_word' id='word_1_171' title='bbox 1172 1254 1230 1297; x_wconf 92' lang='lat' dir='ltr'>eis</span> <span class='ocrx_word' id='word_1_172' title='bbox 1264 1267 1470 1313; x_wconf 85' lang='lat' dir='ltr'>sponsus,</span> <span class='ocrx_word' id='word_1_173' title='bbox 1497 1261 1604 1296; x_wconf 90' lang='lat' dir='ltr'>tunc</span> <span class='ocrx_word' id='word_1_174' title='bbox 1616 1253 1732 1312; x_wconf 82' lang='lat' dir='ltr'>jeju-</span> 
     </span>
     <span class='ocr_line' id='line_1_22' title="bbox 355 1319 1763 1383; baseline 0.001 -19"><span class='ocrx_word' id='word_1_175' title='bbox 355 1339 375 1363; x_wconf 89' lang='lat'>»</span> <span class='ocrx_word' id='word_1_176' title='bbox 411 1322 580 1366; x_wconf 83' lang='lat' dir='ltr'>nabunt</span> <span class='ocrx_word' id='word_1_177' title='bbox 607 1322 683 1366; x_wconf 86' lang='lat' dir='ltr'>filii</span> <span class='ocrx_word' id='word_1_178' title='bbox 717 1324 926 1383; x_wconf 76' lang='lat' dir='ltr'>sponsi³P</span> <span class='ocrx_word' id='word_1_179' title='bbox 957 1327 1071 1382; x_wconf 84' lang='lat' dir='ltr'>Ergo</span> <span class='ocrx_word' id='word_1_180' title='bbox 1104 1324 1196 1382; x_wconf 89' lang='lat' dir='ltr'>ipsa</span> <span class='ocrx_word' id='word_1_181' title='bbox 1230 1325 1411 1383; x_wconf 79' lang='lat' dir='ltr'>conjux,</span> <span class='ocrx_word' id='word_1_182' title='bbox 1453 1332 1497 1366; x_wconf 90' lang='lat' dir='ltr'>et</span> <span class='ocrx_word' id='word_1_183' title='bbox 1526 1323 1604 1381; x_wconf 89' lang='lat' dir='ltr'>ipsi</span> <span class='ocrx_word' id='word_1_184' title='bbox 1637 1323 1727 1366; x_wconf 84' lang='lat' dir='ltr'>filii.</span> <span class='ocrx_word' id='word_1_185' title='bbox 1762 1319 1763 1360; x_wconf 61' lang='grc' dir='ltr'>ἒ</span> 
     </span>
     <span class='ocr_line' id='line_1_23' title="bbox 349 1391 1808 1448; baseline 0.001 -12"><span class='ocrx_word' id='word_1_186' title='bbox 349 1391 512 1436; x_wconf 88' lang='lat' dir='ltr'>Mirum</span> <span class='ocrx_word' id='word_1_187' title='bbox 534 1392 647 1448; x_wconf 87' lang='lat' dir='ltr'>dico,</span> <span class='ocrx_word' id='word_1_188' title='bbox 665 1392 816 1437; x_wconf 85' lang='lat' dir='ltr'>fratres</span> <span class='ocrx_word' id='word_1_189' title='bbox 839 1394 937 1438; x_wconf 89' lang='lat' dir='ltr'>mei.</span> <span class='ocrx_word' id='word_1_190' title='bbox 960 1397 1012 1437; x_wconf 95' lang='lat' dir='ltr'>In</span> <span class='ocrx_word' id='word_1_191' title='bbox 1033 1395 1176 1438; x_wconf 86' lang='lat' dir='ltr'>verbis</span> <span class='ocrx_word' id='word_1_192' title='bbox 1199 1395 1371 1438; x_wconf 87' lang='lat' dir='ltr'>Domini</span> <span class='ocrx_word' id='word_1_193' title='bbox 1388 1393 1631 1437; x_wconf 86' lang='lat' dir='ltr'>invenimus</span> <span class='ocrx_word' id='word_1_194' title='bbox 1653 1396 1732 1437; x_wconf 90' lang='lat' dir='ltr'>Ec·</span> <span class='ocrx_word' id='word_1_195' title='bbox 1762 1391 1763 1394; x_wconf 62' lang='grc'>’</span> <span class='ocrx_word' id='word_1_196' title='bbox 1802 1403 1808 1430; x_wconf 75' lang='lat' dir='ltr'><strong>S</strong></span> 
     </span>
     <span class='ocr_line' id='line_1_24' title="bbox 349 1461 1815 1523; baseline 0.002 -19"><span class='ocrx_word' id='word_1_197' title='bbox 349 1461 521 1505; x_wconf 82' lang='lat' dir='ltr'>clesiam</span> <span class='ocrx_word' id='word_1_198' title='bbox 553 1473 596 1507; x_wconf 87' lang='lat' dir='ltr'>et</span> <span class='ocrx_word' id='word_1_199' title='bbox 629 1462 781 1507; x_wconf 85' lang='lat' dir='ltr'>fratres</span> <span class='ocrx_word' id='word_1_200' title='bbox 816 1464 949 1523; x_wconf 91' lang='lat' dir='ltr'>ipsius</span> <span class='ocrx_word' id='word_1_201' title='bbox 984 1479 1094 1518; x_wconf 86' lang='lat' dir='ltr'>esse,</span> <span class='ocrx_word' id='word_1_202' title='bbox 1132 1472 1175 1508; x_wconf 89' lang='lat' dir='ltr'>et</span> <span class='ocrx_word' id='word_1_203' title='bbox 1196 1479 1361 1508; x_wconf 90' lang='lat' dir='ltr'>sorores</span> <span class='ocrx_word' id='word_1_204' title='bbox 1384 1463 1515 1522; x_wconf 91' lang='lat' dir='ltr'>ipsius</span> <span class='ocrx_word' id='word_1_205' title='bbox 1550 1477 1664 1517; x_wconf 89' lang='lat' dir='ltr'>esse,</span> <span class='ocrx_word' id='word_1_206' title='bbox 1689 1471 1731 1507; x_wconf 89' lang='lat' dir='ltr'>et</span> <span class='ocrx_word' id='word_1_207' title='bbox 1803 1468 1815 1501; x_wconf 71' lang='lat' dir='ltr'>U</span> 
     </span>
     <span class='ocr_line' id='line_1_25' title="bbox 347 1528 1815 1596; baseline 0.002 -21"><span class='ocrx_word' id='word_1_208' title='bbox 347 1541 529 1576; x_wconf 87' lang='lat' dir='ltr'>matrem</span> <span class='ocrx_word' id='word_1_209' title='bbox 552 1535 684 1591; x_wconf 89' lang='lat' dir='ltr'>ipsius</span> <span class='ocrx_word' id='word_1_210' title='bbox 712 1549 813 1577; x_wconf 89' lang='lat' dir='ltr'>esse.</span> <span class='ocrx_word' id='word_1_211' title='bbox 840 1537 948 1578; x_wconf 80' lang='lat' dir='ltr'>Nam</span> <span class='ocrx_word' id='word_1_212' title='bbox 968 1550 1067 1578; x_wconf 90' lang='lat' dir='ltr'>cum</span> <span class='ocrx_word' id='word_1_213' title='bbox 1097 1535 1405 1596; x_wconf 84' lang='lat' dir='ltr'>nuntiarentur</span> <span class='ocrx_word' id='word_1_214' title='bbox 1422 1534 1460 1577; x_wconf 90' lang='lat' dir='ltr'>ei</span> <span class='ocrx_word' id='word_1_215' title='bbox 1482 1542 1618 1577; x_wconf 79' lang='lat' dir='ltr'>mater</span> <span class='ocrx_word' id='word_1_216' title='bbox 1640 1535 1730 1593; x_wconf 88' lang='lat' dir='ltr'>ejus</span> <span class='ocrx_word' id='word_1_217' title='bbox 1805 1528 1815 1570; x_wconf 67' lang='lat' dir='ltr'>sl</span> 
     </span>
     <span class='ocr_line' id='line_1_26' title="bbox 347 1601 1815 1664; baseline 0.001 -18"><span class='ocrx_word' id='word_1_218' title='bbox 347 1611 390 1646; x_wconf 91' lang='lat' dir='ltr'>et</span> <span class='ocrx_word' id='word_1_219' title='bbox 411 1602 564 1647; x_wconf 86' lang='lat' dir='ltr'>fratres</span> <span class='ocrx_word' id='word_1_220' title='bbox 588 1603 690 1649; x_wconf 83' lang='lat' dir='ltr'>foris</span> <span class='ocrx_word' id='word_1_221' title='bbox 711 1613 872 1648; x_wconf 85' lang='lat' dir='ltr'>stantes</span> <span class='ocrx_word' id='word_1_222' title='bbox 887 1606 929 1660; x_wconf 78' lang='lat'>43</span> <span class='ocrx_word' id='word_1_223' title='bbox 951 1605 1055 1664; x_wconf 86' lang='lat' dir='ltr'>quia</span> <span class='ocrx_word' id='word_1_224' title='bbox 1080 1604 1183 1649; x_wconf 87' lang='lat' dir='ltr'>foris</span> <span class='ocrx_word' id='word_1_225' title='bbox 1205 1605 1406 1659; x_wconf 78' lang='lat' dir='ltr'>stabant,</span> <span class='ocrx_word' id='word_1_226' title='bbox 1431 1613 1586 1663; x_wconf 85' lang='lat' dir='ltr'>typum</span> <span class='ocrx_word' id='word_1_227' title='bbox 1612 1619 1730 1660; x_wconf 82' lang='lat' dir='ltr'>gere·</span> <span class='ocrx_word' id='word_1_228' title='bbox 1806 1601 1815 1642; x_wconf 74' lang='lat' dir='ltr'>l</span> 
     </span>
     <span class='ocr_line' id='line_1_27' title="bbox 346 1673 1814 1734; baseline 0.001 -18"><span class='ocrx_word' id='word_1_229' title='bbox 346 1673 468 1717; x_wconf 85' lang='lat' dir='ltr'>bant.</span> <span class='ocrx_word' id='word_1_230' title='bbox 494 1675 598 1727; x_wconf 85' lang='lat' dir='ltr'>Quis</span> <span class='ocrx_word' id='word_1_231' title='bbox 626 1684 757 1734; x_wconf 86' lang='lat' dir='ltr'>typus</span> <span class='ocrx_word' id='word_1_232' title='bbox 779 1675 960 1718; x_wconf 82' lang='lat' dir='ltr'>matris?</span> <span class='ocrx_word' id='word_1_233' title='bbox 996 1678 1238 1734; x_wconf 83' lang='lat' dir='ltr'>Synagoga.</span> <span class='ocrx_word' id='word_1_234' title='bbox 1265 1675 1370 1727; x_wconf 89' lang='lat' dir='ltr'>Quis</span> <span class='ocrx_word' id='word_1_235' title='bbox 1393 1683 1524 1733; x_wconf 84' lang='lat' dir='ltr'>typus</span> <span class='ocrx_word' id='word_1_236' title='bbox 1548 1674 1729 1718; x_wconf 77' lang='lat' dir='ltr'>fratrum</span> <span class='ocrx_word' id='word_1_237' title='bbox 1760 1680 1763 1699; x_wconf 69' lang='lat'><em>⁴</em></span> <span class='ocrx_word' id='word_1_238' title='bbox 1808 1682 1814 1711; x_wconf 76' lang='lat'>1</span> 
     </span>
     <span class='ocr_line' id='line_1_28' title="bbox 345 1743 1724 1802; baseline 0.001 -16"><span class='ocrx_word' id='word_1_239' title='bbox 345 1743 615 1788; x_wconf 81' lang='lat' dir='ltr'>carnalium?</span> <span class='ocrx_word' id='word_1_240' title='bbox 644 1745 786 1788; x_wconf 71' lang='lat' dir='ltr'>Judeei</span> <span class='ocrx_word' id='word_1_241' title='bbox 822 1743 924 1788; x_wconf 89' lang='lat' dir='ltr'>foris</span> <span class='ocrx_word' id='word_1_242' title='bbox 953 1753 1129 1788; x_wconf 82' lang='lat' dir='ltr'>stantes.</span> <span class='ocrx_word' id='word_1_243' title='bbox 1162 1747 1218 1788; x_wconf 91' lang='lat' dir='ltr'>Et</span> <span class='ocrx_word' id='word_1_244' title='bbox 1254 1743 1357 1788; x_wconf 84' lang='lat' dir='ltr'>foris</span> <span class='ocrx_word' id='word_1_245' title='bbox 1390 1753 1473 1787; x_wconf 84' lang='lat' dir='ltr'>stat</span> <span class='ocrx_word' id='word_1_246' title='bbox 1493 1759 1724 1802; x_wconf 81' lang='lat' dir='ltr'>synagoga.</span> 
     </span>
     <span class='ocr_line' id='line_1_29' title="bbox 344 1810 1815 1874; baseline 0 -16"><span class='ocrx_word' id='word_1_247' title='bbox 344 1815 453 1858; x_wconf 80' lang='lat' dir='ltr'>Nam</span> <span class='ocrx_word' id='word_1_248' title='bbox 477 1815 611 1858; x_wconf 80' lang='lat' dir='ltr'>Maria</span> <span class='ocrx_word' id='word_1_249' title='bbox 639 1815 684 1857; x_wconf 89' lang='lat' dir='ltr'>in</span> <span class='ocrx_word' id='word_1_250' title='bbox 705 1814 913 1858; x_wconf 85' lang='lat' dir='ltr'>lateribus</span> <span class='ocrx_word' id='word_1_251' title='bbox 950 1814 1106 1858; x_wconf 91' lang='lat' dir='ltr'>domus</span> <span class='ocrx_word' id='word_1_252' title='bbox 1134 1817 1253 1874; x_wconf 77' lang='lat' dir='ltr'>ejus,</span> <span class='ocrx_word' id='word_1_253' title='bbox 1283 1824 1325 1859; x_wconf 88' lang='lat' dir='ltr'>et</span> <span class='ocrx_word' id='word_1_254' title='bbox 1358 1815 1530 1873; x_wconf 84' lang='lat' dir='ltr'>cognati</span> <span class='ocrx_word' id='word_1_255' title='bbox 1554 1816 1646 1874; x_wconf 86' lang='lat' dir='ltr'>ejus</span> <span class='ocrx_word' id='word_1_256' title='bbox 1678 1830 1728 1858; x_wconf 85' lang='lat' dir='ltr'>ex</span> <span class='ocrx_word' id='word_1_257' title='bbox 1761 1810 1763 1824; x_wconf 63' lang='lat'>¹</span> <span class='ocrx_word' id='word_1_258' title='bbox 1810 1824 1815 1852; x_wconf 81' lang='grc'>(</span> 
     </span>
     <span class='ocr_line' id='line_1_30' title="bbox 343 1883 1815 1945; baseline 0.001 -19"><span class='ocrx_word' id='word_1_259' title='bbox 343 1883 519 1941; x_wconf 82' lang='lat' dir='ltr'>virginis</span> <span class='ocrx_word' id='word_1_260' title='bbox 533 1884 680 1928; x_wconf 79' lang='lat' dir='ltr'>Mariae</span> <span class='ocrx_word' id='word_1_261' title='bbox 701 1885 1076 1943; x_wconf 80' lang='lat' dir='ltr'>consanguinitate</span> <span class='ocrx_word' id='word_1_262' title='bbox 1097 1886 1335 1939; x_wconf 88' lang='lat' dir='ltr'>venientes,</span> <span class='ocrx_word' id='word_1_263' title='bbox 1361 1885 1434 1945; x_wconf 86' lang='lat' dir='ltr'>qui</span> <span class='ocrx_word' id='word_1_264' title='bbox 1451 1885 1496 1928; x_wconf 91' lang='lat' dir='ltr'>in</span> <span class='ocrx_word' id='word_1_265' title='bbox 1518 1900 1616 1928; x_wconf 87' lang='lat' dir='ltr'>eum</span> <span class='ocrx_word' id='word_1_266' title='bbox 1641 1900 1728 1928; x_wconf 87' lang='lat' dir='ltr'>cre·</span> <span class='ocrx_word' id='word_1_267' title='bbox 1814 1898 1815 1919; x_wconf 60' lang='lat'>¹</span> 
     </span>
     <span class='ocr_line' id='line_1_31' title="bbox 347 1952 1815 2014; baseline 0.002 -19"><span class='ocrx_word' id='word_1_268' title='bbox 347 1952 579 2008; x_wconf 79' lang='lat' dir='ltr'>diderunt,</span> <span class='ocrx_word' id='word_1_269' title='bbox 604 1954 647 1996; x_wconf 90' lang='lat' dir='ltr'>in</span> <span class='ocrx_word' id='word_1_270' title='bbox 668 1953 873 1997; x_wconf 84' lang='lat' dir='ltr'>lateribus</span> <span class='ocrx_word' id='word_1_271' title='bbox 895 1954 1051 1998; x_wconf 88' lang='lat' dir='ltr'>domus</span> <span class='ocrx_word' id='word_1_272' title='bbox 1075 1956 1192 2014; x_wconf 89' lang='lat' dir='ltr'>ejus:</span> <span class='ocrx_word' id='word_1_273' title='bbox 1218 1971 1306 1998; x_wconf 90' lang='lat' dir='ltr'>non</span> <span class='ocrx_word' id='word_1_274' title='bbox 1330 1956 1374 1997; x_wconf 92' lang='lat' dir='ltr'>in</span> <span class='ocrx_word' id='word_1_275' title='bbox 1396 1963 1611 2014; x_wconf 82' lang='lat' dir='ltr'>quantum</span> <span class='ocrx_word' id='word_1_276' title='bbox 1636 1969 1729 1998; x_wconf 84' lang='lat' dir='ltr'>car·</span> <span class='ocrx_word' id='word_1_277' title='bbox 1760 2006 1763 2010; x_wconf 65' lang='lat'>,</span> <span class='ocrx_word' id='word_1_278' title='bbox 1810 1967 1815 1992; x_wconf 80' lang='lat'>1</span> 
     </span>
     <span class='ocr_line' id='line_1_32' title="bbox 344 2015 1815 2084; baseline 0.002 -19"><span class='ocrx_word' id='word_1_279' title='bbox 344 2021 432 2065; x_wconf 83' lang='lat' dir='ltr'>nali</span> <span class='ocrx_word' id='word_1_280' title='bbox 454 2023 982 2083; x_wconf 79' lang='lat' dir='ltr'>consanguinitatejuncti</span> <span class='ocrx_word' id='word_1_281' title='bbox 1002 2034 1140 2079; x_wconf 76' lang='lat' dir='ltr'>erant,</span> <span class='ocrx_word' id='word_1_282' title='bbox 1156 2024 1231 2068; x_wconf 88' lang='lat' dir='ltr'>sed</span> <span class='ocrx_word' id='word_1_283' title='bbox 1252 2025 1295 2067; x_wconf 92' lang='lat' dir='ltr'>in</span> <span class='ocrx_word' id='word_1_284' title='bbox 1314 2034 1528 2084; x_wconf 82' lang='lat' dir='ltr'>quantum</span> <span class='ocrx_word' id='word_1_285' title='bbox 1544 2025 1726 2068; x_wconf 87' lang='lat' dir='ltr'>verbum</span> <span class='ocrx_word' id='word_1_286' title='bbox 1760 2015 1763 2044; x_wconf 63' lang='lat'><em>³</em></span> <span class='ocrx_word' id='word_1_287' title='bbox 1810 2038 1815 2063; x_wconf 64' lang='grc' dir='ltr'><strong>ι</strong></span> 
     </span>
     <span class='ocr_line' id='line_1_33' title="bbox 343 2092 1815 2153; baseline 0.003 -18"><span class='ocrx_word' id='word_1_288' title='bbox 343 2092 421 2135; x_wconf 91' lang='lat' dir='ltr'>Dei</span> <span class='ocrx_word' id='word_1_289' title='bbox 438 2092 675 2136; x_wconf 80' lang='lat' dir='ltr'>audiebant</span> <span class='ocrx_word' id='word_1_290' title='bbox 696 2102 738 2136; x_wconf 90' lang='lat' dir='ltr'>et</span> <span class='ocrx_word' id='word_1_291' title='bbox 760 2092 992 2137; x_wconf 80' lang='lat' dir='ltr'>faciebant.</span> <span class='ocrx_word' id='word_1_292' title='bbox 1009 2096 1101 2137; x_wconf 89' lang='lat' dir='ltr'>Hoc</span> <span class='ocrx_word' id='word_1_293' title='bbox 1119 2094 1232 2137; x_wconf 88' lang='lat' dir='ltr'>enim</span> <span class='ocrx_word' id='word_1_294' title='bbox 1251 2094 1474 2153; x_wconf 87' lang='lat' dir='ltr'>respondit</span> <span class='ocrx_word' id='word_1_295' title='bbox 1498 2095 1721 2150; x_wconf 89' lang='lat' dir='ltr'>Dominus,</span> <span class='ocrx_word' id='word_1_296' title='bbox 1809 2107 1815 2141; x_wconf 73' lang='grc' dir='ltr'>ί,</span> 
     </span>
     <span class='ocr_line' id='line_1_34' title="bbox 342 2161 1815 2223; baseline 0.003 -19"><span class='ocrx_word' id='word_1_297' title='bbox 342 2169 386 2204; x_wconf 91' lang='lat' dir='ltr'>et</span> <span class='ocrx_word' id='word_1_298' title='bbox 405 2161 464 2205; x_wconf 88' lang='lat' dir='ltr'>ait</span> <span class='ocrx_word' id='word_1_299' title='bbox 489 2180 498 2205; x_wconf 90' lang='lat'>:</span> <span class='ocrx_word' id='word_1_300' title='bbox 528 2181 547 2204; x_wconf 89' lang='lat'>«</span> <span class='ocrx_word' id='word_1_301' title='bbox 563 2165 670 2215; x_wconf 81' lang='lat' dir='ltr'>Quae</span> <span class='ocrx_word' id='word_1_302' title='bbox 687 2163 794 2206; x_wconf 88' lang='lat' dir='ltr'>mihi</span> <span class='ocrx_word' id='word_1_303' title='bbox 817 2171 953 2206; x_wconf 85' lang='lat' dir='ltr'>mater</span> <span class='ocrx_word' id='word_1_304' title='bbox 969 2197 979 2215; x_wconf 79' lang='grc'>,</span> <span class='ocrx_word' id='word_1_305' title='bbox 1006 2172 1081 2207; x_wconf 88' lang='lat' dir='ltr'>aut</span> <span class='ocrx_word' id='word_1_306' title='bbox 1101 2164 1177 2223; x_wconf 89' lang='lat' dir='ltr'>qui</span> <span class='ocrx_word' id='word_1_307' title='bbox 1196 2163 1350 2207; x_wconf 81' lang='lat' dir='ltr'>fratres</span> <span class='ocrx_word' id='word_1_308' title='bbox 1367 2166 1413 2208; x_wconf 77' lang='lat'>⁵?</span> <span class='ocrx_word' id='word_1_309' title='bbox 1434 2183 1453 2204; x_wconf 91' lang='lat'>»</span> <span class='ocrx_word' id='word_1_310' title='bbox 1481 2164 1605 2208; x_wconf 90' lang='lat' dir='ltr'>Unde</span> <span class='ocrx_word' id='word_1_311' title='bbox 1625 2173 1724 2208; x_wconf 88' lang='lat' dir='ltr'>ten-</span> <span class='ocrx_word' id='word_1_312' title='bbox 1809 2175 1815 2202; x_wconf 63' lang='lat' dir='ltr'><em>e</em></span> 
     </span>
     <span class='ocr_line' id='line_1_35' title="bbox 339 2233 1815 2293; baseline 0.004 -18"><span class='ocrx_word' id='word_1_313' title='bbox 339 2241 541 2277; x_wconf 85' lang='lat' dir='ltr'>taverunt</span> <span class='ocrx_word' id='word_1_314' title='bbox 562 2233 740 2293; x_wconf 87' lang='lat' dir='ltr'>quidam</span> <span class='ocrx_word' id='word_1_315' title='bbox 772 2233 937 2288; x_wconf 78' lang='lat' dir='ltr'>dicere,</span> <span class='ocrx_word' id='word_1_316' title='bbox 964 2234 1066 2293; x_wconf 83' lang='lat' dir='ltr'>quia</span> <span class='ocrx_word' id='word_1_317' title='bbox 1088 2235 1283 2279; x_wconf 84' lang='lat' dir='ltr'>Christus</span> <span class='ocrx_word' id='word_1_318' title='bbox 1315 2244 1498 2279; x_wconf 80' lang='lat' dir='ltr'>matrem</span> <span class='ocrx_word' id='word_1_319' title='bbox 1531 2250 1619 2279; x_wconf 92' lang='lat' dir='ltr'>non</span> <span class='ocrx_word' id='word_1_320' title='bbox 1650 2236 1724 2281; x_wconf 75' lang='lat' dir='ltr'>ha·</span> <span class='ocrx_word' id='word_1_321' title='bbox 1810 2249 1815 2288; x_wconf 69' lang='grc' dir='ltr'>ι</span> 
     </span>
     <span class='ocr_line' id='line_1_36' title="bbox 339 2301 1815 2363; baseline 0.003 -19"><span class='ocrx_word' id='word_1_322' title='bbox 339 2301 436 2344; x_wconf 91' lang='lat' dir='ltr'>buit</span> <span class='ocrx_word' id='word_1_323' title='bbox 453 2335 464 2355; x_wconf 84' lang='lat'>‚</span> <span class='ocrx_word' id='word_1_324' title='bbox 489 2302 590 2361; x_wconf 87' lang='lat' dir='ltr'>quia</span> <span class='ocrx_word' id='word_1_325' title='bbox 612 2302 718 2347; x_wconf 83' lang='lat' dir='ltr'>dixit</span> <span class='ocrx_word' id='word_1_326' title='bbox 743 2322 753 2347; x_wconf 77' lang='lat' dir='ltr'>z</span> <span class='ocrx_word' id='word_1_327' title='bbox 782 2322 802 2345; x_wconf 89' lang='lat'>«</span> <span class='ocrx_word' id='word_1_328' title='bbox 819 2306 928 2356; x_wconf 73' lang='lat' dir='ltr'>Quae</span> <span class='ocrx_word' id='word_1_329' title='bbox 948 2304 1056 2346; x_wconf 88' lang='lat' dir='ltr'>mihi</span> <span class='ocrx_word' id='word_1_330' title='bbox 1079 2306 1250 2348; x_wconf 77' lang='lat' dir='ltr'>mater?</span> <span class='ocrx_word' id='word_1_331' title='bbox 1271 2324 1289 2345; x_wconf 87' lang='lat'>»</span> <span class='ocrx_word' id='word_1_332' title='bbox 1316 2306 1484 2356; x_wconf 82' lang='lat' dir='ltr'>Quare?</span> <span class='ocrx_word' id='word_1_333' title='bbox 1507 2307 1622 2363; x_wconf 81' lang='lat' dir='ltr'>Ergo</span> <span class='ocrx_word' id='word_1_334' title='bbox 1647 2302 1722 2349; x_wconf 81' lang='lat' dir='ltr'>Pe·</span> <span class='ocrx_word' id='word_1_335' title='bbox 1760 2350 1761 2361; x_wconf 15' lang='grc' dir='ltr'>γ</span> <span class='ocrx_word' id='word_1_336' title='bbox 1811 2312 1815 2342; x_wconf 74' lang='lat' dir='ltr'>t</span> 
     </span>
     <span class='ocr_line' id='line_1_37' title="bbox 338 2373 1815 2434; baseline 0.005 -21"><span class='ocrx_word' id='word_1_337' title='bbox 338 2379 430 2414; x_wconf 86' lang='lat' dir='ltr'>trus</span> <span class='ocrx_word' id='word_1_338' title='bbox 461 2380 505 2414; x_wconf 89' lang='lat' dir='ltr'>et</span> <span class='ocrx_word' id='word_1_339' title='bbox 534 2374 722 2416; x_wconf 89' lang='lat' dir='ltr'>Joannes</span> <span class='ocrx_word' id='word_1_340' title='bbox 755 2381 798 2416; x_wconf 89' lang='lat' dir='ltr'>et</span> <span class='ocrx_word' id='word_1_341' title='bbox 833 2373 1050 2427; x_wconf 86' lang='lat' dir='ltr'>Jacobus,</span> <span class='ocrx_word' id='word_1_342' title='bbox 1082 2382 1125 2417; x_wconf 88' lang='lat' dir='ltr'>et</span> <span class='ocrx_word' id='word_1_343' title='bbox 1155 2373 1226 2417; x_wconf 82' lang='lat' dir='ltr'>alii</span> <span class='ocrx_word' id='word_1_344' title='bbox 1248 2374 1441 2434; x_wconf 86' lang='lat' dir='ltr'>Apostoli</span> <span class='ocrx_word' id='word_1_345' title='bbox 1465 2384 1607 2433; x_wconf 82' lang='lat' dir='ltr'>patres</span> <span class='ocrx_word' id='word_1_346' title='bbox 1629 2389 1718 2419; x_wconf 91' lang='lat' dir='ltr'>non</span> <span class='ocrx_word' id='word_1_347' title='bbox 1811 2387 1815 2413; x_wconf 86' lang='lat'><em>1</em></span> 
     </span>
    </p>
   </div>
   <div class='ocr_carea' id='block_1_7' title="bbox 336 2453 1761 2562">
    <p class='ocr_par' dir='ltr' id='par_1_9' title="bbox 336 2453 1761 2562">
     <span class='ocr_line' id='line_1_38' title="bbox 383 2453 1761 2513; baseline 0.004 -15"><span class='ocrx_word' id='word_1_348' title='bbox 383 2472 393 2488; x_wconf 89' lang='lat'>¹</span> <span class='ocrx_word' id='word_1_349' title='bbox 413 2468 491 2498; x_wconf 82' lang='lat' dir='ltr'>Gen.</span> <span class='ocrx_word' id='word_1_350' title='bbox 519 2478 551 2506; x_wconf 85' lang='lat' dir='ltr'>n,</span> <span class='ocrx_word' id='word_1_351' title='bbox 567 2476 621 2500; x_wconf 74' lang='lat'>¹22.</span> <span class='ocrx_word' id='word_1_352' title='bbox 637 2485 678 2491; x_wconf 85' lang='lat'>-</span> <span class='ocrx_word' id='word_1_353' title='bbox 697 2470 906 2510; x_wconf 68' lang='lat' dir='ltr'>*Joan.x1x‚</span> <span class='ocrx_word' id='word_1_354' title='bbox 925 2468 978 2508; x_wconf 65' lang='grc'>34.</span> <span class='ocrx_word' id='word_1_355' title='bbox 999 2486 1041 2491; x_wconf 88' lang='grc'>-</span> <span class='ocrx_word' id='word_1_356' title='bbox 1057 2467 1070 2492; x_wconf 81' lang='lat'>3</span> <span class='ocrx_word' id='word_1_357' title='bbox 1086 2470 1262 2512; x_wconf 77' lang='lat' dir='ltr'>Matth.11,</span> <span class='ocrx_word' id='word_1_358' title='bbox 1289 2474 1337 2504; x_wconf 82' lang='lat'>15.</span> <span class='ocrx_word' id='word_1_359' title='bbox 1362 2489 1403 2494; x_wconf 90' lang='lat'><strong>—</strong></span> <span class='ocrx_word' id='word_1_360' title='bbox 1421 2470 1436 2496; x_wconf 74' lang='lat'><strong><em>4</em></strong></span> <span class='ocrx_word' id='word_1_361' title='bbox 1452 2471 1500 2503; x_wconf 86' lang='lat' dir='ltr'>Id.</span> <span class='ocrx_word' id='word_1_362' title='bbox 1520 2482 1577 2511; x_wconf 79' lang='lat' dir='ltr'>xli,</span> <span class='ocrx_word' id='word_1_363' title='bbox 1599 2470 1654 2513; x_wconf 72' lang='grc'>45.</span> <span class='ocrx_word' id='word_1_364' title='bbox 1675 2487 1714 2493; x_wconf 92' lang='grc'>-</span> <span class='ocrx_word' id='word_1_365' title='bbox 1759 2453 1761 2475; x_wconf 53' lang='grc' dir='ltr'>Ἰ</span> 
     </span>
     <span class='ocr_line' id='line_1_39' title="bbox 336 2519 526 2562; baseline 0.016 -12"><span class='ocrx_word' id='word_1_366' title='bbox 336 2519 526 2562; x_wconf 69' lang='lat' dir='ltr'>⁵11›i‹t..48.</span> 
     </span>
    </p>
   </div>
   <div class='ocr_carea' id='block_1_8' title="bbox 1759 1396 1764 2773">
    <p class='ocr_par' dir='ltr' id='par_1_10' title="bbox 1759 1396 1764 2773">
     <span class='ocr_line' id='line_1_40' title="bbox 1759 1396 1764 2773; baseline 0 0"><span class='ocrx_word' id='word_1_367' title='bbox 1759 1396 1764 2773; x_wconf 95' lang='lat' dir='ltr'> </span> 
     </span>
    </p>
   </div>
   <div class='ocr_carea' id='block_1_9' title="bbox 1756 2724 1796 3253">
    <p class='ocr_par' dir='ltr' id='par_1_11' title="bbox 1756 2724 1796 3253">
     <span class='ocr_line' id='line_1_41' title="bbox 1756 2724 1796 3253; textangle 90"><span class='ocrx_word' id='word_1_368' title='bbox 1756 2929 1796 3253; x_wconf 48' lang='lat' dir='ltr'>fi-—ssf‘fffi&#39;</span> <span class='ocrx_word' id='word_1_369' title='bbox 1758 2724 1760 2740; x_wconf 83' lang='grc'><em>’</em></span> 
     </span>
    </p>
   </div>
  </div>
 </body>
</html>
