1815 3253
351 203 434 242 122
779 210 814 242 s.
850 208 1081 243 Aucus-nm
1112 214 1296 243 EPISCOPI

347 276 694 323 scandalizentur
713 278 858 338 potius
879 278 924 322 in
945 279 1030 324 hoc
1061 279 1231 324 Psalmo
1245 314 1257 335 ,
1282 293 1414 338 quam
1436 279 1720 326 aedificentur.

346 352 454 395 Nam
477 348 689 404 breviter,
711 350 993 409 (quanquam
1016 364 1132 404 eum,
1172 365 1273 394 cum
1303 358 1572 406 cantaretur,
1597 351 1724 396 audi—

343 420 484 465 vimus
501 455 510 473 ,
527 419 656 478 )quia
680 419 820 463 brevis
842 428 920 474 est,
940 434 1068 463 curro
1090 435 1205 475 eum,
1231 435 1319 464 non
1343 428 1545 475 tractans,
1571 420 1646 465 sed
1663 420 1725 465 le-

346 505 465 548 gens.
482 492 538 533 Et·
551 489 695 533 videte
708 489 810 549 quia
830 489 863 532 si
876 489 974 532 talia
987 489 1172 549 quisque
1191 489 1458 548 concupierit
1477 505 1554 548 pro
1571 505 1726 548 magno

347 575 370 602 a
399 562 509 613 Deo,
543 558 685 618 qualia
717 558 910 602 continet
935 559 1013 602 iste
1040 559 1231 602 Psalmus
1255 580 1266 616 3
1296 568 1338 602 et
1362 558 1474 603 forte
1506 575 1596 603 non
1628 561 1728 619 quia

346 628 540 674 desertus
558 638 621 672 est
635 629 688 672 ab
702 628 793 683 illo,
811 628 887 672 sed
905 629 1004 688 quia
1018 629 1150 686 magis
1165 629 1373 687 diligitur,
1386 645 1474 673 non
1493 631 1725 689 acceperit3

348 698 592 758 videritque
613 698 685 742 illa
708 715 806 758 quae
823 699 893 743 hic
910 700 967 743 sic
985 698 1150 743 audivit
1167 714 1256 743 esse
1278 699 1457 758 praemia
1482 700 1727 745 timentium

349 771 485 813 Deum
501 803 512 823 ,
538 768 759 812 abundare
782 768 866 812 illis
880 769 956 828 qui
974 784 1063 812 non
1074 769 1229 812 timent
1250 772 1387 813 Deum
1403 804 1413 824 ,
1435 777 1593 813 nutent
1615 785 1729 828 gres-

348 853 419 882 sus
440 838 578 893 illius,
607 847 650 881 et
672 838 957 882 effundantur
985 838 1110 897 lapsu
1130 839 1302 896 vestigia
1325 840 1437 899 ejus,
1471 847 1514 882 et
1542 838 1660 883 dicat
1685 840 1729 883 in

348 907 479 952 corde
496 923 597 961 suo,
623 907 714 951 sine
729 923 853 951 causa
875 923 919 951 se
940 911 1079 952 Deum
1096 908 1309 963 timuisse,
1330 908 1507 969 quando
1523 907 1596 951 illa
1615 907 1730 954 dona

344 992 435 1021 non
466 977 648 1032 meruit,
674 993 773 1037 quae
797 978 994 1036 promisit
1032 978 1285 1021 timentibus
1307 993 1376 1035 se3
1401 978 1579 1036 insuper
1608 986 1651 1021 et
1670 977 1731 1023 illi
1764 969 1766 980 ¹

345 1057 624 1107 acceperunt,
640 1049 716 1108 qui
735 1063 835 1092 eum
853 1064 943 1092 non
956 1048 1099 1094 solum
1119 1064 1208 1092 non
1219 1048 1482 1104 timuerunt,
1506 1047 1580 1093 sed
1602 1049 1731 1093 etiam

345 1117 771 1176 blasphemaverunt.
796 1117 951 1162 Videte
974 1118 1089 1162 enim
1110 1117 1220 1178 quid
1241 1118 1382 1162 dicat:
1403 1118 1559 1161 «Beati
1583 1133 1731 1163 omnes

353 1207 374 1230 »
401 1189 475 1248 qui
497 1188 653 1232 timent
674 1189 936 1244 Dominum,
962 1189 1038 1248 qui
1053 1188 1279 1233 ambulant
1294 1189 1340 1233 in
1362 1189 1439 1233 viis
1461 1189 1566 1248 ejus.
1592 1188 1733 1233 Labo-

351 1276 372 1300 »
399 1274 464 1302 res
497 1259 722 1303 fructuum
750 1269 927 1303 tuorum
950 1259 1256 1314 manducabis,
1281 1259 1434 1303 beatus
1455 1274 1499 1303 es
1515 1294 1525 1314 ,
1552 1267 1596 1303 et
1621 1259 1731 1303 bene

350 1346 371 1370 »
397 1329 475 1372 tibi
496 1329 619 1373 erit1.
645 1348 662 1369 >›
686 1329 842 1373 Adhuc
863 1344 1091 1388 possumus
1114 1330 1207 1384 hie,
1228 1338 1271 1373 et
1288 1329 1486 1389 quamvis
1509 1328 1728 1384 animales,
1762 1356 1763 1367 i

349 1397 668 1441 beatitudinem
690 1397 827 1442 futuri
849 1398 995 1442 saeculi
1018 1399 1206 1456 cogitare
1225 1419 1235 1455 3
1266 1399 1341 1442 sed
1367 1398 1510 1442 videte
1535 1397 1642 1458 quid
1664 1413 1730 1441 se-

348 1468 512 1527 quitur.
539 1487 556 1509 «
584 1471 699 1512 Uxor
722 1477 795 1512 tua
817 1469 927 1512 sicut
949 1469 1073 1513 vinea
1090 1468 1241 1512 fertilis
1255 1504 1265 1522 ,
1290 1468 1336 1512 in
1356 1468 1562 1513 lateribus
1578 1468 1731 1513 domus

353 1554 373 1577 u
399 1546 500 1583 tuae.
514 1538 597 1580 Fili
620 1539 683 1581 tui
699 1539 809 1582 sicut
830 1538 1062 1582 novellatio
1078 1537 1305 1593 olivarum,
1318 1539 1363 1581 in
1377 1537 1558 1581 circuitu
1573 1552 1731 1581 mensae

352 1624 372 1648 »
400 1611 520 1650 tuae2.
547 1611 658 1651 Ecce
676 1608 734 1651 sic
750 1607 1033 1652 benedicetur
1052 1609 1198 1662 homo,
1214 1608 1289 1667 qui
1302 1608 1426 1651 timet
1444 1608 1727 1651 Dominum.»

350 1678 602 1729 Quomodo?
613 1680 669 1721 Ut
679 1678 732 1721 sit
742 1693 849 1722 uxor
859 1679 947 1737 ejus
956 1687 1165 1738 tanquam
1178 1679 1302 1723 vinea
1311 1676 1461 1721 fertilis
1474 1677 1731 1721 inlateribus

349 1746 506 1790 domus
523 1748 557 1806 ej
567 1763 627 1801 us,
645 1755 687 1790 et
704 1747 782 1790 filii
797 1748 886 1807 ejus
900 1747 1170 1791 circumdent
1184 1762 1375 1791 mensam
1393 1748 1504 1807 ejus,
1522 1756 1730 1806 tanquam
1758 1760 1759 1767 ¹

350 1817 560 1861 olivarum
585 1816 837 1861 novellatio.
861 1820 976 1874 Ergo
997 1817 1282 1877 perdiderunt
1304 1817 1546 1861 mercedem
1580 1832 1701 1860 suam
1716 1851 1727 1871 ‚
1756 1817 1759 1870 J

349 1888 425 1947 qui
451 1896 626 1946 propter
647 1890 786 1930 Deum
819 1887 948 1948 etiam
976 1902 1127 1931 uxores
1159 1886 1318 1931 ducere
1348 1886 1613 1931 noluerunt?
1648 1885 1730 1931 Sed

349 1957 408 2000 ait
430 1957 505 2016 qui
529 1955 671 2001 noluit
694 1956 852 2000 ducere
876 1972 1082 2001 uxorem:
1103 1956 1239 2000 Aliter
1260 1971 1329 1999 me
1347 1955 1577 1999 benedicet
1597 1959 1725 1999 Deus.

349 2030 563 2080 Imovero‚
580 2037 656 2070 aut
671 2027 730 2069 sic
743 2035 785 2069 te
803 2025 1047 2081 benedicet,
1066 2035 1239 2070 autnon
1257 2034 1299 2069 te
1315 2025 1557 2068 benedicet.
1570 2028 1729 2083 Aperte
1756 2039 1758 2050 ²

347 2097 460 2140 dicta
481 2096 693 2139 sententia
715 2104 803 2139 est:
831 2114 851 2137 «
875 2098 989 2140 Ecce
1011 2095 1069 2139 sic
1091 2094 1373 2139 benedicetur
1394 2095 1548 2150 homo,
1575 2095 1650 2155 qui
1671 2096 1727 2138 ti-

350 2183 369 2206 »
405 2175 494 2209 met
514 2166 764 2209 Dominum.
790 2183 810 2206 »

406 2238 464 2278 II.
504 2233 619 2287 Quid
637 2238 737 2291 ergo
763 2233 843 2277 sibi
879 2234 962 2277 hoc
983 2231 1103 2288 vult,
1136 2231 1313 2277 fratres?
1340 2235 1403 2278 Ne
1438 2231 1727 2277 desiderando
1753 2270 1755 2290 2

344 2304 626 2362 temporalem
643 2312 685 2347 et
709 2313 924 2347 terrenam
944 2302 1193 2346 felicitatem
1210 2337 1220 2357 ,
1235 2302 1466 2362 perdamus
1484 2302 1722 2357 coelestem,
1752 2300 1755 2328 ³

341 2374 558 2431 Propheta
578 2382 787 2432 tanquam
809 2372 1085 2417 involucrum
1117 2373 1241 2417 nobis
1273 2374 1512 2418 constituit.
1541 2372 1724 2418 Involu-
1752 2401 1753 2417 1

340 2459 462 2488 crum
484 2444 567 2486 hoc
591 2444 734 2488 nescio
755 2441 864 2502 quid
886 2443 1019 2486 habet
1035 2443 1166 2488 intus.
1192 2443 1392 2488 Meminit
1413 2453 1558 2488 autem
1572 2442 1725 2489 Chari-
1752 2447 1753 2454 ³

390 2533 400 2551 ¹
422 2525 504 2560 Psal.
519 2536 639 2568 cxxvu,
662 2537 695 2565 1,
713 2533 744 2558 2.
764 2541 808 2550 -—
827 2531 840 2549 ²
860 2525 941 2560 Ibid.
971 2525 1004 2568 3,
1020 2524 1052 2567 4.
