1815 3253
348 193 591 226 amanum
621 197 669 225 m
699 193 905 227 l’sALMUM
935 199 1118 229 cxxvm.
1339 189 1423 232 147

42 280 65 309 »
97 261 214 308 dicat
232 277 335 309 vero
356 261 490 308 Israe'l
507 296 518 318 ,
540 263 662 321 Saepe
689 272 1046 321 expugnaverunt
1066 278 1138 309 me
1158 279 1181 309 a
1192 266 1426 325 juventute

41 351 64 377 »
95 347 206 378 mea.
233 350 255 375 »
285 332 464 395 Audent
493 332 624 376 etiam
651 330 934 377 foeneratores
961 333 1126 391 dicere,
1160 336 1259 380 Non
1282 336 1426 382 habeo

38 403 157 450 aliud
171 403 290 449 unde
307 405 466 450 vivam.
490 405 584 448 Hoc
600 402 709 447 mihi
731 412 774 448 et
793 403 906 449 latro
920 403 1083 449 diceret
1097 439 1108 461 ,
1129 403 1426 466 deprehensus

35 475 82 520 in
95 473 221 520 fauce
233 495 244 533 3
260 475 344 521 hoc
358 484 402 520 et
417 474 621 519 effractor
634 472 798 519 diceret
814 509 826 530 ,
846 473 1141 534 deprehensus
1154 476 1268 522 circa
1282 478 1426 538 parie-

35 555 123 591 tem
141 546 331 592 alienum
347 567 359 606 3
374 547 458 591 1100
473 546 578 590 mihi
605 555 649 590 et
675 546 775 591 leno
792 544 978 602 diceret,
1011 562 1157 593 emens
1179 548 1347 609 puellas
1368 550 1424 594 ad

34 618 408 678 prostitutionem3
437 618 521 662 hoc
542 626 586 661 et
612 616 833 662 maleficus
853 618 1080 663 incantans
1100 619 1231 675 mala,
1250 629 1294 665 et
1315 635 1424 665 ven-

34 686 140 732 dens
154 689 391 748 nequitiam
404 703 526 732 suam
544 707 554 732 ;
571 686 788 748 quidquid
803 687 888 732 tale
899 689 1132 748 prohibere
1145 705 1421 747 conaremur,

33 758 346 818 responderent
365 775 514 803 omnes
529 794 541 815 ,
571 760 673 819 quia
702 774 792 803 non
819 759 1034 803 haberent
1059 759 1177 804 unde
1201 762 1421 818 viverent,

33 830 134 889 quia
149 829 250 873 inde
263 845 307 873 se.
318 839 542 888 pascerent
555 850 566 887 3
583 830 705 889 quasi
722 845 810 873 non
825 830 910 874 1100
923 830 1063 889 ipsum
1081 831 1128 874 in
1141 830 1224 875 illis
1238 834 1423 876 maxime

31 899 306 959 puniendum
320 911 401 954 est,
425 901 528 960 quia
543 910 679 944 artem
697 901 905 960 nequitiae
921 900 1201 960 delegerunt,
1218 903 1338 947 unde
1354 904 1423 947 vi-

32 979 121 1014 tam
141 971 405 1028 transigant,
423 980 466 1014 et
483 969 586 1014 inde
607 986 651 1014 se
665 970 822 1014 volunt
838 986 1035 1030 pascere,
1052 972 1172 1016 unde
1194 974 1425 1018 offendant

7 1095 9 1099 ι
33 1056 134 1086 eum
152 1057 174 1085 a
197 1056 450 1101 quo‘omnes
472 1050 725 1100 pascuntur.

87 1114 188 1155 VII.
213 1111 295 1156 Sed
311 1126 412 1155 cum
435 1110 683 1155 clamaveris
703 1111 788 1156 hoc
801 1120 845 1155 et
861 1110 1038 1167 dixeris,
1057 1112 1120 1156 illi
1135 1114 1418 1172 respondent,

32 1182 76 1227 Si
95 1182 171 1236 sic,
190 1197 278 1225 non
299 1182 387 1225 huc
404 1180 665 1225 accedimus.
694 1182 737 1226 Si
758 1181 817 1225 sic
833 1216 844 1235 ,
869 1197 960 1226 11011
980 1183 1193 1227 intramus
1208 1185 1252 1228 in
1282 1185 1423 1244 ipsam

0 1242 2 1249 ⁸
29 1251 280 1296 Ecclesiam.
306 1253 518 1306 Veniant,
551 1252 741 1307 intrent,
767 1251 975 1297 audiant:
1003 1272 1023 1295 «
1051 1256 1174 1314 Saepe
1194 1270 1421 1314 expugna-

0 1317 4 1355 Ἰ
32 1339 54 1363 1)
86 1331 246 1366 verunt
279 1337 349 1366 me
385 1339 407 1366 a
436 1324 668 1382 juventute
697 1338 808 1368 mea.
846 1323 1022 1367 Etenim
1056 1340 1147 1368 non
1179 1335 1422 1384 potuerunt

0 1402 4 1443 ι
33 1410 53 1433 »
87 1392 195 1436 mihi
221 1407 375 1451 :supra
394 1391 572 1436 dorsum
591 1408 738 1436 meum
758 1392 1083 1438 fabricaverunt
1098 1404 1347 1453 peccatores
1365 1414 1373 1440 :
1395 1413 1415 1438 »

0 1475 5 1506 >
26 1461 109 1505 hoc
132 1471 217 1516 est,
256 1477 344 1506 non
380 1471 619 1521 potuerunt
652 1477 776 1520 agere
810 1471 860 1506 ut
893 1464 1162 1508 consentiam
1176 1499 1187 1519 ,
1219 1463 1420 1510 fecerunt

0 1556 1 1562 =
28 1531 147 1592 quod
162 1541 347 1591 portem.
374 1535 514 1584 Quam
532 1532 739 1591 praeclare
768 1531 935 1576 dictum
964 1543 1052 1589 est,
1092 1550 1226 1593 quam
1255 1536 1418 1594 optime

27 1602 304 1661 significavit,
333 1620 353 1643 «
375 1602 547 1646 Etenim
561 1617 652 1646 non
674 1610 914 1660 potuerunt
927 1602 1034 1646 mihi
1054 1618 1062 1643 :
1085 1618 1215 1662 supra
1235 1603 1417 1649 dorsum

0 1693 1 1702 1
28 1690 49 1714 »
84 1688 229 1716 meum
257 1672 582 1716 fabricaverunt
617 1681 881 1730 peccatores.
922 1690 942 1712 »
975 1675 1125 1729 Agunt
1154 1674 1412 1731 nobiscum,

27 1742 165 1801 primo
186 1752 236 1786 ut
252 1741 571 1786 consentiamus
588 1739 671 1785 illis
688 1741 743 1785 ad
761 1739 874 1784 facta
895 1740 1009 1785 mala
1030 1761 1038 1786 :
1060 1743 1094 1786 si
1124 1758 1213 1787 non
1228 1759 1414 1788 consen-

27 1814 227 1866 serimus,
264 1812 460 1857 Tolerate
496 1829 603 1867 nos,
639 1811 808 1856 dicunt.
843 1815 961 1871 Ergo
990 1812 1094 1872 quia
1124 1830 1214 1858 non
1236 1816 1417 1874 potuisti

27 1883 156 1938 mihi,
177 1882 360 1927 ascende
373 1883 417 1926 111
433 1882 610 1927 dorsum
646 1897 795 1926 meum
815 1901 824 1926 ι
843 1891 1017 1940 portare
1035 1891 1077 1926 10
1091 1883 1234 1927 habeo
1249 1900 1416 1944 quous-

10 1940 112 2012 ⁸que
127 1952 271 1996 veniat
287 1953 384 1996 finis
398 1955 428 1995 ¹.
451 1952 518 1997 Sic
541 1952 656 1995 enim
674 1952 780 1995 mihi
802 1960 1071 2010 praeceptum
1095 1961 1159 1997 est
1174 1987 1185 2007 ,
1215 1962 1265 1997 ut
1291 1953 1414 1999 fruc-

27 2031 120 2067 tum
141 2023 320 2067 afferam
341 2039 442 2068 cum
469 2021 712 2068 tolerantia.
744 2024 843 2067 Non
870 2031 914 2065 te
945 2022 1114 2080 corrigo
1130 2057 1144 2078 ,
1178 2023 1317 2069 tolero
1339 2034 1410 2070 te:

26 2103 101 2138 aut
121 2092 233 2138 forte
249 2110 351 2138 cum
373 2093 512 2138 tolero
535 2103 576 2138 te
592 2127 603 2147 ‚
629 2093 806 2152 corrigis
821 2102 879 2137 te.
900 2093 943 2138 Si
969 2109 1058 2137 non
1075 2102 1118 2137 te
1139 2095 1318 2154 corrigis
1345 2112 1414 2140 us-

25 2179 110 2224 que
129 2165 176 2208 in
194 2166 348 2217 finem,
367 2165 506 2210 tolero
527 2175 570 2209 te
587 2179 726 2225 usque
747 2164 794 2207 in
808 2164 941 2207 finem
969 2183 978 2209 :
1004 2173 1047 2208 et
1064 2165 1264 2225 usquein
1278 2167 1412 2213 finem

26 2249 155 2293 super
188 2235 364 2278 dorsum
396 2250 541 2279 meum
571 2235 675 2289 eris,
708 2250 848 2294 usque
880 2233 936 2278 ad
962 2244 1149 2294 tempus.
1187 2238 1415 2297 Numquid

26 2319 194 2363 semper
211 2319 340 2363 super
361 2304 534 2348 dorsum
556 2320 704 2348 meum
727 2305 833 2348 eris?
860 2306 1015 2350 Veniet
1029 2306 1146 2350 enim
1162 2307 1239 2366 qui
1253 2308 1356 2353 inde
1372 2318 1416 2354 10

28 2375 228 2419 excutiat.
254 2374 410 2418 Veniet
439 2384 611 2433 tempus
634 2374 803 2430 messis,
840 2375 986 2419 veniet
1013 2376 1112 2420 finis
1137 2376 1307 2434 saeculi,
1331 2379 1416 2423 im-

27 2445 168 2490 mittet
189 2447 304 2489 Deus
331 2459 554 2489 messores.
578 2446 786 2490 Messores
821 2453 968 2490 autem
989 2444 1147 2504 Angeli
1171 2456 1274 2493 sunt
1303 2466 1315 2493 ε
1342 2463 1412 2494 se-

75 2535 87 2553 ¹
108 2530 185 2562 Luc.
205 2539 281 2570 vm,
304 2528 354 2561 15.

1154 2585 1220 2625 10.
