1815 3253
339 236 427 280 426
772 247 806 279 s.
841 243 1072 282 austra-rim
1103 247 1284 281 muscori
1767 279 1769 294 ἵ

337 317 396 361 tia
416 313 588 376 impleri
609 324 699 361 non
719 326 877 377 potest.
900 316 1168 362 «Plenitudo
1186 317 1300 362 enim
1318 314 1426 375 legis
1439 317 1622 361 charitas
1636 318 1668 362 ¹.
1697 329 1717 359 ss
1784 342 1785 347 =

338 390 395 431 Et
415 386 534 430 unde
558 384 638 430 ista
655 387 868 431 charitas?
890 388 1000 432 Vide
1021 387 1057 430 si
1077 396 1167 431 non
1190 400 1241 430 ex
1264 386 1413 445 gratia.
1441 405 1461 428 «
1495 387 1690 431 Charitas
1710 420 1720 442 ,
1803 382 1807 389 ’

341 474 362 498 »
395 456 567 516 inquit,
588 456 664 500 Dei
685 456 844 502 diffusa
866 466 930 502 est
950 458 997 501 in
1014 456 1219 500 cordibus
1236 456 1392 500 nostris
1413 470 1491 515 per
1514 456 1724 515 Spiritum
1768 466 1769 469 ’

341 543 361 568 »
396 535 594 570 sanctum
613 560 625 581 ,
650 527 726 587 qui
741 527 867 571 datus
888 536 953 571 est
974 526 1100 571 nobis
1117 528 1188 570 ².»
1207 526 1317 580 Quia
1338 542 1441 585 ergo
1465 526 1600 585 gratia
1623 524 1725 571 fecit
1766 551 1769 564 ‹

338 596 509 656 impleri
529 600 686 654 Legem
701 631 712 652 ,
735 597 1001 656 significatur
1024 606 1170 641 autem
1188 596 1324 656 gratia
1345 596 1483 641 lacte:
1502 597 1587 641 hoc
1609 596 1726 641 enim

339 675 403 711 est
421 667 465 710 in
483 681 613 710 carne
631 667 868 725 gratuitum
886 702 897 723 ‚
917 667 995 711 ubi
1023 676 1164 711 mater
1196 680 1286 711 non
1301 667 1475 727 quaerit
1500 667 1694 726 accipere
1711 700 1723 721 ,

338 735 414 779 sed
435 736 587 793 satagit
607 735 737 794 dare3
761 737 845 782 hoc
868 747 1007 781 mater
1026 738 1155 795 gratis
1186 735 1283 791 dat,
1319 745 1362 780 et
1394 736 1673 780 contristatur
1694 736 1727 779 si

340 805 450 850 desit
471 806 548 866 qui
569 807 751 866 accipiat
777 825 786 852 :
811 807 1033 868 quomodo
1055 820 1156 864 ergo
1182 806 1372 851 ostendit
1402 804 1539 850 David
1571 808 1728 863 Legem
1798 804 1815 832 ’Ἰ

339 877 431 920 sine
446 877 581 935 gratia
604 877 773 936 operari
792 893 881 922 non
894 893 1017 937 posse
1037 912 1047 932 ,
1069 877 1149 921 nisi
1171 890 1272 921 cum
1293 875 1388 920 illos
1410 874 1575 935 lapides
1596 875 1729 935 quin-

340 961 447 1006 que,
473 946 635 1006 quibus
661 944 986 1006 significabatur
1009 951 1099 992 Lex
1113 947 1159 990 in
1175 946 1293 990 libris
1310 946 1505 1011 quinque
1520 981 1530 1001 ,
1551 947 1731 1004 conjun-

341 1030 441 1073 gere
461 1015 612 1060 volens
630 1016 777 1075 gratiae
792 1052 802 1072 ,
828 1017 974 1076 posuit
994 1017 1041 1060 in
1061 1031 1162 1061 vase
1178 1015 1404 1076 pastorali,
1429 1031 1519 1076 quo
1539 1015 1606 1059 lac
1620 1014 1731 1058 mul-

341 1101 441 1145 gere
474 1090 789 1132 consueverat?
821 1089 897 1132 His
919 1097 1109 1132 armatus
1125 1123 1136 1142 ,
1178 1086 1315 1146 gratia
1336 1087 1489 1147 utique
1511 1095 1701 1130 armatus
1716 1121 1727 1141 ,

340 1165 384 1200 et
404 1155 504 1201 ideo
526 1172 790 1216 praesumens
806 1173 896 1203 non
914 1158 968 1202 de
990 1173 1057 1213 se,
1091 1158 1165 1202 sed
1199 1157 1253 1202 de
1278 1157 1464 1202 Domino
1493 1172 1594 1212 suo,
1626 1171 1730 1216 pro-

341 1226 467 1270 cessit
502 1227 705 1271 adversus
728 1227 897 1271 Goliam
930 1228 1169 1286 superbum
1189 1261 1199 1278 ‚
1237 1241 1281 1270 se
1305 1228 1567 1286 jactantem,
1601 1225 1656 1269 de
1688 1241 1732 1270 se
1814 1243 1815 1247 ¹

342 1305 695 1354 praesumentem.
723 1296 840 1340 Tulit
861 1312 1000 1340 unum
1036 1295 1249 1356 lapidem,
1275 1297 1402 1356 jecit,
1434 1297 1662 1341 inimicum
1686 1296 1732 1340 in
1770 1309 1775 1358 J

344 1366 489 1409 fronte
512 1366 743 1424 percussit,
768 1365 926 1411 cecidit
947 1382 998 1410 ex
1021 1382 1072 1411 eo
1094 1366 1191 1411 loco
1212 1367 1403 1426 corporis
1418 1401 1429 1421 ,
1464 1367 1542 1410 ubi
1560 1367 1733 1424 signum

344 1435 504 1480 Christi
521 1451 611 1480 non
632 1436 804 1481 habuit.
831 1440 923 1482 Hoc
945 1452 1123 1497 quoque
1143 1437 1247 1481 licet
1268 1436 1464 1481 attendas
1485 1455 1494 1481 ε
1526 1437 1732 1496 Quinque
1769 1492 1772 1498 Ι

343 1504 508 1564 lapides
530 1506 697 1564 posuit,
722 1518 862 1550 unum
883 1507 1013 1551 misit.
1035 1506 1156 1550 Libri
1170 1503 1366 1567 quinque
1387 1505 1489 1550 lecti
1511 1510 1639 1560 sunt,
1657 1506 1732 1549 sed

344 1576 487 1619 unitas
507 1576 624 1620 vicit.
655 1595 675 1619 «
696 1577 931 1622 Plenitudo
952 1578 1068 1621 enim
1090 1578 1215 1636 Legis
1231 1612 1242 1633 ,
1267 1586 1317 1621 ut
1338 1575 1470 1636 paulo
1489 1584 1590 1620 ante
1610 1590 1733 1620 com·
1770 1570 1773 1585 ³
1801 1581 1803 1587 '

347 1663 368 1687 »
403 1646 766 1702 memoravimus,
797 1647 996 1692 charitas.
1025 1649 1123 1691 »Et
1146 1647 1380 1706 Apostolus
1412 1647 1491 1701 ait,
1531 1664 1551 1688 «
1586 1645 1732 1691 Suffe-
1772 1635 1774 1690 ἷ

347 1732 368 1756 »
402 1724 546 1759 rentes
556 1715 744 1761 invicem
760 1717 807 1761 in
820 1717 1076 1772 dilectione,
1095 1717 1319 1761 studentes
1329 1731 1499 1761 servare
1518 1717 1732 1760 unitatem
1772 1713 1777 1728 ⁵

346 1801 367 1825 »
403 1785 576 1844 spiritus
596 1786 643 1830 in
664 1786 842 1831 vinculo
863 1786 1020 1847 pacis³.
1045 1804 1067 1829 »
1093 1787 1258 1831 Deinde
1274 1786 1350 1831 illo
1371 1801 1577 1846 percusso
1599 1793 1731 1844 atque

345 1853 514 1915 dejecto
530 1891 542 1912 ,
569 1856 760 1914 gladium
784 1860 877 1918 ejus
899 1858 1099 1914 abstulit,
1122 1857 1275 1902 etinde
1291 1867 1423 1917 caput
1439 1856 1504 1901 illi
1527 1855 1728 1900 abscidit.
1769 1858 1772 1865 '

344 1927 402 1968 Et
413 1926 496 1971 hoc
510 1924 614 1971 fecit
625 1936 771 1973 noster
783 1927 936 1984 David,
953 1927 1109 1988 dejecit
1121 1927 1344 1973 diabolum
1358 1927 1412 1971 de
1425 1927 1511 1971 suis
1528 1925 1729 1986 :quando
1772 1937 1774 1991 ὲ

345 2004 492 2040 autem
522 1996 709 2042 credunt
729 1998 875 2057 magni
896 1999 1010 2058 ejus,
1049 2013 1158 2059 quos
1182 1997 1254 2042 ille
1276 1999 1322 2042 in
1356 2012 1490 2041 manu
1509 1995 1728 2049 habebat,
1772 2005 1777 2028 ²

345 2075 389 2110 et
410 2066 465 2110 de
484 2067 644 2127 quibus
660 2077 836 2113 caeteras
857 2069 1020 2113 animas
1047 2068 1295 2113 trucidabat
1309 2102 1321 2123 ,
1353 2075 1616 2112 convertunt
1645 2065 1731 2109 lin-

346 2151 452 2194 guas
473 2152 570 2181 suas
607 2147 758 2183 contra
796 2138 1042 2195 diabolum,
1074 2146 1118 2182 et
1150 2139 1208 2182 sic
1229 2137 1365 2182 Goliae
1399 2137 1454 2181 de
1487 2135 1632 2197 gladio
1653 2151 1731 2180 suo
1774 2145 1779 2153 '

344 2215 479 2264 caput
499 2206 722 2252 inciditur.
750 2208 1007 2265 Mysterium
1043 2207 1160 2252 tituli
1182 2223 1261 2268 pro
1282 2208 1489 2267 temporis
1518 2207 1730 2252 brevitate
1776 2224 1778 2232 ’

346 2277 641 2332 tractavimus,
656 2277 879 2322 videamus
901 2279 1008 2338 quid
1029 2279 1188 2322 habeat
1210 2279 1300 2337 ipse
1316 2277 1522 2322 Psalmus.

407 2347 487 2389 ΙΙΙ.
519 2364 539 2388 «
564 2346 823 2391 Benedictus
847 2349 1054 2392 Dominus
1085 2351 1197 2392 Deus
1218 2363 1361 2402 meus,
1394 2348 1469 2407 qui
1486 2346 1614 2391 docet
1634 2361 1729 2389 ma-
1812 2356 1815 2362 ·

350 2432 371 2456 »
406 2430 488 2460 nus
507 2431 624 2461 meas
646 2417 692 2460 in
714 2417 913 2477 praelium
929 2453 940 2473 ,
965 2418 1122 2477 digitos
1140 2433 1257 2462 meos
1279 2418 1333 2462 ad
1355 2417 1562 2461 bellum4.
1590 2434 1610 2458 »
1636 2419 1728 2461 Vox

395 2517 404 2533 ¹
421 2512 513 2544 Rom.
533 2523 598 2552 xm,
621 2523 669 2545 10.
686 2528 728 2538 -⁴
744 2512 822 2545 21d.
844 2525 875 2555 v,
894 2514 925 2545 5.
947 2531 987 2537 —-
1009 2513 1154 2557 3Ephes.
1175 2525 1218 2554 lv,
1238 2523 1272 2552 ⁸2,
1294 2514 1322 2545 3.
1341 2531 1382 2536 -
1402 2513 1419 2544 4
1433 2513 1515 2546 Psoi,
1534 2523 1639 2555 cxmn,
1662 2524 1689 2544 ι.
