1815 3253
333 227 350 262 1
361 226 382 262 8
390 225 414 261 2
658 248 661 251 ·
761 236 779 261 5
787 252 794 260 .
831 233 1060 263 AUGUSTINI
1090 237 1271 264 EPISCOPI

330 300 467 343 dixit?
489 317 508 340 «
526 301 669 343 Factae
686 308 786 343 sunt
799 300 905 342 mihi
920 301 1123 358 lacrymae
1146 317 1252 345 meae
1270 299 1392 359 panis
1412 299 1481 343 die
1498 315 1547 344 ac
1564 309 1706 354 nocte,

331 387 353 410 »
389 368 496 412 dum
530 369 689 414 dicitur
716 369 823 412 mihi
854 369 1050 429 quotidie
1079 391 1088 416 :
1115 371 1199 415 Ubi
1229 379 1292 414 est
1315 373 1427 414 Deus
1449 371 1582 414 tuus?
1609 388 1629 410 »
1656 372 1713 414 Ut

331 447 476 483 autem
498 439 713 483 inveniret
730 442 869 483 Deum
888 456 1031 495 suum,
1047 440 1154 500 quid
1174 440 1294 499 egit?
1313 443 1333 481 (ι’
1354 442 1458 484 Haec
1478 438 1712 483 meditatus

331 527 354 550 2)
391 524 487 553 sum
503 543 513 563 ,
532 508 701 568 inquit,
725 517 768 552 et
788 509 925 553 effudi
941 525 1077 569 super
1098 525 1168 553 me
1189 510 1378 553 animam
1402 524 1539 553 meam
1556 510 1586 552 ².
1605 527 1625 550 n
1656 510 1711 552 Ut

329 579 543 623 inveniret
564 582 720 633 Deum,
738 578 898 622 effudit
919 594 1048 638 super
1069 595 1113 623 se
1130 579 1317 623 animam
1339 594 1476 622 suam.
1497 581 1595 623 Non
1611 593 1713 634 ergo

329 648 390 693 sic
412 649 492 693 tibi
514 649 696 693 dicitur:
723 648 907 693 Humilis
923 658 1014 693 esto
1029 684 1041 704 ‚
1061 657 1112 693 ut
1132 664 1222 693 non
1243 649 1394 708 sapias.
1415 648 1601 693 Humilis
1623 657 1713 692 esto

329 727 509 778 propter
527 717 803 777 superbiam,
827 717 939 763 altus
961 728 1075 774 esto,
1099 727 1278 778 propter
1298 717 1568 776 sapientiam.
1597 715 1714 761 Audi

329 788 576 834 evidentem
597 788 857 832 sententiam
879 788 933 832 de
950 789 1031 833 hac
1048 803 1120 833 re:
1139 787 1315 833 «Nolite
1329 787 1449 846 pueri
1467 786 1580 830 effici
1598 801 1714 830 men·
1771 790 1776 791 ⁷
1813 782 1815 794 '

331 876 354 900 »
388 858 507 902 tibus
522 893 534 913 ,
553 857 629 902 sed
655 857 819 902 malitia
834 857 1024 903 infantes
1046 868 1205 914 estote,
1219 867 1270 902 ut
1290 857 1510 901 mentibus
1533 856 1714 915 perfecti

333 946 355 971 »
390 929 480 973 sitis
493 931 697 974 ².»Certe
719 929 980 989 explicatum
1005 939 1085 985 est,
1105 928 1257 974 fratres
1270 929 1356 973 mei
1375 963 1386 984 ,
1403 928 1481 972 ubi
1503 943 1582 972 nos
1602 930 1715 971 Deus

331 999 472 1044 voluit
497 1013 587 1043 esse
606 999 793 1044 humiles
808 1035 820 1055 ,
844 1000 923 1044 ubi
942 1000 1051 1045 altos
1077 1019 1087 1045 :
1114 999 1301 1044 humiles
1321 1034 1332 1054 ,
1357 1007 1534 1058 propter
1555 1012 1715 1042 caven·
1764 1050 1766 1069 k
1810 986 1815 996 ³

331 1070 434 1114 dam
469 1070 748 1129 superbiam,
779 1070 915 1125 altos,
946 1081 1124 1131 propter
1155 1070 1412 1131 capiendam
1443 1068 1712 1128 sapientiam.
1764 1072 1766 1084 '

331 1144 526 1197 Laetare,
542 1150 591 1185 ut
609 1141 835 1200 nutriaris,
854 1143 912 1187 sic
929 1143 1113 1196 nutrire,
1128 1151 1179 1186 ut
1198 1157 1361 1186 crescas
1380 1161 1391 1198 3
1415 1141 1473 1184 sic
1491 1154 1650 1194 cresce,
1665 1147 1716 1183 ut
1763 1149 1766 1163 0

330 1227 488 1273 panem
510 1211 761 1257 manduces.
778 1215 892 1258 Cum
915 1214 1031 1258 enim
1048 1213 1231 1273 coeperis
1253 1227 1411 1272 panem
1433 1210 1713 1265 manducare,

333 1282 631 1337 ablactaberis,
647 1281 694 1326 id
718 1291 797 1337 est,
817 1284 908 1343 jam
931 1283 1012 1328 tibi
1029 1299 1118 1328 non
1138 1299 1246 1342 opus
1263 1283 1343 1326 erit
1363 1281 1445 1336 lac,
1463 1280 1538 1324 sed
1554 1278 1716 1324 solidus

329 1353 467 1396 cibus.
491 1355 548 1396 Et
567 1353 652 1397 hoc
679 1352 852 1398 videtur
871 1352 1023 1398 dixisse
1046 1373 1057 1399 ι
1084 1372 1105 1395 «
1127 1354 1170 1399 Si
1191 1369 1280 1397 non
1305 1351 1528 1396 humiliter
1559 1351 1716 1394 sentie-
1763 1374 1765 1410 i
1810 1388 1813 1414 ,¹

332 1439 354 1464 »
388 1422 507 1476 bam,
524 1421 599 1466 sed
617 1421 798 1466 exaltavi
821 1423 1009 1467 animam
1026 1438 1194 1468 meam:
1214 1441 1234 1464 n
1247 1422 1292 1467 id
1309 1431 1387 1476 est,
1403 1423 1435 1466 si
1449 1437 1539 1466 non
1552 1430 1713 1475 mente,
1780 1459 1783 1462 .
1814 1426 1815 1429 ’

330 1491 406 1536 sed
427 1491 590 1536 malitia
604 1491 809 1551 parvulus
826 1491 905 1537 fui.
931 1492 1060 1546 Quod
1078 1493 1338 1552 significans,
1362 1492 1469 1536 dixit
1495 1491 1716 1550 superiora
1763 1521 1765 1525 v

331 1561 462 1607 verba
481 1581 490 1606 ς
519 1580 540 1604 «
558 1565 757 1618 Domine,
775 1578 864 1606 non
881 1572 945 1607 est
965 1563 1198 1607 exaltatum
1216 1578 1290 1607 cor
1311 1574 1456 1606 meum
1473 1596 1484 1616 ,
1508 1576 1651 1620 neque
1670 1561 1717 1604 in

332 1650 354 1673 »
389 1632 526 1677 altum
545 1631 645 1676 elati
662 1642 764 1677 sunt
780 1632 897 1677 oculi
914 1635 1020 1691 mei,
1037 1648 1180 1693 neque
1193 1634 1409 1691 ingressus
1431 1647 1525 1675 sum
1541 1632 1586 1674 in
1603 1645 1716 1688 mag-

335 1721 356 1744 »
391 1703 480 1758 nis,
513 1718 656 1763 neque
678 1703 725 1747 in
740 1703 1013 1747 mirabilibus
1032 1719 1162 1763 super
1178 1719 1263 1746 me.
1289 1721 1310 1744 »
1332 1705 1444 1746 Ecce
1465 1701 1566 1761 quia
1590 1700 1714 1745 mali·
1762 1734 1764 1768 i
1814 1718 1815 1733 ³

330 1773 390 1817 tia
417 1772 625 1832 parvulus
653 1773 735 1817 fui.
770 1773 854 1818 Sed
886 1775 988 1833 quia
1009 1789 1137 1818 sensu
1164 1789 1254 1817 non
1276 1772 1340 1816 fui
1365 1772 1602 1832 parvulus:
1631 1790 1650 1814 «
1674 1771 1716 1816 Si
1762 1769 1763 1823 J

332 1861 353 1885 »
389 1859 479 1887 non
500 1843 723 1887 humiliter
735 1844 988 1899 sentiebam,
1003 1844 1078 1888 sed
1096 1844 1279 1888 exaltavi
1298 1844 1486 1887 animam
1506 1857 1645 1886 meam
1666 1859 1713 1886 ι»
1762 1837 1764 1879 ἱ

329 1915 597 1959 retribuatur
614 1915 720 1958 mihi
742 1914 862 1974 quod
885 1916 1140 1959 retribuitur
1157 1913 1357 1974 parvulo,
1373 1914 1450 1972 qui
1473 1912 1716 1956 ablactatur
1762 1922 1763 1928 ¹

330 2001 354 2029 a
373 1994 532 2038 matre,
552 1993 602 2028 ut
617 1986 708 2044 jam
728 2000 884 2044 panem
908 1986 988 2029 sim
1005 1985 1187 2029 idoneus
1209 1984 1490 2028 manducare.

387 2057 514 2099 XIII.
531 2057 588 2098 Et
608 2055 702 2099 haee
719 2069 837 2112 ergo,
857 2053 1025 2109 fratres,
1043 2055 1253 2099 sententia
1272 2070 1361 2098 non
1379 2052 1593 2112 displicet,
1611 2052 1712 2112 quia
1761 2059 1763 2089 ῑ

330 2140 420 2169 non
442 2133 506 2168 est
525 2133 675 2168 contra
692 2123 840 2167 fidem.
860 2127 1008 2168 Movet
1027 2139 1098 2168 me
1121 2133 1264 2168 tamen
1283 2159 1293 2178 ,
1319 2123 1420 2183 quia
1436 2138 1526 2167 non
1544 2131 1714 2166 tantum
1761 2143 1763 2187 ᾗ

329 2194 496 2238 dictum
514 2203 578 2238 est
604 2213 614 2238 :
643 2212 664 2235 «
688 2193 1069 2247 Quemadmodum
1087 2194 1163 2253 qui
1186 2193 1355 2237 ablatus
1373 2202 1437 2236 est
1457 2208 1479 2236 a
1498 2191 1635 2246 lacte,
1656 2192 1714 2235 sic
1761 2198 1763 2211 ¹

331 2282 353 2306 η
387 2264 618 2308 retributio
630 2263 676 2307 in
693 2264 882 2308 animam
895 2278 1056 2307 meam:
1076 2262 1184 2307 »sed
1199 2262 1395 2307 additum
1411 2271 1496 2307 est:
1516 2281 1536 2304 «
1548 2264 1713 2314 Quem-
1760 2317 1761 2320 Ἰ

331 2353 354 2378 »
388 2334 626 2379 admodum
658 2335 734 2395 qui
762 2333 930 2378 ablatus
951 2343 1015 2378 est
1031 2350 1055 2378 a
1077 2333 1188 2378 laete
1209 2349 1339 2393 super
1357 2342 1540 2378 matrem
1562 2347 1684 2376 suam
1698 2366 1710 2387 ,
1760 2347 1762 2352 ’

328 2424 350 2447 »
384 2406 442 2450 sic
464 2405 692 2449 retributio
715 2405 761 2448 in
783 2405 971 2448 animam
989 2419 1145 2448 meam.
1167 2422 1187 2446 »
1215 2404 1294 2448 Hic
1312 2403 1418 2447 mihi
1440 2403 1582 2447 nescio
1604 2399 1712 2461 quid
1760 2410 1761 2454 ξ

325 2474 412 2520 tale
428 2475 639 2530 occurrit,
665 2483 717 2519 ut
736 2474 910 2519 videam
925 2474 1030 2534 quia
1046 2472 1326 2519 maledictum
1348 2481 1427 2518 est.
1453 2471 1710 2518 Ablactatur
1760 2504 1761 2514 ,

375 2564 387 2583 ¹
407 2558 489 2592 Paal.
502 2569 565 2601 xm,
583 2557 619 2601 4,
637 2556 670 2591 5.
685 2573 727 2582 -
740 2563 754 2582 ¹
775 2567 789 2590 1
809 2558 883 2591 Cor.
903 2566 973 2597 xur,
996 2565 1055 2591 20.
