1815 3253
324 193 406 230 120
755 203 788 229 s.
824 200 1053 230 Aucus-mm
1086 203 1265 231 131³1seom

323 284 342 307 »
370 266 513 309 anima
532 280 627 310 mea
645 266 691 309 in
712 265 819 310 atria
835 266 1026 310 Domini¹
1045 285 1053 311 ε
1079 284 1097 307 »
1123 266 1275 326 imples
1293 264 1554 310 desiderium
1572 273 1698 310 tuum

318 352 369 379 ex
391 336 472 393 eis3
496 351 585 381 non
607 335 708 396 quia
722 337 812 396 jam
834 335 894 378 illi
917 345 1095 394 possunt
1118 336 1201 380 tale
1219 335 1479 380 desiderium
1500 335 1694 394 implere,

316 405 392 450 sed
414 406 518 450 tales
542 405 752 450 imitando
778 405 897 450 venis
924 405 978 449 ad
1001 421 1099 450 eum
1122 407 1198 467 qui
1220 406 1416 466 implevit
1438 404 1698 450 desiderium

316 491 525 535 lpsorum.

373 548 498 589 XIII.
539 565 559 588 «
592 548 689 591 Non
711 544 1006 590 confundetur
1021 580 1032 600 ‚
1063 561 1160 590 cum
1183 546 1388 606 loquetur
1409 545 1591 589 inimicis
1615 545 1700 588 suis
1739 573 1745 581 -r

318 634 338 657 »
373 617 416 659 in
431 619 595 674 porta2.
625 634 643 656 »
670 618 865 671 Fratres,
891 617 934 660 in
952 625 1077 675 porta
1097 616 1350 676 loquamur,
1376 616 1420 660 id
1440 625 1526 671 est,
1552 630 1699 659 omnes

315 687 517 729 noverint
537 685 644 745 quid
654 685 902 744 loquamur.
920 686 1005 739 Qui
1022 686 1138 729 enim
1160 685 1353 730 nonvult
1364 685 1486 745 loqui
1498 685 1543 728 in
1556 694 1696 744 porta,

316 754 450 798 latere
471 755 566 799 vult
588 755 707 814 quod
738 755 960 814 loquitur:
983 765 1025 799 θῖ
1047 755 1160 800 forte
1183 754 1280 798 ideo
1306 755 1400 798 vult
1420 755 1576 809 latere,
1601 755 1701 814 quia

314 824 478 868 malum
498 834 574 868 est.
596 825 637 869 Si
653 824 764 879 fidit,
782 825 827 867 in
849 834 973 883 porta
990 825 1197 884 loquatur
1215 843 1223 869 ε
1249 824 1359 869 sieut
1373 823 1531 868 dicitur
1550 823 1604 868 de
1626 826 1702 868 Sa-

315 894 502 953 pientia,
533 914 551 935 «
580 897 630 938 In
664 894 798 953 portis
835 904 980 938 autem
1003 894 1228 938 civitatum
1261 894 1472 938 audenter
1503 893 1648 937 dicitss.
1677 911 1697 935 »

316 967 489 1018 Quanto
513 974 707 1024 tempore
723 965 937 1025 justitiam
957 966 1209 1009 innocentes
1226 965 1472 1020 tenuerint,
1497 980 1587 1009 non
1604 979 1702 1008 eru·
1768 1003 1769 1008 ,

317 1036 494 1081 bescent
522 1055 530 1080 :
555 1037 639 1080 hoc
661 1045 725 1079 est
746 1036 791 1078 in
808 1045 932 1094 porta
946 1035 1196 1094 praedicare.
1223 1038 1281 1079 Et
1297 1035 1395 1095 quis
1412 1044 1476 1079 est
1492 1034 1568 1094 qui
1589 1049 1703 1093 prae-

315 1105 430 1151 dicat
451 1107 496 1150 in
515 1115 641 1165 porta
652 1108 670 1148 ‘ss‘
692 1106 777 1159 Qui
799 1105 1006 1165 praedicat
1022 1106 1067 1149 in
1085 1105 1256 1150 Christo
1276 1105 1402 1165 :quia
1427 1105 1623 1150 Christus
1640 1113 1703 1148 θεῖ

316 1186 463 1235 porta,
490 1193 578 1236 qua
606 1177 818 1221 intramus
849 1175 904 1219 ad
925 1175 1042 1219 illam
1064 1175 1297 1219 civitatem.
1323 1175 1539 1220 Mentior:
1562 1174 1597 1218 si
1613 1189 1703 1218 non

315 1248 405 1306 ipse
427 1246 554 1302 dixit,
580 1266 600 1290 «
619 1250 712 1306 Ego
735 1263 828 1290 sum
844 1247 1022 1306 janua&
1052 1265 1071 1287 »
1100 1247 1283 1305 Sijanua
1305 1254 1394 1300 est,
1419 1255 1462 1289 et
1478 1255 1603 1305 porta
1621 1253 1698 1289 est.

317 1320 458 1361 Janua
480 1318 596 1361 enim
615 1316 773 1361 dicitur
796 1316 1115 1375 domus:janua
1129 1315 1312 1360 civitatis
1331 1325 1454 1374 porta
1478 1324 1555 1370 est,
1578 1324 1702 1374 porta

316 1386 471 1430 domus
484 1388 618 1445 janua
640 1396 718 1430 est.
747 1386 832 1431 Sed
847 1385 960 1430 forte
978 1401 1067 1430 non
1087 1386 1199 1429 hene
1216 1386 1376 1429 dieitur
1395 1395 1541 1444 porta,
1566 1386 1702 1430 sinon

316 1457 428 1500 bene
452 1456 610 1500 dicitur
625 1455 795 1510 civitas,
821 1471 920 1515 quae
938 1455 1053 1499 dieta
1066 1464 1128 1499 θεῖ
1141 1454 1311 1500 domus.
1327 1458 1570 1515 Utrumque
1588 1456 1704 1499 enim

315 1525 447 1585 paulo
473 1535 572 1569 ante
609 1526 776 1569 dictum
811 1534 874 1569 θεῖ
901 1543 909 1568 :
939 1525 1067 1571 «Nisi
1090 1525 1299 1569 Dominus
1321 1525 1601 1570 aedificaverit
1623 1524 1707 1569 do-·

320 1615 339 1638 »
366 1611 488 1640 mum
502 1631 512 1650 ‚
539 1596 585 1639 in
600 1611 762 1640 vanum
782 1595 1092 1640 laboraverunt
1106 1596 1371 1640 aedificantes
1392 1611 1487 1640 eam
1507 1615 1516 1641 ι
1541 1615 1560 1638 υ
1588 1606 1631 1640 θῖ
1653 1612 1708 1640 ne

316 1666 444 1710 istam
478 1666 659 1710 domum
698 1665 915 1709 audiendo
949 1681 1133 1724 parvum
1167 1664 1332 1725 aliquid
1354 1674 1548 1725 putares3
1575 1684 1595 1707 «
1618 1666 1709 1711 Nisi

320 1754 340 1777 »
366 1736 592 1791 Dominus,
618 1736 775 1796 inquit,
793 1735 1045 1780 custodierit
1061 1736 1303 1791 civitatem,
1343 1736 1389 1779 in
1406 1750 1568 1780 vanum
1590 1735 1707 1779 labo·
1766 1771 1767 1776 ,

321 1824 341 1845 »
367 1806 477 1850 ravit
496 1806 571 1865 qui
594 1806 783 1850 custodit
811 1821 922 1850 eam.
954 1825 973 1847 ι
1000 1804 1079 1849 Illa
1109 1814 1173 1849 θεῖ
1201 1820 1303 1864 ergo
1337 1805 1493 1850 domus
1524 1821 1623 1865 quae
1645 1815 1709 1850 est

318 1876 482 1920 civitas.
499 1879 594 1936 Ipsa
613 1891 714 1934 ergo
731 1877 866 1921 habet
882 1878 1064 1937 januam
1087 1886 1295 1936 tanquam
1312 1875 1466 1920 domus
1480 1911 1490 1930 ,
1509 1885 1552 1920 et
1574 1877 1709 1920 habet

317 1955 489 2004 portam
512 1955 721 2005 tanquam
744 1947 907 1990 civitas.
936 1947 1020 1998 Qui
1042 1955 1106 1989 θεῖ
1122 1961 1224 2004 ergo
1242 1946 1375 2004 janua
1396 1946 1551 1990 domus
1566 1981 1576 1999 ,
1616 1946 1708 2004 ipse

319 2023 383 2058 est
404 2023 526 2073 porta
540 2015 738 2058 civitatis.
764 2018 878 2072 Ergo
895 2015 928 2058 si
944 2015 1140 2059 Christus
1157 2023 1282 2073 porta
1305 2015 1510 2069 civitatis,
1533 2014 1606 2058 ille
1619 2030 1707 2059 non

319 2085 536 2128 erubescit
549 2085 625 2144 qui
637 2086 863 2129 inChristo
881 2094 980 2139 stat,
993 2096 1035 2128 et
1048 2087 1107 2129 sic
1123 2084 1438 2144 praedicat.Qui
1453 2094 1597 2130 autem
1606 2101 1708 2130 con-

325 2162 387 2197 tra
406 2154 626 2198 Christum
650 2154 882 2213 praedicat,
908 2154 1127 2198 clauditur
1144 2163 1294 2198 contra
1315 2153 1441 2197 illum
1456 2164 1595 2212 porta.
1622 2154 1706 2207 Qui
1764 2171 1765 2192 1

322 2232 424 2285 sunt
444 2222 505 2266 illi
528 2225 602 2281 qui
619 2233 767 2267 eontra
786 2224 1007 2268 Christum
1025 2223 1297 2282 praedicant?
1315 2223 1400 2275 Qui
1427 2232 1586 2282 negant
1605 2224 1707 2283 quia
1763 2226 1765 2240 ¹

321 2292 460 2335 missae
494 2303 595 2336 sunt
613 2293 776 2349 sagittae
799 2292 853 2337 de
872 2308 1004 2336 manu
1024 2293 1230 2351 potentis,
1247 2302 1288 2336 et
1310 2302 1603 2350 pervenerunt
1631 2309 1705 2337 us-
1762 2299 1764 2343 ἔ

320 2376 406 2420 que
433 2362 478 2404 in
506 2362 612 2404 fines
638 2372 789 2420 terrae3
812 2371 855 2406 et
871 2363 961 2421 ipsa
978 2371 1041 2406 est
1062 2361 1288 2406 haereditas
1312 2361 1513 2416 Domini,
1540 2361 1594 2405 do
1620 2377 1706 2421 qua
1762 2359 1764 2409 ξ

370 2462 380 2477 ¹
411 2455 490 2488 Psal.
519 2467 657 2498 mxxxiii,
689 2457 719 2489 3.
746 2473 789 2480 —-
819 2464 832 2480 2
857 2458 904 2489 ld*
933 2468 1049 2498 cxxv1,
1070 2457 1101 2489 5.
1133 2473 1171 2481 —-
1199 2455 1213 2480 3
1244 2459 1336 2489 Prov.
1357 2467 1440 2497 vni,
1462 2456 1493 2488 3.
1518 2473 1559 2478 —
1580 2455 1702 2488 tosoan.
1761 2462 1763 2472 ’

324 2520 437 2552 Χ.ι9’
