1815 3253
351 203 437 241 166
783 215 816 244 s.
854 216 1083 245 Aucos‘rmr
1116 195 1298 246 Emscom

354 278 590 322 dimittitur
614 289 657 324 et
681 279 792 324 illud
814 282 933 340 quod
963 297 1053 326 non
1081 283 1277 327 timebat.
1301 283 1406 336 Quia
1429 282 1536 338 feci,
1573 283 1730 344 inquit,
1777 335 1781 350 ι

355 349 494 393 scelus
526 366 730 408 magnum
743 387 758 406 ,
784 360 826 395 et
852 368 940 395 non
962 353 1068 396 mihi
1090 363 1231 412 potest
1252 353 1438 411 dimitti3
1470 356 1558 414 jam
1580 353 1734 398 faciam
1778 355 1782 362 ²

353 428 397 463 et
420 429 574 464 caetera
599 440 608 465 ;
634 421 717 465 hoc
740 422 854 465 enim
877 422 1012 481 perdo
1035 423 1152 482 quod
1172 439 1261 468 non
1283 423 1410 467 facio.
1434 424 1532 469 Noli
1555 426 1732 469 timere:
1776 422 1780 467 ῗ

352 490 397 533 in
420 490 642 549 profundo
665 507 708 535 es
722 527 732 546 ‚
751 491 840 536 noli
861 501 1140 536 contemnere
1160 492 1215 536 de
1235 491 1464 552 profundis
1479 491 1664 537 clamare
1681 493 1736 538 ad

352 562 589 606 Dominum
605 597 616 617 ,
657 571 701 606 et
733 561 897 617 dicere,
925 582 945 605 «
973 563 1016 607 Si
1037 563 1283 623 iniquitates
1305 564 1623 620 observaveris,
1650 568 1738 609 Do·
1776 559 1779 587 ³

354 649 375 672 »
411 632 549 681 mine,
582 632 790 687 Domine,
826 635 922 692 quis
957 633 1210 677 sustinebit?
1237 651 1256 674 ›.=
1282 634 1498 688 Observa,
1530 633 1654 678 illum
1695 643 1738 678 et
1774 632 1778 691 J

352 712 531 760 expecta
543 701 667 746 illum
686 712 728 746 et
750 703 911 747 sustine
924 713 1101 762 propter
1116 703 1255 761 legem
1278 703 1577 762 ipsius.Quam
1598 704 1737 762 legem
1777 703 1779 707 ’

354 771 434 815 tibi
457 771 609 816 dedit?
635 791 654 813 «
681 773 858 816 Dimitte
879 774 1006 817 nobis
1026 773 1170 817 debita
1195 782 1338 817 nostra
1367 773 1478 818 sicut
1506 783 1549 818 et
1565 790 1643 818 nos
1670 774 1738 818 dt-
1774 775 1780 810 '-

359 860 378 882 »
414 841 626 885 mittimus
639 842 912 887 debitoribus
927 844 1082 888 nostris
1098 846 1159 887 1.»
1173 845 1304 904 Spera
1321 853 1364 887 te
1375 854 1734 901 resurrecturum,

355 920 398 955 et
420 920 525 957 tunc
549 910 746 956 futurum
780 912 1053 958 omnimodo
1084 914 1174 958 sine
1194 923 1393 973 peccato,
1423 915 1631 974 quoniam
1665 914 1738 959 ille
1774 933 1779 956 ³

355 981 586 1024 resurrexit
614 982 690 1041 qui
727 983 890 1041 primus
927 982 1012 1027 fuit
1033 985 1123 1027 sine
1144 993 1338 1043 peccato.
1363 986 1402 1028 A
1423 983 1566 1041 vigilia
1596 993 1740 1028 matu-
1772 1015 1773 1018 ,

354 1051 446 1094 tina
468 1066 604 1109 spera.
630 1051 904 1108 Nolidicere,
930 1056 1023 1112 Ego
1042 1069 1131 1097 non
1154 1069 1250 1097 sum
1272 1053 1427 1112 dignus
1450 1064 1626 1113 propter
1642 1070 1740 1113 pec·
1766 1006 1774 1118 Ι

354 1130 464 1165 cata.
488 1123 585 1167 Non
608 1137 651 1165 es
668 1121 849 1181 dignus,
875 1124 950 1168 sed
974 1143 992 1165 «
1015 1123 1154 1169 Multa
1178 1123 1295 1183 apud
1325 1122 1450 1167 illum
1471 1123 1735 1183 redemptio,

356 1208 377 1231 »
413 1199 457 1234 et
476 1191 567 1250 ipse
584 1191 767 1236 redimet
787 1193 916 1237 Israel
946 1195 1000 1238 ab
1025 1193 1229 1238 omnibus
1245 1193 1547 1254 iniquitatibus
1570 1195 1676 1254 ejus.
1715 1212 1735 1235 n
1772 1228 1773 1232 ,

358 1347 1736 1366 mmmmmmmwuwmmmmmmmmmmmmmmummwumxmm
1764 1357 1768 1395 Ι

856 1487 1251 1534 ENARRATIO

718 1652 778 1690 IN
829 1651 1130 1692 PSALMUM
1187 1650 1378 1691 CXXX.

829 1796 979 1839 Sermo
1001 1793 1057 1838 ad
1077 1793 1268 1854 plebem.

417 1956 452 1997 Ι.
489 1956 539 1997 ΙΝ
562 1955 642 1997 isto
666 1951 835 1996 Psalmo
868 1952 1199 1997 commendatur
1234 1953 1358 1997 nohis
1388 1950 1610 1996 humilitas
1633 1951 1743 1996 servi

357 2024 434 2068 Dei
462 2033 505 2067 et
527 2023 688 2078 fidelis,
724 2024 846 2082 cujus
877 2039 983 2068 voce
1009 2032 1228 2078 cantatur,
1254 2022 1373 2083 quod
1406 2032 1469 2066 est
1492 2022 1742 2066 universum

356 2108 512 2152 corpus
527 2093 702 2138 Christi.
731 2095 852 2151 Saepe
874 2092 990 2135 enim
1014 2092 1317 2135 admonuimus
1349 2092 1612 2136 Charitatem
1633 2093 1742 2134 Ves-

356 2173 490 2219 tram,
508 2179 598 2206 non
617 2162 739 2222 quasi
762 2162 891 2206 unius
919 2161 1105 2205 hominis
1127 2162 1306 2205 cantatis
1329 2177 1481 2206 vocem
1507 2161 1643 2220 accipi
1665 2160 1743 2204 de-

357 2234 487 2287 bere,
527 2232 603 2277 sed
630 2233 823 2276 omnium
850 2232 925 2292 qui
953 2240 1054 2274 sunt
1089 2231 1134 2274 in
1167 2231 1325 2275 Christi
1348 2246 1542 2289 corpore.
1569 2233 1623 2274 Et
1642 2231 1743 2289 quia

357 2303 404 2346 in
424 2302 539 2346 illius
561 2317 742 2361 corpore
761 2311 862 2345 sunt
889 2316 1037 2345 omnes
1053 2335 1063 2355 ,
1092 2310 1298 2360 tanquam
1325 2317 1438 2345 unus
1455 2301 1586 2344 homo
1602 2299 1742 2359 loqui-

356 2383 426 2417 tur
445 2393 454 2418 ι
472 2382 515 2416 et
535 2373 625 2431 ipse
656 2382 717 2415 est
741 2388 853 2415 unus
881 2372 956 2431 qui
979 2381 1022 2415 et
1051 2371 1177 2415 multi
1210 2381 1326 2415 sunt.
1352 2371 1480 2417 Multi
1502 2371 1618 2414 enim
1640 2379 1741 2414 sunt

354 2444 398 2486 iu
416 2458 459 2486 sc
490 2443 611 2502 ipsis,
637 2457 750 2485 unus
768 2451 869 2485 suut
891 2443 933 2484 iu
956 2440 1031 2485 illo
1055 2442 1130 2500 qui
1154 2458 1266 2485 unus
1291 2451 1367 2486 cst.
1405 2444 1549 2500 Ipsum
1576 2449 1639 2484 est
1661 2456 1740 2483 au-

402 2547 408 2560 ¹
433 2538 542 2569 Mztltlr.
568 2550 610 2576 vr,
635 2547 684 2570 12.
