1815 3253
350 203 433 244 224
775 216 809 240 s.
844 212 1074 242 Aueusnm
1106 213 1287 242 Emscom

349 282 478 326 dicite
500 294 600 338 ergo
618 280 867 324 Dominum.
894 279 1114 332 Quando?
1139 269 1166 322 «Γ
1188 283 1240 324 In
1261 280 1478 324 noctibus.
1510 280 1733 333 »Quando
1792 282 1799 299 ³

348 350 574 396 benedixit
596 351 680 395 Job
698 352 715 394 Ξ)
736 350 921 403 Quando
943 351 1073 394 tristis
1093 367 1179 395 nox
1204 360 1310 395 erat.
1337 349 1494 395 Ablata
1517 360 1618 394 sunt
1639 366 1734 395 om·
1790 393 1794 403 ,

349 423 419 467 nia
435 457 445 477 ,
471 437 569 482 quae
591 421 923 481 possidebantur
942 440 950 466 ε
972 421 1105 465 ablati
1126 421 1201 466 filii
1218 457 1229 477 ,
1249 421 1409 482 quibus
1431 421 1729 465 servabantur.
1790 414 1797 462 ἒ»

349 495 491 545 Quam
515 493 646 536 tristis
669 507 754 536 nox
773 492 781 535 1
812 491 895 537 Sed
917 491 1140 536 videamus
1162 493 1195 536 si
1224 508 1313 537 non
1334 492 1381 536 in
1402 500 1530 536 nocte
1554 491 1735 536 benedi-
1790 505 1799 515 ⁸

351 562 408 606 cit
433 582 441 607 ε
483 563 733 607 «Dominus
761 561 903 617 dedit,
935 562 1144 606 Dominus
1175 562 1380 620 abstulit,
1417 562 1527 606 sicut
1548 562 1744 610 Domino,
1788 555 1790 561 ¹

353 651 373 674 »
391 633 552 693 placuit
568 634 627 677 ita
648 627 813 677 factum
831 641 918 677 est:
934 632 988 676 sit
1005 647 1165 676 nomen
1182 633 1356 677 Domini
1372 631 1655 677 benedictum
1670 634 1730 676 ¹.»
1786 677 1788 691 l

352 706 490 756 Quam
509 718 594 747 nox
611 703 726 746 atra!
745 706 974 746 Percussus
992 701 1137 746 ulcere
1153 718 1175 746 a
1192 702 1333 762 capite
1352 717 1490 761 usque
1512 703 1565 745 ad
1584 702 1731 761 pedes,

352 773 622 831 putrefactus
643 772 908 832 liquescebat
924 772 969 815 in
991 787 1049 816 se.
1079 775 1200 817 Tunc
1216 775 1307 817 Eva
1328 787 1429 816 ausa
1451 781 1514 816 est
1532 787 1631 815 eum
1645 781 1736 816 ten·
1784 764 1786 771 ¹

353 853 444 887 tare
466 862 475 887 z
505 862 525 885 «
549 843 627 888 Dic
650 842 816 903 aliquid
836 843 880 886 in
900 849 1031 886 Deum
1051 851 1202 898 tuum,
1229 851 1271 887 et
1292 858 1474 887 morere.
1489 859 1509 883 »
1524 842 1639 886 Audi
1657 841 1736 885 be-

353 913 624 957 nedicentem
647 913 693 956 in
715 913 917 957 noctibus
943 932 951 957 :
983 933 1002 955 «
1033 910 1285 967 Locuta‘es,
1311 913 1478 972 inquit,
1505 912 1624 972 quasi
1646 928 1734 957 una

354 1002 374 1024 »
409 998 462 1026 ex
499 982 801 1042 insipientibus
846 983 1116 1027 mulieribus.
1158 983 1201 1027 Si
1232 983 1347 1027 bona
1379 983 1642 1041 suscepimus
1679 981 1734 1026 de
1780 985 1782 991 '

355 1072 375 1095 »
410 1070 545 1098 manu
568 1054 758 1105 Domini,
780 1054 892 1098 mala
915 1070 1004 1103 non
1031 1053 1346 1099 tolerabimus?
1368 1056 1481 1098 Ecce
1504 1053 1610 1114 quid
1632 1062 1696 1097 est
1721 1072 1730 1098 ε

354 1142 374 1165 »
411 1128 463 1168 In
486 1125 686 1169 noctibus
709 1124 898 1168 extollite
921 1141 1073 1169 manus
1095 1134 1254 1170 vestras
1279 1125 1324 1167 in
1344 1133 1489 1168 sancta
1506 1159 1516 1178 ,
1542 1133 1585 1167 et
1602 1124 1734 1168 bene-

354 1213 374 1236 »
409 1195 538 1238 dicite
563 1196 810 1239 Dominum.
841 1213 861 1235 »
893 1195 1009 1247 Quid
1037 1195 1143 1239 dixit
1181 1195 1296 1239 Job‘?
1322 1213 1342 1236 «
1367 1186 1532 1239 Locuta
1565 1209 1608 1238 es
1636 1203 1736 1237 tan-

412 1280 544 1324 quam
566 1281 652 1308 una
677 1280 728 1307 ex
745 1265 1048 1323 insipientibus
1066 1264 1320 1308 mulieribus
1334 1266 1366 1307 2.
1393 1282 1413 1306 »
1439 1264 1579 1308 Adam
1597 1264 1734 1323 putris

352 1334 511 1393 repulit
528 1338 661 1379 Evam
677 1369 687 1389 ,
708 1343 916 1393 tanquam
936 1334 1082 1378 dicens
1103 1353 1111 1378 :
1141 1334 1335 1379 Sufficiat
1357 1333 1476 1394 quod
1493 1343 1670 1393 propter
1692 1343 1735 1378 te
1774 1338 1775 1341 ’

352 1405 545 1449 mortalis
568 1406 749 1449 effectus
772 1421 882 1448 sum.
911 1405 1117 1449 Valueras
1140 1406 1184 1448 in
1206 1404 1430 1464 paradiso,
1457 1405 1531 1449 sed
1552 1405 1735 1449 vinceris
1766 1391 1773 1460 l

351 1475 394 1518 in
419 1484 606 1519 stercore
624 1477 654 1518 3.
689 1478 845 1533 Magna
876 1476 1010 1533 gratia
1030 1475 1118 1519 Dei.
1153 1474 1237 1519 Sed
1262 1474 1376 1518 unde
1399 1476 1481 1518 hoc
1501 1509 1511 1529 ,
1537 1475 1617 1518 nisi
1633 1475 1735 1534 quia

352 1561 420 1588 ros
444 1549 636 1589 Hermon
659 1544 929 1603 compluerat
945 1545 1064 1588 illam
1082 1544 1269 1588 animam
1287 1579 1297 1599 ,
1318 1553 1361 1588 et
1382 1543 1560 1588 dederat
1584 1545 1734 1588 Domi-

352 1630 433 1659 nus
463 1616 718 1659 suavitatem
736 1649 746 1669 ,
779 1623 828 1657 ut
859 1623 971 1658 terra
991 1623 1137 1658 nostra
1165 1614 1288 1658 daret
1324 1613 1513 1658 fructum
1541 1615 1735 1659 suum⁴i³

355 1705 374 1727 «
410 1688 460 1728 In
483 1685 683 1729 noctibus
706 1683 897 1727 extollite
918 1699 1071 1727 manus
1096 1692 1257 1727 vestras
1278 1685 1323 1727 in
1344 1693 1491 1728 sancta
1507 1719 1519 1739 ,
1544 1694 1587 1728 et
1606 1685 1734 1729 bene-

354 1774 373 1796 »
410 1749 811 1799 dicite'Dominum.
840 1772 860 1795 »
1760 1761 1764 1819 Ι

412 1829 491 1870 ΙΙΙ.
520 1844 536 1865 «
564 1825 799 1869 Benedicat
820 1834 862 1869 te
884 1826 1093 1869 Dominus
1116 1841 1166 1868 ex
1191 1824 1314 1880 Sion,
1349 1825 1425 1885 qui
1448 1824 1550 1869 fecit
1570 1826 1733 1870 coelum
1758 1827 1764 1880 Ι
1788 1823 1790 1833 ’

355 1915 374 1937 »
411 1905 454 1940 et
485 1905 645 1940 terram
663 1898 693 1939 ⁵.
721 1914 741 1937 »
776 1895 926 1939 Plures
952 1896 1152 1939 hortatur
1179 1904 1228 1939 ut
1255 1895 1542 1950 benedicant,
1573 1905 1617 1939 et
1643 1896 1734 1954 ipse

351 1981 488 2009 unum
508 1965 748 2019 benedicit,
770 1965 871 2023 quia
891 1980 941 2008 ex
957 1964 1155 2023 pluribus
1172 1980 1309 2007 unum
1332 1965 1436 2008 fecit
1453 1984 1460 2009 :
1489 1984 1509 2006 «
1530 1966 1640 2017 Quia
1657 1965 1734 2009 bo-

354 2053 373 2076 »
409 2051 517 2079 num
549 2044 613 2079 est
646 2035 840 2078 habitare
868 2033 1020 2078 fratres
1051 2035 1095 2077 in
1120 2035 1304 2077 unum⁶.
1333 2052 1351 2074 »
1380 2033 1561 2078 Pluralis
1583 2050 1734 2078 nume-

349 2123 444 2161 rus,
465 2105 618 2150 fratres
637 2126 647 2163 3
671 2105 746 2149 sed
767 2103 993 2163 singularis
1009 2140 1019 2159 ,
1045 2124 1065 2146 «
1092 2104 1297 2148 Habitare
1319 2104 1365 2147 in
1382 2120 1535 2148 unum.
1560 2123 1580 2146 »
1608 2104 1730 2160 Ideo,

354 2196 373 2218 «
408 2176 643 2220 Benedicat
664 2185 707 2219 te
731 2175 940 2219 Dominus
958 2190 1006 2218 ex
1034 2174 1157 2228 Sion,
1185 2174 1259 2234 qui
1280 2174 1384 2217 fecit
1403 2173 1564 2217 coelum
1586 2183 1629 2218 et
1643 2184 1733 2219 ter-

352 2265 372 2287 »
409 2263 513 2291 ram.
540 2265 558 2287 »
585 2249 721 2291 Nemo
742 2254 932 2289 vestrum
956 2244 1070 2288 dicat
1090 2263 1097 2288 :
1124 2243 1193 2288 Ad
1215 2260 1282 2287 me
1300 2260 1389 2287 non
1411 2246 1620 2303 pervenit.
1648 2249 1725 2288 Pu-

353 2327 412 2360 tas
434 2318 528 2376 quis
551 2326 614 2360 cst
631 2331 760 2375 quem
779 2315 906 2359 dixit:
924 2314 1188 2357 «Benedicat
1205 2324 1246 2358 te
1266 2314 1474 2358 Dominus
1491 2330 1543 2357 ex
1563 2315 1664 2359 Sion
1678 2315 1726 2356 ?»

351 2389 494 2430 Unum
519 2385 749 2429 benedixit.
768 2388 871 2428 Esto
889 2399 1043 2438 unum,
1062 2392 1104 2427 et
1120 2384 1317 2442 pervenit
1334 2384 1388 2427 ad
1404 2393 1444 2427 te
1467 2384 1726 2428 benedictio.
1792 2402 1795 2438 1

357 1282 366 1305 )

368 1284 376 1305 υ

397 2490 404 2505 ¹
429 2483 676 2523 J01).1,21.—
693 2481 768 2512 2Ῐ11.
788 2493 821 2519 11,
844 2491 937 2520 7-10.
963 2498 1000 2502 —
1022 2478 1034 2502 3
1054 2481 1133 2512 Gen.
1153 2490 1201 2520 111,
1220 2480 1252 2511 (3.
1273 2497 1314 2501 —
1333 2478 1348 2509 4
1372 2480 1450 2511 Psal.
1472 2491 1600 2520 mxxiv,
1626 2481 1750 2514 13.-·

349 2537 576 2579 51d.exxx1u,
597 2539 628 2569 3.
654 2554 694 2559 --
719 2535 733 2559 ⁶
753 2537 799 2569 ld.
820 2546 938 2576 cxxxii,
964 2547 988 2567 1.
