1815 3253
353 198 438 238 250
784 212 817 238 s.
853 209 1082 239 Avensa-tm
1112 212 1292 240 muscom

354 290 594 335 coeperam,
618 289 695 335 per
723 275 985 335 Prophetam
1011 275 1157 321 dicens
1173 312 1184 332 ,
1218 295 1239 319 «
1268 279 1364 321 Jam
1389 286 1486 336 post
1516 276 1589 321 illa
1615 278 1725 322 mala
1784 303 1785 318 r

358 363 378 385 »
415 345 558 390 omnia
578 354 674 400 tua,
698 361 724 390 o
743 355 792 389 tu
819 345 973 390 domus
1004 346 1160 401 Jacob,
1189 347 1355 401 venite,
1391 346 1662 391 ambulemus
1683 347 1729 392 in
1751 393 1775 407 ῃ

357 433 378 456 »
413 414 511 460 luce
533 415 719 460 Domini.
740 434 759 456 »
781 418 922 468 Quare
936 415 1057 460 vobis
1078 415 1173 460 dico
1188 451 1199 471 ‚
1221 436 1240 459 «
1264 417 1441 472 Venite,
1459 417 1730 461 ambulemus
1781 426 1783 469 ξ

358 503 379 526 »
413 485 458 529 in
486 485 584 530 luce
616 487 813 530 Domini?
839 505 858 527 »
894 488 956 530 Ne
983 487 1246 531 remanendo
1280 488 1324 530 in
1341 486 1561 547 juda'i'smo
1583 522 1594 542 ‚
1639 502 1730 531 non
1767 531 1771 534 ,

352 556 611 615 perveniatis
629 556 680 599 ad
700 556 936 601 Christum.
955 558 1098 608 Quare
1111 556 1250 600 enim?
1266 560 1362 602 Non
1377 572 1544 617 semper
1559 557 1620 600 ibi
1634 572 1732 616 pro·

353 627 556 686 phetatus
579 635 641 670 est
653 627 872 671 Christus?
897 625 979 671 Sed
994 641 1110 670 nunc
1125 625 1284 671 dimisit
1299 627 1470 686 plebem
1488 643 1630 682 suam,
1647 627 1731 672 do—
1778 672 1780 682 ,

353 711 474 740 mum
511 695 655 740 Israel.
697 697 806 739 Veni
846 696 1001 740 domus
1035 695 1169 740 Jacob
1185 731 1196 750 ‚
1233 697 1334 756 quia
1368 696 1530 740 dimisit
1560 697 1731 756 plebem
1777 726 1779 749 2

354 782 475 810 suam
492 766 672 810 domum
687 767 823 811 Jacob
850 786 858 810 :
879 766 978 810 veni
999 765 1153 810 domus
1172 765 1325 821 lsrael,
1345 767 1447 826 quia
1465 765 1625 810 dimisit
1639 766 1732 826 ple-

355 835 455 879 bem
479 851 600 879 suam
623 835 802 880 domum
829 835 973 880 Isra'e'l.
999 839 1107 889 Quae
1129 836 1267 891 venit,
1289 845 1332 880 et
1349 852 1448 896 quae
1462 836 1635 881 dimissa
1650 846 1730 891 est,
1775 837 1777 847 ¹

353 906 435 949 nisi
456 906 556 966 quia
580 906 663 950 hoc
685 915 748 950 est
757 905 973 966 judicium
990 941 1000 961 ,
1025 925 1045 948 «
1068 908 1124 950 Ut
1146 906 1221 966 qui
1244 922 1334 950 non
1359 905 1510 951 vident
1531 905 1729 961 videant,

303 1033 310 1040 .
355 993 376 1016 »
412 984 455 1018 et
476 976 551 1035 qui
573 974 724 1019 vident
742 975 844 1020 caeci
863 976 990 1020 fiant¹
1009 977 1027 1019 P
1051 975 1268 1019 Judicavit
1285 991 1387 1034 ergo
1408 977 1615 1020 Dominus
1635 974 1732 1036 ple·
1757 999 1759 1003 .

354 1063 374 1085 »
411 1045 511 1088 bem
532 1061 710 1088 suam.»
739 1046 961 1104 Separavit
992 1061 1115 1102 ergo,
1141 1055 1182 1089 ct
1212 1061 1300 1089 non
1323 1045 1381 1088 ibi
1402 1045 1592 1089 inveniet
1624 1060 1733 1104 quos
1772 1069 1774 1074 ·

350 1115 397 1158 in
423 1130 605 1173 regnum
642 1131 769 1159 suum
793 1116 1012 1160 restituat?
1036 1115 1167 1159 Plane
1189 1115 1394 1159 inveniet.
1426 1134 1445 1157 «
1465 1118 1522 1159 Et
1541 1115 1585 1159 in
1603 1116 1733 1159 servis
1772 1123 1774 1159 Ξ

356 1204 376 1226 »
412 1187 497 1229 suis
520 1186 818 1230 advocabitur.
844 1190 940 1231 Non
973 1186 1154 1246 repulit,
1188 1187 1250 1230 ait
1275 1184 1528 1245 Apostolus,
1560 1185 1734 1244 plebem
1770 1211 1772 1233 ς

354 1274 374 1297 »
407 1271 527 1300 suam
547 1291 557 1310 ,
583 1272 713 1316 quam
732 1257 945 1315 praescivit
959 1259 991 1299 ².
1020 1274 1040 1297 »
1071 1259 1128 1300 Et
1149 1255 1268 1299 unde
1301 1255 1488 1315 probat?
1517 1274 1536 1298 «
1561 1258 1670 1300 Nam
1691 1264 1735 1300 et

354 1344 375 1367 »
410 1341 490 1384 ego
508 1326 698 1370 Israelita
721 1342 830 1370 sum.
853 1345 872 1367 »
898 1329 1038 1385 Ergo,
1063 1345 1084 1368 «
1101 1325 1319 1373 Judicavit
1336 1326 1545 1370 Dominus
1562 1325 1734 1385 plebem
1768 1320 1771 1360 f

354 1414 375 1438 »
411 1412 557 1452 suam,
576 1414 596 1438 »
617 1396 857 1456 separando
878 1397 1015 1441 bonos
1033 1413 1057 1440 a
1081 1396 1203 1440 malis
1222 1416 1230 1440 :
1249 1398 1332 1441 hoo
1351 1405 1414 1440 est
1429 1431 1439 1448 ,
1469 1415 1489 1438 «
1512 1399 1569 1440 Et
1585 1396 1630 1439 in
1651 1411 1735 1439 ser·
1766 1431 1769 1471 ¹
1796 1411 1815 1445 oe!

355 1484 376 1507 »
411 1466 473 1510 vis
496 1468 582 1510 suis
613 1466 910 1511 advocabitur.
939 1469 1018 1511 »A
1040 1466 1225 1526 quibus?
1247 1470 1284 1510 A
1307 1467 1523 1525 gentibus.
1549 1468 1734 1519 Quantae
1766 1497 1768 1517 r
1795 1473 1815 1516 §js

352 1536 467 1581 enim
488 1547 636 1595 gentes
669 1536 887 1580 credendo
921 1538 1164 1580 venerunt?
1197 1536 1355 1589 Quanti
1391 1534 1539 1591 fundi,
1572 1545 1735 1595 quanta
1764 1530 1768 1575 l
1795 1541 1815 1585 ss

351 1605 445 1651 loca
467 1606 634 1650 deserta
664 1607 796 1650 modo
817 1607 1022 1650 veniunt?
1043 1606 1236 1649 Veniunt
1257 1606 1359 1649 inde
1384 1605 1527 1649 nescio
1548 1605 1701 1666 quanti
1719 1639 1731 1661 ‚
1764 1594 1767 1669 f
1796 1612 1815 1656 :id

353 1675 529 1720 credere
561 1675 738 1730 volunt,
770 1676 953 1719 dicimus
981 1676 1066 1730 eis,
1097 1674 1209 1728 Quid
1239 1676 1402 1720 vultis?
1428 1675 1730 1735 Respondent,
1795 1694 1798 1709 ·

355 1887 473 1930 citati
495 1903 518 1930 a
541 1887 684 1931 nescio
706 1903 810 1947 quo.
834 1886 947 1940 Quid
968 1887 1130 1941 dicam,
1157 1903 1178 1930 a
1203 1888 1346 1930 nescio
1360 1888 1478 1946 quo?
1494 1889 1589 1930 Imo
1607 1886 1695 1930 seio
1710 1901 1734 1929 a
1760 1872 1764 1924 Ῐ·
1795 1912 1799 1930 ι

354 1973 442 2018 quo
468 1977 476 2001 ε
503 1957 627 2016 quia⁷
658 1976 678 1999 «
702 1960 840 2002 Nemo
861 1958 1000 2012 venit,
1021 1956 1164 2016 inquit
1182 1991 1193 2011 ‚
1215 1955 1268 2000 ad
1283 1971 1351 1999 me
1365 1991 1375 2010 ‚
1396 1956 1476 1999 nisi
1495 1971 1627 2015 quem
1652 1959 1733 2000 Pa·

356 2045 376 2068 »
414 2037 479 2070 ter
503 2027 724 2070 attraxerit
739 2029 769 2069 3.
793 2045 812 2067 »
834 2027 1026 2070 Veniunt
1043 2026 1187 2070 subito
1204 2025 1258 2069 de
1280 2024 1398 2082 sylva
1414 2060 1424 2079 ‚
1457 2024 1511 2068 de
1529 2024 1699 2069 deserto
1717 2059 1730 2080 ‚

352 2097 407 2141 de
425 2096 717 2140 remotissimis
739 2105 782 2140 et
804 2095 948 2140 arduis
966 2096 1188 2140 montibus
1205 2094 1259 2139 ad
1276 2094 1511 2139 Ecclesiam
1526 2130 1537 2150 ,
1558 2104 1601 2139 et
1621 2095 1732 2139 hanc
1756 2095 1764 2152 J

351 2182 502 2211 vocem
524 2167 689 2210 habent
710 2166 906 2226 plerique
927 2176 970 2210 et
995 2182 1105 2225 pene
1127 2182 1276 2210 omnes
1298 2181 1449 2210 eorum
1467 2200 1478 2221 ‚
1509 2175 1559 2210 ut
1585 2165 1732 2210 videa-
1757 2200 1758 2203 η
1792 2171 1797 2202 ,t

351 2253 448 2281 mus
469 2253 569 2281 vere
593 2237 709 2281 intus
731 2237 959 2281 docentem
984 2240 1138 2281 Deum.
1164 2236 1376 2296 Impletur
1398 2237 1616 2296 Scriptura
1631 2252 1733 2296 pro-

409 2476 419 2492 ¹
448 2472 540 2502 Joan.
573 2481 629 2512 ix,
661 2471 713 2514 39.
750 2487 791 2493 —-
823 2477 835 2493 ²
863 2473 951 2503 Rom.
983 2480 1038 2512 xi,
1066 2481 1094 2502 1.
1127 2486 1169 2493 -
1198 2468 1211 2492 ³
1239 2471 1332 2503 Joan.
1363 2480 1420 2512 vi,
1455 2467 1510 2511 44.
1544 2485 1586 2492 —-
1615 2468 1633 2499 4
1658 2469 1728 2502 luat.
1762 2483 1763 2486 ¹

352 2536 420 2567 mv,
439 2525 490 2558 13.
