1815 3253
359 180 442 219 266
789 190 824 220 s.
860 191 1091 223 Avensa-nu
1123 195 1307 225 Emscon

362 275 382 300 «
418 258 461 302 Si
500 257 546 302 in
581 257 721 303 alieno
748 258 897 303 fideles
934 274 1024 304 non
1050 260 1188 306 fuistis
1209 296 1220 318 ,
1259 270 1451 306 vestrum
1484 263 1582 324 quis
1613 262 1755 308 dabit»-

357 345 379 369 »
413 327 536 373 vobis
554 331 598 372 1?
622 346 642 371 n

414 401 496 443 III.
531 402 692 444 Tamen
709 434 720 454 ‚
747 399 1012 456 charissimi,
1047 402 1257 446 attendite
1279 402 1460 446 flumina
1483 402 1733 461 Babyloni&
1782 399 1786 451 ξ

355 468 556 514 Flumina
579 470 828 528 Babylonis,
844 480 947 515 sunt
963 473 1108 516 omnia
1128 487 1228 532 quae
1249 473 1319 516 hic
1337 482 1538 517 amantur
1559 483 1603 517 et
1621 483 1749 518 tran·⁴
1781 485 1784 488 ’

354 549 496 585 scunt.
537 541 688 586 Nescio
718 540 815 601 quis
848 541 1034 596 amavit,
1072 543 1193 586 verbi
1223 544 1386 602 gratia,
1428 543 1741 602 agriculturam·
1780 553 1782 557 ’

354 610 490 668 ipsam
520 625 744 665 exercere,
779 610 882 654 inde
908 610 1143 667 ditescere,
1184 611 1245 656 ibi
1274 627 1487 672 occupare
1510 613 1734 670 animum,
1776 641 1787 666 ,;

352 682 455 725 inde
477 683 698 741 percipere
725 681 995 741 voluptatem
1021 701 1030 727 :
1065 683 1260 727 attendat
1290 684 1481 738 exitum,
1518 693 1562 728 et
1594 684 1739 729 videat
1774 680 1786 727 ι’

351 751 463 795 illud
480 752 599 811 quod
623 752 780 795 amavit
803 767 891 796 non
909 768 998 796 esse
1014 752 1354 797 fundamentum
1376 752 1614 797 Jerusalem
1631 789 1643 809 ,
1664 753 1739 798 sed

350 823 536 866 fluvium
565 822 815 879 Babylonis.
842 822 964 867 Alius
984 823 1091 866 dixit
1117 826 1302 881 :Magna
1336 839 1402 867 res
1430 833 1492 867 est
1514 823 1700 867 militare
1725 843 1735 869 ε

352 907 502 936 omnes
525 892 726 952 agricolae
747 892 986 937 formidant
1003 908 1075 937 eos
1096 893 1173 954 qui
1195 893 1410 949 militant,
1437 894 1741 953 obsequuntur
1778 906 1781 926 ³

352 963 411 1007 eis
427 998 437 1017 ,
458 972 653 1007 tremunt
675 979 747 1008 eos
768 982 777 1008 ε
804 964 838 1007 si
860 963 984 1009 fuero
1006 964 1191 1023 agricola
1210 999 1221 1019 ,
1247 964 1410 1008 timebo
1428 964 1661 1008 militarem
1677 985 1689 1022 3
1706 965 1741 1009 si

352 1034 477 1078 fuero
499 1034 696 1078 militaris
713 1069 723 1088 ‚
750 1034 940 1078 timebor
964 1034 1019 1078 ab
1043 1034 1244 1094 agricola.
1272 1036 1309 1078 O
1330 1034 1479 1078 insane
1495 1069 1506 1089 ‚
1531 1035 1578 1077 in
1608 1033 1742 1078 alium
1767 1027 1782 1063 ¹

353 1114 396 1148 te
417 1103 652 1162 Babylonis
673 1104 855 1148 fluvium
879 1105 1173 1165 praecipitasti,
1195 1114 1238 1149 et
1255 1120 1356 1148 eum
1378 1103 1742 1149 turbulentiorem
1775 1117 1778 1119 ’

355 1184 398 1219 et
416 1175 697 1234 rapaciorem.
729 1175 887 1218 Timeri
909 1175 972 1219 vis
996 1191 1019 1219 a
1047 1176 1212 1219 minore
1229 1210 1239 1230 ,
1265 1175 1369 1219 time
1391 1175 1598 1234 majorem
1625 1193 1634 1219 :
1659 1190 1742 1234 po·-

353 1254 436 1289 test
463 1255 505 1288 te
538 1245 631 1304 ipso
662 1245 799 1304 major
829 1245 922 1288 fieri
953 1246 1127 1300 subito,
1162 1245 1239 1305 qui
1261 1257 1304 1289 te
1334 1246 1488 1301 timet3
1513 1260 1741 1305 nunquam
1774 1243 1780 1298 s

353 1324 500 1359 autem
522 1315 602 1358 erit
618 1314 781 1369 minor,
807 1330 939 1373 quem
960 1313 1092 1359 debes
1114 1315 1279 1359 timere.
1312 1315 1586 1365 Advocatum
1617 1330 1707 1359 esse
1722 1342 1745 1371 ,-

351 1385 514 1445 inquit‚
542 1400 699 1443 magna
721 1400 787 1429 res
810 1393 897 1439 est,
922 1385 1215 1444 potentissima
1237 1385 1486 1446 eloquentia
1504 1421 1515 1441 ‚
1537 1386 1582 1428 in
1605 1384 1742 1429 omni-
1772 1432 1775 1445 ;

353 1456 435 1500 bus
457 1456 619 1500 habere
641 1465 862 1514 susceptos
891 1455 1130 1515 pendentes
1148 1471 1199 1499 ex
1219 1455 1370 1515 lingua
1399 1455 1547 1500 diserti
1569 1455 1742 1515 patroni
1764 1459 1765 1463 ’

352 1526 438 1581 sui,
467 1536 510 1570 et
534 1541 585 1569 cx
612 1527 704 1585 ejus
736 1541 810 1569 ore
839 1534 1059 1585 sperantes
1081 1525 1149 1569 vel
1172 1526 1358 1580 damna,
1389 1525 1459 1570 vel
1490 1525 1611 1570 lucra
1631 1560 1643 1580 ,
1671 1524 1742 1569 vel
1769 1548 1771 1550 ·

351 1604 563 1650 mortem,
598 1595 666 1640 vel
695 1596 830 1640 vitam
846 1631 857 1651 ,
892 1596 962 1639 vel
983 1596 1218 1655 perniciem
1235 1631 1245 1650 ‚
1277 1595 1347 1640 vel
1368 1595 1569 1640 salutem.
1595 1596 1741 1641 Nescis
1766 1643 1773 1651 Ι

352 1682 442 1727 quo
459 1676 501 1711 te
524 1667 684 1710 miseris
701 1685 710 1711 ι
736 1666 843 1710 alius
862 1675 906 1710 et
918 1667 997 1710 iste
1015 1667 1174 1711 fluvius
1196 1666 1432 1725 Babylonis
1450 1677 1540 1725 est3
1557 1676 1601 1711 et
1621 1666 1744 1744 quod

353 1737 543 1782 multum
565 1746 704 1792 sonat,
725 1738 929 1796 strepitus
947 1753 1074 1798 aquae
1092 1753 1188 1781 saxa
1207 1738 1411 1797 percutit.
1426 1737 1614 1782 Attende
1639 1737 1743 1798 quia-

354 1808 483 1863 ssuit‚
508 1807 685 1852 attende
705 1808 807 1868 quia
829 1807 1021 1852 labitur·
1043 1817 1086 1851 et
1107 1808 1140 1851 si
1162 1807 1349 1851 attendis
1372 1807 1472 1867 quia
1495 1807 1591 1851 fluit
1609 1816 1653 1851 et
1676 1806 1766 1884 1³⁸⁰!

355 1879 490 1934 bitur,
512 1893 614 1923 cave.
632 1895 734 1938 qula
753 1879 900 1922 trahit.
919 1878 1144 1936 Navigam,
1162 1878 1306 1937 inquit
1328 1877 1452 1932 alius,
1472 1887 1516 1922 et
1530 1876 1764 1935 negotiari»

354 1964 562 2007 magnum
585 1958 671 2003 est,
696 1949 802 1993 seire
824 1949 983 1992 multas
1005 1948 1269 2007 provincias⁷
1302 1947 1422 1992 lucra
1443 1947 1639 2007 undique
1666 1960 1764 1991 (za-⁴

357 2035 476 2076 pere,
504 2035 594 2062 non
620 2034 709 2062 esse
737 2019 975 2063 obnoxium
992 2020 1037 2062 in
1058 2019 1231 2062 civitate
1253 2018 1382 2062 alicui
1404 2020 1599 2077 potenti,
1630 2033 1742 2061 sem«
1771 2043 1773 2053 ι

355 2105 431 2149 per
461 2089 754 2147 peregrinari,
792 2098 836 2132 et
862 2088 1109 2132 diversitate
1130 2092 1414 2146 negotiorum
1445 2097 1488 2132 et
1513 2088 1762 2132 nationum'-

355 2159 547 2202 animum
569 2173 757 2217 pascere,
775 2167 819 2201 et
835 2158 1076 2214 augmentis
1093 2158 1316 2202 lucrorum
1336 2158 1515 2202 divitem
1533 2172 1761 2202 remeare„

356 2228 536 2272 Flavius
550 2236 614 2271 est
633 2236 676 2271 et
696 2227 774 2271 iste
797 2226 1044 2284 Babylonis.
1070 2231 1210 2272 Lucra
1234 2237 1308 2272 tua
1334 2227 1512 2287 quando
1529 2228 1741 2273 stabunt?

355 2299 538 2352 Quando
570 2307 913 2357 praesumpturus
931 2333 942 2352 ‚
977 2298 1154 2358 quando
1175 2314 1351 2344 securus
1374 2299 1454 2342 eris
1477 2314 1530 2343 ex
1551 2298 1617 2343 his
1639 2313 1739 2358 quoe

353 2369 573 2428 acquiris?
593 2370 768 2420 Quanto
785 2368 866 2412 eris
889 2368 1040 2424 ditior,
1066 2378 1189 2413 tanto
1213 2367 1418 2413 timidim.
1447 2370 1542 2413 Uno
1559 2327 1755 2436 nautia-‘l
1771 2363 1776 2371 ’

356 2438 426 2497 gio
448 2437 593 2482 nudus
614 2437 770 2492 exibis,
801 2447 844 2481 et
865 2447 980 2483 recte
1001 2448 1043 2483 te
1064 2438 1244 2498 planges
1277 2439 1322 2482 in
1342 2437 1524 2484 flumine
1546 2436 1752 2518 Babylo«l
1775 2441 1781 2474 ἐ

407 2525 514 2555 ¹.Luc
535 2533 605 2564 ΧΠ,
627 2533 665 2554 10
682 2526 716 2554 et
739 2530 790 2555 12.
