1815 3253
396 299 638 330 ENARRA'no
670 303 714 329 m
748 301 951 330 PsALMUM
983 303 1120 330 cxxix.
1393 296 1441 331 81

67 377 209 412 autem
232 376 276 411 te
293 377 440 412 amant
460 368 541 428 ipsi
558 377 726 412 montes
743 403 754 423 ‚
781 369 815 412 si
832 384 920 413 non
938 369 983 413 in
1005 368 1087 413 illis
1106 384 1223 428 spem
1240 372 1446 428 posueris.

67 439 242 493 Videte,
275 439 455 494 fratres,
487 439 635 500 quales
669 449 771 484 sunt
800 449 970 485 montes
993 440 1084 485 Dei.
1121 443 1229 484 Nam
1262 442 1363 485 inde
1392 442 1451 486 sie

66 510 276 554 nominati
299 519 402 555 sunt
433 510 480 554 in
500 510 584 555 alio
612 510 711 556 loco
741 531 750 556 2
781 531 802 554 «
826 513 998 557 Justitia
1030 521 1104 556 tua
1138 512 1249 556 sicut
1281 522 1453 557 montes

69 598 90 621 a)
105 581 252 625 Dei¹.»
272 584 370 626 Non
384 582 551 642 justitia
574 582 784 642 ipsorum,
799 583 872 628 sed
888 583 1054 643 justitia
1071 592 1161 627 tua.
1183 584 1299 627 Audi
1324 583 1454 628 talem

67 660 259 698 montem
287 651 546 712 Apostolum
577 671 587 698 z
624 672 646 696 «
682 656 739 698 Ut
760 654 957 698 inveniar
977 655 1024 698 in
1045 653 1142 709 illo,
1167 654 1334 714 inquit,
1366 670 1457 698 non

71 741 90 764 »
115 722 279 768 habens
308 724 520 785 justitiam
541 739 685 769 meam
706 741 805 785 quae
827 741 878 769 ex
898 723 995 784 lege
1019 734 1083 769 est
1097 760 1108 780 ‚
1143 725 1218 769 sed
1240 740 1335 769 eam
1357 742 1458 786 qum

71 810 92 835 »
118 803 182 838 est
217 810 296 854 per
326 794 458 839 fidem
489 795 689 840 Christi2.
717 814 738 837 ³)
780 795 849 839 Illi
882 804 1029 839 autem
1050 795 1126 856 qui
1149 811 1226 855 per
1245 796 1459 856 justitiam

68 880 190 909 suam
207 876 376 910 montes
393 881 482 910 esse
496 866 747 922 voluerunt,
766 868 877 912 sicut
898 870 922 912 J
927 868 1042 912 udaei
1059 868 1239 928 quidam
1261 867 1330 912 vel
1350 869 1460 912 Pha-

69 936 180 980 risaei
201 937 416 997 principes
439 952 591 982 eorum
606 973 617 994 ‚
643 940 702 983 sic
722 939 1106 998 reprehenduntur
1127 959 1136 984 :
1162 958 1179 980 «
1205 942 1461 998 Ignorantes

74 1025 93 1047 »
119 1007 234 1051 enim
256 1007 333 1052 Dei
349 1008 560 1067 justitiam
580 1043 590 1063 ‚
614 1018 657 1053 et
675 1025 796 1052 suam
817 1009 1012 1054 volentes
1030 1011 1293 1073 constituere
1308 1046 1318 1065 ‚
1339 1012 1463 1071 justi-

73 1095 94 1120 »
119 1078 189 1122 tiae
211 1079 290 1122 Dei
310 1094 400 1123 non
427 1088 529 1123 sunt
556 1079 786 1139 subjecti-⁹³.
817 1100 833 1121 >›
860 1081 941 1134 Qui
959 1090 1104 1125 autem
1126 1081 1310 1141 subjecti
1333 1091 1434 1126 sunt
1450 1117 1460 1137 ,
1501 1135 1503 1138 ι

71 1148 130 1193 sic
152 1158 254 1193 sunt
275 1147 366 1204 alti,
390 1157 440 1193 ut
461 1148 648 1193 humiles
665 1150 763 1193 sint,
782 1152 837 1194 Et
860 1151 962 1210 quia
979 1151 1127 1208 magni
1142 1160 1266 1206 sunt,
1293 1161 1464 1196 montes

72 1217 299 1264 dicuntur:
325 1220 427 1280 quia
449 1235 551 1264 vero
566 1219 750 1279 subjecti
768 1229 870 1264 sunt
884 1226 986 1275 Deo,
1005 1219 1138 1265 valles
1156 1231 1272 1266 sunt.
1288 1224 1346 1266 Et
1363 1222 1465 1282 quia

70 1289 235 1334 habent
247 1290 729 1352 capacitatempietatis,
744 1291 986 1350 suscipiunt
999 1291 1315 1336 abundantiam
1328 1293 1461 1352 pacis,

72 1369 115 1403 et
135 1360 468 1405 inundationem
493 1361 794 1405 transmittunt
817 1361 872 1405 ad
902 1360 1049 1406 colles.
1088 1362 1222 1407 Modo
1248 1372 1396 1408 tamen
1418 1373 1468 1408 tu

71 1431 170 1476 vide
199 1448 308 1493 quos
331 1441 500 1487 montes
528 1448 657 1476 ames.
691 1433 733 1477 Si
764 1433 827 1477 vis
856 1433 990 1477 amari
1018 1450 1042 1478 a
1067 1434 1194 1479 bonis
1216 1436 1464 1491 montibus,

73 1502 164 1546 noli
181 1518 299 1562 spem
319 1519 479 1563 ponere
501 1518 582 1547 nec
599 1503 644 1547 in
658 1502 782 1547 bonis
796 1504 1036 1547 montibus.
1057 1506 1168 1549 Nam
1190 1504 1329 1565 qualis
1342 1521 1468 1550 mons

73 1582 165 1618 erat
188 1574 374 1617 Paulus?
395 1573 575 1634 quando
597 1573 820 1617 invenitur
841 1572 937 1617 talis
960 1578 973 1628 (
992 1576 1055 1618 De
1076 1575 1378 1632 magnitudine
1398 1576 1469 1620 lo-

73 1643 249 1703 quimur
273 1643 551 1700 hominum.)
588 1646 738 1687 Tantae
759 1644 906 1701 gratiae
930 1643 1159 1703 quisquam
1181 1653 1324 1703 potest
1342 1644 1469 1691 facile

73 1714 282 1759 inveniri?
303 1718 360 1759 Et
391 1724 538 1759 tamen
566 1711 749 1758 timebat
771 1730 826 1758 ne
848 1730 991 1773 passer
1022 1714 1096 1758 ille
1120 1715 1166 1758 in
1190 1715 1267 1760 illo
1287 1727 1469 1775 poneret

72 1800 207 1845 spem.
223 1788 280 1829 Et
295 1786 401 1845 quid
424 1786 507 1829 ait?
534 1803 551 1825 «
577 1785 804 1845 Numquid
823 1785 983 1830 Paulus
1000 1802 1080 1845 pro
1098 1787 1219 1831 vobis
1237 1789 1468 1832 crucifixus

76 1874 96 1899 «
120 1858 228 1900 est4?
245 1875 265 1898 »
286 1856 520 1901 Sedlevate
533 1855 682 1900 oculos
699 1857 744 1900 in
761 1857 1073 1911 montes‚unde
1095 1858 1302 1903 auxilium
1321 1860 1468 1904 veniat

70 1927 218 1984 vobis3
239 1927 356 1987 quia,
379 1945 395 1967 «
420 1929 514 1985 Ego
527 1926 734 1985 plantavi,
756 1927 916 1986 Apollo
933 1928 1107 1986 rigavit:
1123 1947 1143 1970 »
1165 1929 1240 1972 sed
1254 1930 1467 1975 auxilium

71 2007 262 2042 vestrum
297 2014 320 2042 a
354 1997 567 2052 Domino,
616 1997 693 2057 qui
724 1996 829 2042 fecit
863 1997 1027 2043 coelum
1060 2009 1103 2043 et
1136 2008 1320 2058 terram3
1366 1997 1468 2062 quia

77 2087 97 2111 «
120 2071 233 2113 Deus
254 2069 571 2113 incrementum
593 2065 717 2112 dedit
731 2070 761 2112 ⁵.
788 2088 805 2109 »
832 2071 965 2127 Ergo,
991 2088 1008 2109 «
1030 2072 1201 2115 Montes
1219 2071 1265 2114 in
1282 2072 1468 2117 circuitu

74 2157 96 2180 ι)
122 2144 226 2195 ejus.
256 2160 274 2181 »
315 2139 401 2184 Sed
443 2137 666 2199 quomodo
700 2157 717 2179 «
754 2141 926 2184 Montes
954 2139 1000 2183 in
1032 2139 1218 2184 circuitu
1254 2144 1362 2202 ejus.
1397 2144 1466 2188 Sic

78 2230 96 2251 »
121 2219 164 2254 et
186 2210 393 2255 Dominus
414 2211 461 2255 in
482 2211 668 2255 circuitu
693 2209 833 2270 plebis
855 2227 968 2267 suae,
995 2227 1046 2255 ex
1069 2212 1154 2256 hoc
1186 2229 1305 2258 nunc
1328 2224 1371 2259 et
1394 2232 1467 2260 us-

76 2299 96 2322 »
123 2296 209 2341 que
227 2281 274 2325 in
295 2281 516 2326 saeculum.
545 2300 566 2324 »
595 2282 638 2327 Si
656 2297 758 2340 ergo
779 2301 800 2325 «
819 2286 991 2327 Montes
1009 2283 1054 2327 in
1072 2284 1257 2328 circuitu
1277 2287 1368 2346 ejus
1385 2323 1394 2343 ‚
1423 2298 1466 2332 et

79 2370 97 2392 »
122 2351 332 2396 Dominus
359 2353 405 2395 in
426 2352 611 2397 circuitu
634 2351 774 2412 plebis
793 2369 882 2398 suae
897 2389 908 2409 ‚
929 2371 949 2395 »
974 2354 1232 2413 constringit
1254 2358 1466 2403 Dominus

74 2421 247 2481 plebem
269 2438 390 2466 suam
412 2423 456 2466 in
478 2438 618 2467 unum
641 2423 868 2468 vinculum
885 2424 1104 2469 charitatis
1121 2434 1164 2469 et
1176 2427 1308 2485 pacis,
1326 2438 1374 2473 ut
1390 2430 1466 2489 qui

75 2492 303 2536 confidunt
325 2493 370 2536 in
392 2493 579 2537 Domino
597 2493 707 2538 sicut
728 2509 852 2539 mons
868 2495 987 2550 Sion,
1000 2511 1089 2540 non
1108 2509 1467 2543 commoveantur

123 2594 132 2610 ¹
155 2587 235 2620 Psal.
255 2598 359 2629 xxxv,
377 2598 409 2630 7.
430 2604 471 2610 —
490 2594 504 2611 ²
530 2587 642 2630 Philip.
664 2599 716 2630 111,
732 2600 764 2631 9.
787 2606 818 2613 ο·
848 2587 861 2612 3
881 2593 970 2622 Rom.
993 2601 1026 2632 x,
1047 2590 1078 2623 3.
1107 2609 1150 2614 —
1175 2591 1191 2621 4
1224 2604 1237 2624 1
1258 2595 1331 2626 Cor.
1364 2606 1387 2637 1,
1412 2596 1461 2629 13.

21 2657 23 2676 ε
77 2661 118 2668 -
142 2643 156 2667 5
175 2645 223 2678 1d.
242 2656 291 2687 111,
310 2645 344 2677 6.

287 2709 411 2739 cxlx.
1228 2702 1253 2741 6
