1815 3253
0 198 9 252 Γ
356 193 599 224 ΕΝΑῐηιΑΤῐο
631 197 677 223 m
710 192 914 223 PsALMUM
945 197 1090 224 cxxvr.
1336 184 1417 225 115

0 262 9 335 ᾗ
34 264 122 310 bris
142 277 402 324 perseveres.
428 265 615 316 Mutare,
640 276 818 321 sequere
842 261 985 305 lucem
1009 269 1151 317 tuam,
1172 276 1307 320 quare
1324 277 1422 305 sur-

0 347 8 390 r
34 334 166 389 rexit,
207 348 334 391 surge
360 352 368 376 :
395 331 496 376 sede
531 331 680 390 priUS,
722 340 766 375 et
795 331 854 375 sic
887 346 1028 390 surge.
1058 349 1079 372 «
1104 332 1216 376 Cum
1255 331 1425 376 dederit

0 396 4 457 i
36 424 57 449 »
80 420 282 450 somnum
303 403 470 448 dilectis
492 403 597 463 ejus.
627 420 646 443 »

91 477 212 520 VIII.
248 474 380 528 Quasi
401 487 617 533 quaereres
645 472 829 526 iterum,
857 471 1025 524 Quibus
1051 469 1249 516 dilectis?
1274 491 1292 513 «
1311 474 1424 517 Ecce

0 566 7 587 ·.
36 563 56 587 »
70 543 299 589 haereditas
314 543 503 596 Domini,
516 541 609 596 filii,
623 557 784 586 merces
802 540 969 586 fructus
986 542 1189 586 ventris1.
1204 564 1218 583 »
1237 543 1424 596 Quando

0 635 5 666 p
33 614 153 670 dicit,
170 633 190 657 «
213 617 400 658 Fructus
417 613 607 668 ventris,
630 632 646 652 »
670 612 870 671 parturiti
894 621 996 656 sunt
1017 611 1092 655 filii
1110 612 1193 656 isti.
1213 615 1427 673 Estquse-

0 706 5 731 i
32 684 134 731 dam
163 684 320 729 mulier
335 719 346 738 ‚
380 684 427 727 in
463 699 549 743 qua
572 681 823 742 spiritaliter
847 681 1090 727 ostenditur
1111 683 1232 743 quod
1254 684 1422 727 dictum

0 767 7 802 ‚t
33 763 96 799 est
116 757 220 798 Evae
246 773 255 798 z
284 774 304 796 «
330 757 382 798 In
416 752 578 810 gemitu
613 751 825 811 parturies
840 755 873 797 ².
902 770 922 794 »
953 753 1070 797 Parit
1097 753 1210 796 enim
1234 753 1425 797 Ecclesia

0 819 3 872 i
31 824 143 879 filios
166 825 325 883 conjux
348 823 508 868 Christi
539 841 547 866 ε
574 830 632 876 et,
649 822 683 866 si
701 821 839 880 parit,
861 823 1062 882 parturit.
1080 825 1131 866 In
1147 823 1268 882 cujus
1286 823 1427 882 figura

0 920 1 930 κ
33 892 163 937 etiam
186 902 323 936 mater
352 893 551 936 vivorum
585 890 801 951 appellata
825 893 929 935 estss.
957 895 1009 935 In
1041 892 1244 936 membris
1276 903 1427 952 partu-

33 963 180 1009 rientis
197 971 287 1006 erat
304 961 376 1006 ille
391 962 466 1021 qui
485 960 675 1014 dicebat,
700 979 720 1001 «
739 960 883 1005 Filioli
904 962 1006 1016 mei,
1021 977 1130 1020 quos
1147 962 1307 1006 iterum
1325 979 1424 1022 par-

36 1050 58 1074 »
82 1032 218 1087 turio,
255 1031 394 1075 donec
427 1030 623 1075 Christus
652 1029 865 1073 formetur
895 1031 940 1073 in
975 1031 1141 1075 vobis⁴.
1171 1049 1192 1072 »
1220 1032 1304 1076 Sed
1336 1049 1427 1077 non

34 1103 192 1159 frustra
214 1101 551 1162 parturivit,nec
568 1099 727 1145 frustra
744 1101 912 1160 peperit
933 1121 942 1145 ι
963 1101 1044 1145 erit
1056 1117 1203 1146 semen
1226 1113 1426 1148 sanctum

34 1173 79 1217 in
102 1173 415 1217 resurrectione
430 1180 727 1228 mortuorum,
743 1170 1036 1216 abundabunt
1048 1173 1170 1232 justi,
1183 1174 1257 1233 qui
1273 1173 1362 1217 diff
1361 1175 1422 1218 usi

35 1253 138 1290 sunt
168 1244 299 1289 modo
330 1253 423 1288 toto
467 1243 573 1287 orbe
619 1251 849 1286 terrarum.
886 1243 1032 1286 Gemit
1072 1243 1168 1287 illos
1206 1244 1394 1289 Ecclesia
1410 1281 1420 1301 ,

35 1315 223 1375 parturit
240 1313 336 1359 illos
351 1312 566 1358 Ecclesia:
582 1312 628 1356 in
648 1311 722 1356 illa
737 1321 882 1356 autem
901 1314 1216 1358 resurrectione
1235 1325 1430 1360 mortuo-

36 1400 134 1430 rum
155 1385 380 1445 apparebit
397 1393 544 1444 partus
562 1383 764 1427 Ecclesiae
780 1418 791 1435 ,
817 1384 994 1427 transiet
1012 1383 1137 1428 dolor
1158 1394 1201 1429 et
1223 1388 1423 1445 gemitus.

36 1458 92 1501 Et
114 1454 222 1515 quid
253 1454 448 1499 dicetur?
475 1473 493 1494 (ι
514 1457 628 1497 Ecce
651 1452 882 1497 haereditas
910 1455 1105 1509 Domini,
1132 1454 1231 1510 filii,
1264 1472 1426 1501 merces

40 1544 60 1568 »
87 1524 252 1569 fructus
274 1525 449 1569 ventris.
479 1542 498 1564 »
520 1524 659 1583 Hujus
686 1542 705 1564 «
728 1523 920 1581 fructus3
945 1543 963 1564 »
990 1540 1095 1579 non,
1118 1525 1187 1569 hic
1201 1526 1397 1571 fructus⁵
1416 1548 1424 1572 :

41 1615 62 1638 «
85 1610 245 1640 merces
271 1614 289 1637 »
312 1596 442 1655 hujus
467 1613 484 1632 «
513 1593 681 1637 fructus
697 1594 902 1637 ventris.»
921 1597 1029 1647 Quae
1048 1604 1111 1638 est
1133 1595 1222 1655 ipsa
1239 1601 1428 1642 merces?

38 1670 277 1726 Resurgere
290 1683 312 1710 a
326 1667 522 1710 mortuis.
540 1667 647 1717 Quae
665 1673 727 1708 est
743 1664 833 1724 ipsa
850 1668 1040 1709 merces?
1059 1669 1257 1724 Surgere,
1279 1679 1427 1727 postea

39 1753 168 1799 quam
193 1736 353 1781 sedisti.
379 1739 487 1789 Quae
509 1745 573 1778 est
604 1734 696 1794 ipsa
718 1738 910 1779 merces?
934 1736 1090 1779 Laetari
1112 1747 1261 1796 postea
1293 1756 1424 1799 quam

38 1807 309 1853 manducasti
332 1821 487 1865 panem
525 1804 697 1848 doloris.
734 1806 868 1865 Cujus
902 1806 1088 1850 ventris?
1110 1807 1313 1852 Ecclesiae
1340 1828 1347 1853 :
1382 1811 1426 1853 in

38 1880 160 1938 eujus
181 1887 332 1923 ventre
348 1912 358 1932 ,
385 1877 487 1936 quia
510 1877 599 1936 ejus
616 1884 774 1934 typum
797 1876 994 1920 Rebecca
1019 1878 1228 1934 gestabat,
1254 1879 1344 1923 duo
1364 1880 1425 1924 illi

10 1945 14 1949 ’
39 1948 197 2007 gemini
219 1956 426 2007 tanquam
451 1946 539 1989 duo
562 1943 713 2004 populi
741 1945 1068 1989 luctabanturss.
1099 1949 1192 1991 Una
1213 1958 1350 1992 mater
1380 1951 1425 1994 in

38 2018 269 2064 visceribus
291 2017 376 2061 suis
398 2015 697 2059 dissentientes
723 2013 875 2059 fratres
904 2015 1103 2060 nondum
1126 2027 1249 2063 natos
1280 2023 1422 2066 conti-

39 2089 173 2134 nebat
197 2107 206 2133 :
231 2087 463 2148 pulsabant
480 2095 673 2130 materna
694 2086 857 2130 viscera
879 2086 1102 2131 discordiis
1124 2089 1302 2134 internis
1318 2112 1329 2149 3
1346 2108 1422 2151 ge-

40 2159 186 2205 mebat
202 2158 295 2213 illa,
322 2158 409 2200 vim
428 2156 701 2217 patiebatur3
725 2156 802 2200 sed
816 2156 985 2215 pariens
999 2156 1295 2215 discernebat,
1316 2178 1426 2222 quos

43 2229 235 2288 geminos
286 2242 482 2287 praegnas
526 2225 777 2285 pertulerat.
821 2226 888 2270 Sic
933 2236 977 2270 et
1028 2227 1161 2272 modo
1176 2264 1186 2284 ,
1242 2229 1419 2288 fratres,

42 2298 238 2361 quandiu
276 2298 459 2357 gemitus
493 2295 620 2340 datus
653 2305 717 2340 est
745 2295 971 2352 Ecclesiae,
1010 2298 1207 2358 quandiu
1240 2305 1426 2360 parturit

38 2364 256 2423 Ecclesia,
292 2367 371 2427 ipsi
395 2375 496 2410 sunt
515 2366 633 2409 intus
660 2374 703 2409 et
723 2365 828 2410 boni
850 2375 893 2410 et
914 2366 1031 2410 mali.
1059 2370 1247 2413 Fructus
1278 2381 1426 2418 autem

90 2471 99 2488 ¹
119 2464 203 2497 Psal.
223 2475 328 2504 cxxvr,
348 2463 378 2494 3.
400 2479 441 2485 —-
461 2469 474 2483 2
496 2464 575 2494 Gen.
594 2472 655 2500 111,
676 2461 727 2493 16.
754 2478 794 2484 --
815 2460 828 2484 3
854 2461 935 2495 lbid.
969 2471 1023 2495 20.
1047 2480 1088 2486 --
1105 2462 1123 2494 4
1144 2465 1211 2498 Gal.
1230 2478 1279 2506 iv,
1308 2479 1358 2509 ¹9·
1381 2487 1424 2493 ..-

46 2519 60 2543 5
75 2522 174 2553 Graec.
195 2523 245 2551 τοῦ
264 2521 397 2563 καρποῦ.
414 2534 454 2540 —
473 2515 488 2539 ⁶
507 2519 587 2549 Gen.
604 2528 677 2558 xxv,
696 2526 751 2558 22,
772 2518 827 2549 23.

1178 2581 1215 2615 8.
