1815 3253
349 187 590 218 ENAnnAno
623 190 668 216 m
700 186 903 216 PsALMUM
941 189 1082 216 cxxix.
1329 177 1412 216 163

27 256 165 302 decim
186 271 402 300 annorum
424 255 510 299 filia
528 255 895 314 Arehisynagogi,
920 255 1008 301 sive
1031 255 1257 307 Lazarus1,
1289 253 1413 298 aliter

29 325 262 372 resuscitati
293 334 420 379 sunt,
451 340 602 369 omnes
636 326 868 370 morituri:
892 324 1024 369 semel
1054 323 1145 367 nati
1178 331 1304 376 sunt,
1339 322 1417 368 sed

29 397 93 444 bis
113 397 272 442 mortui
296 405 412 440 sunt.
436 398 575 440 Nemo
597 405 887 440 resurrexerat
909 409 1137 454 nunquam
1160 394 1412 449 moriturus,

29 467 109 513 nisi
123 467 345 512 Dominus.
365 465 548 519 Quando
562 475 706 510 autem
724 466 952 510 resurrexit
967 465 1177 510 Dominus
1189 480 1418 524 nunquam

29 538 288 584 moriturus?
313 556 333 579 «
357 540 394 581 A
417 536 561 596 vigilia
577 538 810 581 matutina.
831 555 852 577 »
873 539 968 580 Hoc
989 550 1113 594 spera
1127 544 1169 579 et
1195 544 1242 579 tu
1259 535 1314 578 de
1332 538 1420 579 Do-

30 610 170 662 mino,
196 617 538 652 resurrecturum
577 617 640 661 te,
671 623 760 652 non
793 605 1017 667 quomodo
1051 609 1237 650 Lazarus
1274 620 1420 649 resur-

29 678 162 733 rexit,
202 694 292 722 non
324 677 547 737 quomodo
571 676 686 721 filius
721 677 874 721 Viduae
898 685 943 720 et
961 675 1306 734 Archisynagogi
1334 675 1423 720 filia

29 758 372 803 resurrexerunt,
394 765 481 793 non
517 748 740 809 quomodo
762 764 872 809 quos
904 748 1222 792 suscitaverunt
1250 747 1421 808 antiqui

30 820 257 879 Prophetae
273 840 284 876 3
309 818 382 863 sed
407 829 750 864 resurrecturum
765 829 805 863 te
818 834 939 878 spera
954 817 1178 878 quomodo
1194 818 1419 873 Dominus,

29 900 79 934 ut
108 898 205 948 post
235 889 591 932 resurrectionem
629 906 716 949 qua
750 889 1051 943 resurrexeris,
1076 904 1164 933 non
1187 898 1230 932 te
1257 890 1347 948 jam
1367 889 1425 932 ti-

31 974 145 1007 meas
160 959 420 1003 moriturum
443 978 451 1004 :
473 968 515 1002 et
537 960 709 1018 coepisti
730 974 903 1018 sperare
925 975 948 1002 a
966 957 1112 1017 vigilia
1130 960 1360 1002 matutina.

89 1032 144 1074 X.
182 1032 312 1089 Spera
335 1039 479 1073 autem
507 1045 646 1088 usque
669 1029 725 1073 ad
747 1039 918 1079 noctem
933 1064 942 1082 ,
988 1044 1220 1088 quousque
1241 1029 1419 1072 finiatur

0 1100 124 1160 thaec
157 1100 243 1143 vita
261 1134 271 1153 ,
297 1114 527 1159 quousque
559 1099 612 1142 sit
640 1114 726 1142 nox
754 1099 944 1142 universi
973 1099 1143 1156 generis
1166 1099 1348 1142 humani
1379 1099 1424 1143 in

0 1167 10 1219 t
32 1186 184 1216 occasu
208 1169 370 1214 saeeuli.
396 1172 538 1222 Quare
561 1171 642 1214 hoc
665 1171 833 1229 usque?
857 1171 967 1222 Quia
992 1178 1089 1227 post
1106 1170 1232 1213 istam
1251 1179 1426 1214 noctem

0 1237 11 1290 i
29 1243 116 1302 jam
138 1256 228 1285 non
259 1241 339 1284 erit
356 1255 450 1299 spes
465 1276 475 1295 ,
511 1239 586 1284 sed
608 1241 699 1298 ipsa
721 1256 802 1283 res.
827 1241 930 1298 Spes
953 1240 1068 1283 enim
1096 1256 1197 1299 quae
1219 1239 1392 1283 videtur
1412 1275 1424 1294 ‚

0 1302 121 1359 iinon
150 1320 212 1354 est
244 1326 339 1370 spes
367 1330 375 1355 :
400 1310 636 1368 Apostolus
666 1310 772 1354 dicit
797 1329 805 1354 :
836 1329 855 1351 «
881 1309 1013 1363 Quod
1030 1311 1144 1353 enim
1169 1310 1290 1354 videt
1312 1311 1425 1371 quis,

35 1400 57 1424 n
92 1380 200 1441 quid
214 1383 382 1440 sperat?
403 1381 445 1425 Si
463 1390 607 1424 autem
623 1380 743 1440 quod
759 1396 847 1424 non
865 1380 1064 1425 videmus
1081 1396 1304 1439 speramus
1317 1416 1327 1435 ,
1353 1397 1430 1440 per

0 1464 12 1497 Ι
39 1472 57 1493 »
93 1451 346 1510 patientiam
368 1454 684 1510 expectamus&
716 1471 733 1491 »
767 1451 810 1495 Si
832 1466 935 1510 ergo
959 1450 1172 1509 patienter
1196 1460 1426 1510 expectare

0 1536 17 1572 ι
37 1522 246 1571 debemus
267 1522 389 1581 quod
407 1537 493 1565 non
506 1520 728 1571 videmus,
749 1535 888 1579 usque
911 1521 966 1564 ad
984 1529 1156 1564 noctem
1180 1536 1425 1580 speremus,

0 1591 82 1642 'nid
107 1601 197 1647 est,
234 1607 373 1652 usque
410 1592 465 1636 ad
497 1591 629 1634 finem
669 1591 799 1650 hujus
836 1590 936 1634 vitae
969 1600 1128 1635 nostrae
1161 1590 1231 1635 vel
1259 1592 1424 1637 saeculi.

0 1677 15 1709 m
38 1663 149 1711 Cum
167 1671 314 1707 autem
336 1677 423 1705 nox
438 1661 518 1704 ista
546 1661 782 1715 transierit,
801 1662 892 1721 jam
916 1661 1062 1705 veniet
1087 1662 1207 1722 quod
1222 1663 1429 1722 speraba-

0 1737 16 1779 ὑ
38 1748 154 1790 mus3
169 1741 212 1776 et
233 1747 322 1776 non
339 1732 430 1791 jam
452 1731 738 1791 sperabimuS,
755 1746 836 1775 nee
852 1741 997 1775 tamen
1013 1731 1229 1791 desperati
1246 1733 1424 1778 erimus.

0 1819 15 1865 ‚¹
39 1804 116 1849 Est
131 1803 246 1846 enim
267 1802 529 1861 vituperatio
557 1801 883 1858 desperatorum
899 1837 909 1856 ,
949 1811 992 1845 et
1014 1802 1252 1862 aliquando
1281 1806 1426 1848 detes-

9 1902 11 1914 2
38 1881 179 1921 tamur
200 1871 447 1925 hominem,
480 1880 523 1914 et
544 1870 750 1926 dicimus,
770 1874 867 1917 Non
889 1872 1024 1916 habet
1040 1888 1177 1932 spem.
1197 1876 1296 1918 Non
1313 1889 1428 1918 sem-

39 1949 115 2002 per
129 1941 292 1986 malum
314 1952 376 1986 est
394 1957 482 1985 non
502 1941 664 1985 habere
690 1957 825 2001 spem.
854 1945 904 1985 In
929 1942 1010 1986 hac
1028 1942 1116 1987 vita
1134 1958 1236 1987 eum
1257 1959 1423 1999 sumus,

0 2035 20 2070 η
37 2011 200 2060 malum
225 2021 287 2056 est
309 2028 398 2056 non
423 2012 584 2055 habere
615 2026 751 2071 spem.
777 2012 860 2064 Qui
889 2012 1004 2055 enim
1031 2013 1163 2056 modo
1185 2029 1306 2073 spem
1335 2030 1422 2059 non

0 2105 18 2136 *a
38 2081 192 2137 habet,
218 2098 308 2126 rem
330 2092 474 2142 postea
501 2097 592 2126 non
612 2082 809 2125 habebit.
853 2084 970 2140 Ergo
990 2081 1123 2126 modo
1143 2098 1265 2142 spem
1287 2084 1424 2128 debe-

0 2175 19 2209 m
37 2167 132 2197 mus
162 2153 337 2197 habere.
377 2152 460 2197 Sed
492 2168 591 2197 eum
620 2168 685 2196 res
707 2152 902 2207 venerit,
936 2153 1155 2213 numquid
1189 2170 1284 2213 spes
1319 2156 1426 2200 erit?

0 2230 60 2276 13'«
94 2221 224 2275 Quod
247 2222 360 2266 enim
384 2221 502 2266 videt
522 2223 640 2282 quis,
667 2223 773 2282 quid
796 2224 968 2281 sperat?
993 2240 1012 2263 »
1038 2223 1196 2268 Veniet
1216 2226 1426 2272 Dominus

0 2294 150 2348 ‚flDeus
176 2298 346 2347 noster,
372 2293 512 2351 primo
535 2292 718 2336 formam
745 2292 883 2352 ipsam
913 2292 958 2336 in
987 2309 1073 2353 qua
1098 2294 1330 2340 crucifixus
1361 2307 1425 2342 est

0 2386 23 2418 rt
39 2369 80 2406 et
97 2362 354 2417 resurrexit,
375 2361 749 2406 demonstraturus
772 2363 918 2420 generi
941 2363 1134 2408 humano
1149 2399 1160 2419 ,
1181 2374 1232 2408 ut
1246 2355 1426 2413 videant

2 2457 24 2489 [D
85 2462 95 2480 ¹
115 2459 191 2490 Luc.
211 2468 267 2497 vu,
293 2456 344 2498 15,
364 2460 397 2488 et
419 2467 486 2497 vm,
506 2456 562 2497 55,
583 2461 614 2488 et
628 2458 719 2488 Joan.
739 2468 782 2498 xi,
801 2456 854 2498 [34.
876 2474 917 2479 —
936 2465 948 2479 ²
969 2460 1061 2489 Rom.
1081 2469 1150 2499 vin,
1174 2458 1228 2500 24.

1173 2525 1238 2561 11.
