1815 3253
336 197 417 235 176
763 204 796 233 s.
834 205 1063 236 Auens-mm
1094 209 1277 237 Enscom

332 290 352 313 »
389 280 476 315 tate
497 271 734 331 perficitur.
773 289 792 312 »
818 274 912 331 Ego
935 274 1035 317 novi
1052 273 1159 334 quid
1180 273 1477 333 apposuerim,
1503 288 1583 333 ego
1612 276 1714 320 novi

330 342 449 385 unde
471 351 653 400 aegrotes
669 377 679 397 ,
706 357 786 400 ego
811 343 909 386 novi
933 342 1052 386 unde
1073 344 1248 388 saneris.

389 413 512 455 VIII.
542 412 584 457 Si
606 427 708 470 ergo
725 447 735 467 ,
761 412 1020 468 charissimi,
1041 414 1185 472 potuit
1207 413 1366 458 Paulus
1388 412 1609 472 apostolus
1632 430 1709 458 ex-

330 480 425 526 tolli
454 483 752 541 magnitudine
794 483 1106 528 revelationum
1125 519 1135 539 ,
1166 485 1246 528 nisi
1269 484 1484 543 acciperet
1510 483 1714 543 angelum

333 554 501 596 Satanae
519 553 593 612 qui
612 569 654 597 se
672 553 961 612 colaphizaret
976 575 987 611 3
1004 554 1099 613 quis
1116 554 1170 597 de
1187 570 1230 598 se
1249 554 1380 614 possit
1402 569 1491 598 esse
1510 557 1714 599 securus?

333 623 484 667 Tutius
513 623 686 667 videtur
716 623 939 668 ambulare
967 624 1043 684 qui
1071 623 1214 668 minus
1236 624 1401 684 accepit
1418 659 1428 679 ‚
1454 623 1530 668 sed
1561 625 1595 668 si
1625 640 1714 669 non

329 708 526 752 perverse
548 703 716 754 quaerat
732 695 851 754 quod
874 704 989 739 recte
1007 710 1096 739 non
1119 695 1283 754 accepit
1303 704 1494 755 :quaerat
1514 695 1604 739 sine
1626 711 1714 755 quo

329 780 417 809 non
441 774 582 824 potest
604 780 693 809 esse
715 766 759 808 in
782 781 962 824 corpore
983 765 1171 820 Christi,
1197 774 1272 810 aut
1295 765 1386 808 sine
1409 780 1496 824 quo
1520 765 1630 808 male
1653 776 1714 810 est

329 833 433 878 illic.
462 835 613 878 Tutior
633 844 697 878 est
718 835 830 878 enim
855 835 900 878 in
918 850 1099 894 corpore
1121 835 1281 893 digitus
1300 851 1429 878 sanus
1443 870 1453 889 ‚
1479 851 1609 895 quam
1631 834 1715 895 lip-

329 904 451 963 piens
473 903 640 949 oculus.
655 904 820 962 Digitus
835 906 986 962 exigua
1009 904 1208 965 quaedam
1232 921 1298 949 res
1320 915 1405 961 est3
1431 905 1581 949 oculus
1599 920 1714 963 mag-

329 974 474 1028 nifica,
494 973 683 1018 multum
699 985 842 1034 potest
860 995 868 1019 :
889 985 931 1019 et
947 985 1090 1019 tamen
1109 975 1263 1019 melius
1280 985 1342 1019 est
1356 975 1542 1034 digitum
1560 991 1649 1020 esse
1671 985 1713 1020 et

328 1059 480 1088 sanum
504 1060 593 1089 esse
609 1080 619 1099 ,
640 1061 769 1105 quam
790 1044 967 1089 oculum
985 1061 1073 1089 esse
1096 1055 1138 1089 et
1154 1046 1415 1105 perturbari,
1440 1044 1612 1104 lippire,
1638 1061 1712 1089 ex-

327 1117 492 1159 caecari.
521 1118 618 1160 Non
651 1131 753 1174 ergo
783 1125 950 1175 quaerat
978 1116 1161 1175 quisque
1188 1116 1233 1159 in
1256 1131 1436 1174 corpore
1459 1115 1618 1160 Christi
1635 1116 1713 1159 nisi

327 1186 571 1229 sanitatem.
612 1186 862 1230 Secundum
895 1186 1121 1229 sanitatem
1155 1185 1314 1229 habeat
1342 1186 1506 1242 fidem3
1541 1201 1593 1229 ex
1625 1186 1712 1229 fido

328 1255 565 1299 mundatur
601 1272 676 1300 cor
711 1257 823 1315 ejus,
850 1272 899 1299 ex
923 1255 1207 1300 mundatione
1229 1256 1369 1299 cordis
1391 1255 1573 1299 'videbit
1594 1254 1712 1299 illam

325 1324 477 1369 faciem
491 1362 504 1381 ,
530 1326 584 1369 de
611 1342 696 1386 qua
718 1326 883 1370 dictum
907 1335 970 1369 est
992 1345 1000 1369 ε
1030 1345 1050 1366 «
1074 1326 1194 1369 Beati
1215 1325 1381 1369 mundo
1413 1324 1568 1379 corde,
1594 1341 1708 1385 quo-

327 1413 347 1436 »
383 1397 499 1439 niam
519 1396 596 1455 ipsi
615 1399 752 1440 Deum
773 1395 987 1440 videbunt
1004 1398 1032 1438 1.
1064 1414 1083 1436 n
1110 1398 1166 1439 Et
1187 1395 1262 1455 qui
1286 1395 1388 1439 feeit
1406 1395 1612 1439 miracula
1629 1430 1639 1450 ,
1666 1404 1709 1439 et

325 1466 402 1526 qui
425 1482 513 1509 non
536 1465 637 1510 feeit
660 1465 865 1510 miracula
883 1466 928 1509 in
950 1481 1130 1524 corpore
1152 1465 1326 1518 Christi,
1341 1481 1431 1509 non
1453 1465 1584 1509 debet
1606 1481 1708 1524 gau-

323 1535 425 1579 dere
458 1536 539 1580 nisi
569 1535 623 1580 de
653 1534 761 1580 facie
797 1536 888 1580 Dei.
927 1535 1170 1579 Redierunt
1198 1535 1417 1595 Apostoli,
1443 1545 1485 1579 et
1507 1536 1707 1579 dixerunt

326 1606 509 1650 Domino
527 1641 538 1657 ,
564 1621 660 1650 eum
696 1606 810 1649 missi
845 1615 986 1650 essent
1015 1622 1037 1649 a
1060 1606 1270 1659 Domino,
1300 1625 1319 1647 «
1344 1608 1477 1660 Ecce,
1500 1605 1702 1661 Domine,

327 1695 346 1717 »
382 1676 426 1719 in
456 1677 630 1720 nomine
653 1685 728 1720 tuo
750 1675 878 1719 etiam
907 1674 1122 1719 daemonia
1148 1675 1271 1737 nohis
1292 1675 1486 1734 subjecta
1511 1679 1655 1719 sunt'2.
1681 1693 1701 1715 »

324 1745 443 1789 Vidit
456 1746 663 1789 Dominus
686 1744 806 1804 quod
823 1754 1009 1788 tentaret
1032 1760 1102 1788 eos
1125 1744 1322 1803 superbia
1346 1760 1395 1787 ex
1414 1744 1607 1804 potentia
1624 1745 1706 1788 mi-

323 1815 597 1872 raculorum3
629 1824 672 1858 et
706 1815 779 1858 ille
809 1815 885 1874 qui
919 1815 1111 1858 medicus
1145 1824 1323 1859 venerat
1343 1830 1492 1858 sanare
1514 1824 1704 1859 tumores
1760 1809 1763 1865 ζ

322 1895 491 1929 nostros
508 1920 518 1939 ‚
545 1894 587 1929 et
607 1885 716 1928 ferre
738 1884 1009 1928 infirmitates
1031 1893 1213 1939 nostras,
1240 1884 1449 1929 continuo
1473 1884 1531 1928 ait
1552 1904 1560 1928 :
1586 1904 1605 1926 «
1621 1887 1704 1929 No-

325 1974 344 1996 »
379 1955 454 1999 lite
475 1957 520 1998 in
543 1956 625 1999 hoc
649 1955 963 2014 gaudere,quia
979 1955 1194 1998 daemonia
1216 1955 1335 1998 vobis
1358 1955 1552 2014 subjecta
1576 1964 1699 2013 sunt3

325 2043 345 2065 »
381 2024 456 2069 sed
480 2025 666 2083 gaudete
683 2025 785 2084 quia
807 2025 983 2068 nomina
1001 2034 1139 2068 vestra
1156 2025 1311 2083 scripta
1330 2034 1430 2068 sunt
1452 2025 1496 2068 in
1515 2025 1697 2069 000103.»

322 2097 417 2139 Non
448 2110 596 2139 omnes
633 2094 865 2139 Christiani
889 2095 993 2138 boni
1017 2095 1234 2138 daemones
1266 2094 1443 2153 ejiciunt
1469 2114 1477 2138 :
1505 2095 1700 2139 omnium

321 2175 467 2209 tamen
488 2166 664 2210 nomina
697 2166 853 2225 scripta
885 2175 986 2209 sunt
1008 2166 1052 2208 in
1075 2165 1200 2209 coelo.
1227 2167 1324 2210 Non
1342 2181 1412 2210 eos
1434 2166 1572 2210 voluit
1595 2183 1700 2225 gau-

320 2236 422 2279 dere
444 2251 493 2278 ex
517 2251 567 2279 eo
585 2235 703 2295 quod
722 2236 945 2294 proprium
963 2235 1199 2290 habebant,
1218 2234 1293 2279 sed
1315 2251 1365 2279 ex
1389 2252 1439 2280 eo
1457 2236 1577 2296 quod
1599 2251 1699 2280 cum

319 2309 483 2352 caeteris
501 2308 683 2352 salutem
703 2310 923 2353 tenebant.
946 2308 1052 2351 Inde
1074 2309 1213 2352 voluit
1231 2310 1418 2367 gaudere
1440 2310 1669 2369 Apostolos
1683 2345 1694 2365 ‚

318 2379 435 2422 unde
457 2378 618 2437 gaudes
640 2387 683 2421 et
705 2387 766 2421 tu.
791 2377 993 2422 Intendat
1014 2378 1210 2423 Charitas
1232 2382 1396 2424 Vestra.
1418 2380 1572 2425 Nullus
1590 2379 1697 2424 fide·
1757 2409 1759 2420 ι
1803 2372 1812 2395 '⁴

366 2482 374 2498 ¹
392 2475 505 2507 Mauh.
532 2487 564 2518 v,
584 2478 614 2507 ὃ.
641 2492 681 2497 -
699 2483 710 2498 ²
733 2477 809 2507 Luc.
830 2485 864 2517 X,
886 2487 935 2518 17.
958 2493 998 2498 --
1021 2475 1032 2499 3
1052 2476 1130 2509 Ibid.
1151 2487 1202 2510 20.

1768 0 1785 38 y!

1797 305 1811 348 [ff

1798 377 1815 418 [l

1799 460 1815 487 na

1799 601 1814 646 qi

1765 1021 1768 1052 l
