1815 3253
367 206 450 248 154
791 220 824 248 S·
861 217 1092 248 AUGUSTINI
1124 220 1306 248 EPISCOPI

362 283 586 328 cluserunt
618 282 858 328 orationem
889 295 944 327 ne
972 282 1216 343 perveniret
1243 284 1299 328 ad
1327 286 1467 328 Deum
1487 319 1498 340 ,
1529 293 1573 329 et
1592 293 1741 330 venter

361 354 511 398 'bestiae
544 369 633 397 non
664 354 809 412 potuit
830 362 977 397 tenere
996 369 1149 398 vocem
1181 354 1466 413 deprecantis.
1499 355 1742 400 Penetravit

361 423 507 468 omnia
528 459 538 479 ,
562 422 748 482 disrupit
764 424 908 467 omnia
923 458 933 477 ,
970 424 1168 482 pervenit
1193 423 1247 467 ad
1269 438 1392 467 aures
1415 424 1492 467 Dei
1512 442 1521 468 ε
1547 424 1581 467 si
1602 428 1742 470 tameri

361 492 596 537 dicendum
620 502 713 548 est,
738 493 839 552 quia
860 492 1063 552 disruptis
1096 493 1299 537 omnibus
1321 493 1518 552 pervenit
1546 491 1600 537 ad
1622 500 1742 538 aures

358 565 437 609 Dei
461 586 470 622 3
496 563 673 625 quando
696 579 819 608 aures
837 565 914 608 Dei
936 564 981 607 in
995 564 1129 608 corde
1141 564 1354 623 precantis
1372 572 1510 608 erant.
1528 564 1613 607 Ubi
1628 565 1742 609 enini

359 637 499 678 Deum
522 643 780 693 praesentem
815 649 903 677 non
925 634 1078 687 habet,
1104 635 1226 692 cujus
1261 632 1398 676 fidelis
1427 642 1491 677 est
1524 635 1633 678 vox?
1655 633 1741 677 Ve-'

359 714 606 748 rumtamen
627 714 665 747 et
687 719 764 748 nos
794 702 1003 747 debemus
1040 702 1282 760 intelligere
1315 702 1370 745 de
1401 717 1490 761 quo
1522 701 1742 762 profundo

358 775 594 819 clamemus
628 774 683 818 ad
706 775 957 818 Dominum.
979 773 1253 818 Profundum
1279 774 1395 817 enim
1418 772 1543 818 nobis
1575 780 1638 817 est
1657 773 1741 818 vita

357 844 438 888 ista
460 844 669 889 mortalis.
687 845 893 904 Quisquis
915 859 959 888 se
980 844 1026 888 in
1040 843 1261 904 profundo
1275 841 1550 898 intellexerit,
1568 843 1739 899 clamat,

358 915 511 972 gemit,
536 916 721 974 suspirat
739 949 750 970 ,
785 913 925 958 donec
957 913 1012 958 de
1033 912 1255 974 profundo
1283 922 1460 957 eruatur
1480 948 1491 969 ,
1532 921 1575 957 et
1601 913 1743 958 veniat

357 983 414 1028 ad
435 999 536 1028 eum
551 985 627 1044 qui
643 999 774 1043 super
786 999 935 1029 omnes
949 984 1125 1041 abyssos
1145 984 1266 1027 sedet
1282 991 1326 1026 et
1344 997 1473 1042 super
1485 983 1738 1038 Cherubim,

357 1069 488 1113 super
509 1054 654 1098 omnia
668 1070 768 1114 quae
787 1055 964 1109 creavit,
985 1070 1075 1099 non
1092 1054 1233 1099 solum
1250 1053 1505 1113 corporalia,
1522 1053 1597 1098 sed
1615 1054 1741 1099 etiam

357 1123 564 1182 spiritalia
585 1144 596 1180 3
621 1123 759 1168 donec
780 1123 835 1168 ad
857 1139 957 1168 eum
978 1125 1125 1169 veniat
1147 1124 1288 1168 anima
1311 1159 1320 1178 ,
1347 1123 1487 1168 donec
1511 1124 1566 1167 ab
1588 1123 1664 1168 illo
1687 1123 1742 1167 li:-

357 1193 535 1237 beretur
555 1194 696 1251 imago
713 1194 846 1252 ipsius
866 1228 876 1248 ,
903 1193 1024 1253 quod
1046 1203 1110 1238 est
1131 1195 1265 1238 homo
1281 1228 1292 1247 ,
1317 1209 1416 1252 quae
1447 1194 1493 1236 in
1523 1194 1607 1237 hoc
1640 1208 1741 1252 pro-

356 1264 497 1308 fundo
518 1273 723 1324 tanquam
748 1265 926 1308 assiduis
949 1265 1155 1308 fluctibus
1170 1264 1378 1322 exagitata
1397 1264 1554 1308 detrita
1577 1273 1639 1308 est
1664 1279 1673 1305 ε
1700 1272 1742 1325 et

356 1335 439 1378 nisi
463 1343 694 1378 renovetur
726 1343 769 1377 et
800 1344 1025 1393 reparetur
1058 1351 1081 1379 a
1115 1338 1205 1379 Deo
1226 1369 1236 1389 ,
1273 1334 1348 1394 qui
1382 1333 1500 1378 illam
1529 1334 1741 1393 impressit
1770 1374 1771 1382 ,

358 1405 539 1464 quando
578 1403 781 1449 formavit
814 1405 1039 1449 hominem
1059 1426 1069 1463 3
1095 1404 1313 1463 (Idoneus
1335 1405 1479 1463 potuit
1500 1420 1590 1448 esse
1610 1405 1740 1450 homo

354 1476 412 1519 ad
429 1490 576 1519 casum
593 1490 737 1529 suum,
751 1491 841 1519 non
858 1484 921 1520 est
933 1475 1117 1520 idoneus
1130 1475 1185 1519 ad
1199 1475 1558 1519 resurrectionem
1571 1477 1740 1534 suam3)

354 1561 523 1604 semper
543 1546 587 1589 in
609 1545 832 1605 profundo
851 1556 915 1590 est
941 1566 948 1591 ι
975 1547 1055 1590 nisi
1077 1547 1289 1590 liberetur
1308 1581 1319 1601 ,
1351 1555 1401 1589 ut
1423 1545 1511 1589 dixi
1525 1581 1536 1601 ,
1576 1561 1741 1605 semper

355 1615 401 1659 in
423 1614 644 1674 profundo
666 1625 744 1659 est.
774 1617 857 1660 Sed
880 1632 979 1660 cum
998 1615 1052 1659 de
1074 1614 1296 1675 profundo
1324 1608 1502 1670 clamat,
1535 1616 1671 1673 surgit
1687 1615 1739 1660 de
1799 1657 1801 1663 Α

355 1683 578 1744 profundo
594 1720 604 1739 ,
632 1694 675 1728 et
702 1685 791 1743 ipse
820 1685 984 1729 clamor
1005 1701 1095 1729 non
1117 1701 1216 1729 eum
1240 1685 1452 1744 permittit
1484 1684 1676 1728 multum
1697 1686 1740 1729 in

353 1754 442 1798 imo
459 1769 560 1798 esse.
585 1753 723 1797 Valde
745 1755 859 1797 enim
881 1755 926 1798 in
947 1753 1171 1813 profundo
1193 1763 1316 1809 sunt,
1353 1755 1429 1813 qui
1451 1770 1530 1798 nec
1553 1754 1739 1798 clamant
1761 1777 1763 1785 ⁴

353 1822 408 1866 de
430 1822 664 1882 profundo.
692 1823 804 1867 Dicit
827 1824 1047 1883 Scriptura
1065 1859 1076 1879 ,
1105 1842 1125 1866 «
1153 1828 1371 1876 Peccator,
1395 1824 1674 1868 cumvenerit
1696 1824 1738 1866 in

353 1909 374 1933 »
410 1892 683 1951 profundum
708 1893 923 1943 malorum
942 1929 952 1949 ,
982 1893 1264 1938 contemnit1.
1293 1911 1313 1934 »
1335 1896 1432 1937 Jam
1454 1893 1626 1948 videte,
1652 1892 1737 1937 fra-

350 1971 436 2006 tres
456 1997 466 2016 ,
492 1962 623 2022 quale
644 1961 916 2021 profundum
939 1965 991 2007 sit
1008 1999 1019 2019 ,
1050 1965 1128 2008 ubi
1161 1964 1606 2028 contemnitur-Deus.
1628 1965 1737 2008 Cum

349 2032 535 2092 quisque
554 2031 710 2077 viderit
730 2048 774 2076 se
804 2032 1067 2092 quotidianis
1086 2034 1272 2092 peccatis
1300 2033 1510 2077 obrutum
1525 2068 1537 2089 ,
1580 2033 1738 2078 acervis
1756 2055 1759 2062 v

349 2102 613 2161 quibusdam
635 2112 678 2146 et
710 2103 897 2147 molibus
921 2104 1184 2163 quibusdam
1215 2104 1497 2163 iniquitatum
1518 2104 1680 2164 premi,
1705 2103 1736 2147 si

349 2172 515 2216 dictum
538 2172 601 2216 illi
625 2171 757 2217 fuerit
778 2183 829 2218 ut
851 2177 988 2217 Deum
1012 2183 1156 2233 roget,
1180 2173 1345 2218 irridet.
1372 2174 1537 2227 Quibus
1566 2174 1738 2218 modis?

348 2242 493 2287 Primo
515 2242 620 2288 dicit
635 2279 645 2299 ,
673 2244 714 2288 Si
738 2247 827 2289 Deo
844 2244 1123 2304 displicerent
1152 2244 1345 2289 facinora
1366 2280 1376 2300 ,
1403 2260 1483 2303 ego
1521 2245 1736 2290 viverem?

352 2313 394 2358 Si
411 2322 582 2357 curaret
604 2317 718 2358 Deus
748 2329 812 2358 res
834 2315 1047 2359 humanas
1069 2350 1078 2369 ,
1100 2315 1155 2359 ad
1182 2324 1301 2359 tanta
1323 2315 1482 2360 scelera
1505 2331 1604 2375 quae
1627 2315 1731 2370 feci,

346 2397 436 2426 non
459 2382 598 2427 solum
622 2385 834 2439 viverem,
861 2385 938 2428 sed
958 2394 1001 2429 et
1023 2386 1136 2429 bene
1166 2385 1272 2428 mihi
1300 2387 1442 2430 esset?
1472 2384 1590 2430 Solet
1622 2384 1746 2429 enim

345 2453 429 2497 hoc
450 2451 533 2496 illis
556 2454 727 2499 evenire
743 2490 754 2509 ‚
780 2455 856 2514 qui
882 2454 1073 2500 multum
1094 2455 1141 2500 in
1161 2455 1383 2515 profundo
1404 2464 1505 2499 sunt
1521 2491 1532 2511 ,
1554 2463 1597 2499 et
1614 2469 1733 2514 pros-

396 2543 405 2560 ¹
426 2539 522 2571 Prov.
543 2550 636 2581 xvni,
656 2540 686 2571 3.
