1856 3268
419 247 661 278 ENARRATIO
693 251 739 277 IN
772 248 975 279 PsALMUM
1006 250 1104 278 CXX·
1398 238 1449 275 21

65 317 351 379 plectebatur.
377 315 495 370 Quid
517 325 689 376 poterat
706 315 847 361 facere
868 325 1119 377 perseeutor
1132 349 1143 371 ,
1164 314 1362 375 quamvis
1380 313 1456 358 de·

65 388 205 433 licatae
227 386 422 432 foeminae
440 388 458 431 Ξ)
480 389 586 431 Erat
601 385 781 447 quidem
803 386 874 431 illa
898 402 1002 432 sexu
1015 387 1203 439 infirma,
1230 394 1273 428 et
1294 384 1454 429 divitiis

65 458 177 505 forte
193 457 465 518 languidior,
492 467 535 502 et
553 457 870 503 consuetudine
883 456 1097 519 corporali
1110 455 1323 501 infirmior
1349 455 1450 500 :sed

65 529 173 591 quid
196 529 250 574 ad
272 538 391 574 tanta
413 529 718 573 munimenta?
739 528 856 582 Quid
876 529 930 573 ad
962 527 1087 572 illum
1115 542 1323 588 sponsum
1353 525 1455 570 mit-

64 610 229 646 tentem
251 601 464 645 sinistram
483 599 564 644 sub
584 609 739 659 caput,
765 609 808 643 et
839 598 1013 644 dextera
1049 614 1125 643 sua
1159 597 1456 657 complecten-

65 673 201 716 tem¹P
223 670 409 725 Quando
424 670 482 715 sic
494 671 707 714 munitam
723 679 970 730 percuteret
983 670 1208 713 inimicus?
1225 671 1283 712 Et
1307 677 1454 711 tamen

66 743 293 804 percussit,
311 741 441 786 sedin
453 741 746 801 corpus.Quid
759 750 904 785 autem
920 740 1026 784 dicit
1039 738 1260 784 Psalmus?
1274 758 1292 781 «
1304 740 1460 783 Custo-

66 831 87 854 »
115 813 204 857 diat
227 813 413 856 animam
430 821 548 856 tuam
565 812 789 856 Dominus.
818 830 838 853 »
860 811 1016 856 Anima
1030 826 1119 855 non
1137 810 1276 864 cessit,
1298 824 1456 869 corpus

63 899 314 945 percussum
328 892 404 927 est.
424 885 480 927 Et
493 899 650 943 corpus
663 882 718 927 ad
733 893 903 943 tempus
921 897 1171 939 percussum
1184 891 1247 926 est
1266 881 1454 927 :namin

62 957 149 999 fine
164 963 507 999 resurrecturum
525 963 602 997 est.
620 954 728 1007 Quia
744 963 785 997 et
797 954 888 1013 ipse
902 954 977 1013 qui
992 954 1194 1011 diguatus
1209 961 1272 996 est
1284 967 1374 996 esse
1389 967 1457 995 ca-

63 1036 143 1087 put
155 1025 358 1071 Ecclesiae
373 1061 383 1080 ,
409 1025 598 1085 praebuit
618 1040 774 1084 corpus
797 1040 924 1068 suum
944 1023 998 1068 ad
1012 1033 1184 1083 tempus
1205 1023 1456 1082 percutien-

64 1097 190 1142 dum:
208 1096 281 1140 sed
293 1111 465 1140 carnem
481 1111 603 1139 suam
615 1094 688 1138 ille
704 1095 851 1139 triduo
863 1094 1146 1149 resuscitavit,
1167 1109 1342 1138 carnem
1359 1109 1455 1138 nos-

64 1177 174 1212 tram
191 1168 236 1211 in
258 1168 345 1210 fine
367 1166 697 1210 resuscitaturus
720 1175 798 1209 est.
818 1164 922 1210 Ideo
940 1165 1195 1210 suscitatum
1217 1174 1280 1209 est
1302 1173 1451 1224 caput,

63 1237 184 1299 quod
197 1237 440 1282 attenderet
461 1253 640 1297 corpus,
655 1246 806 1282 utnon
827 1235 1047 1281 deficeret.
1071 1255 1090 1277 «
1107 1235 1337 1280 Custodiat
1359 1235 1456 1278 ani-

67 1327 86 1351 »
112 1323 226 1352 mam
240 1317 359 1352 tuam
380 1308 606 1352 Dominus.
626 1326 645 1349 »
665 1311 761 1367 Ipsa
781 1322 870 1351 non
889 1307 1036 1361 cedat,
1061 1307 1152 1366 ipsa
1171 1322 1261 1351 non
1279 1305 1456 1364 franga-

64 1389 135 1424 tur
152 1377 379 1432 scandalis,
407 1379 454 1421 in
472 1378 871 1438 persecutionibus,
897 1377 942 1421 in
965 1377 1343 1432 tribulationibus,
1363 1378 1455 1436 ipsa

63 1466 153 1495 non
185 1451 311 1493 cedat
347 1448 591 1493 deficiendo
630 1468 638 1493 ε
675 1449 786 1492 sicut
822 1449 1033 1492 Dominus
1072 1448 1178 1492 dicit
1210 1467 1218 1492 :
1259 1467 1278 1489 «
1309 1447 1455 1492 Nolite

66 1540 87 1563 »
123 1521 273 1565 timere
295 1534 366 1563 eos
398 1520 474 1578 qui
501 1534 658 1578 corpus
693 1518 928 1573 occidunt,
964 1518 1156 1562 animam
1185 1526 1331 1561 autem
1363 1533 1454 1562 non

67 1610 86 1633 »
121 1599 304 1651 possunt
326 1588 525 1634 occidere
553 1608 561 1633 ;
583 1588 659 1633 sed
681 1604 781 1632 eum
806 1589 978 1643 timete,
1004 1590 1081 1648 qui
1103 1588 1239 1632 habet
1259 1597 1455 1647 potesta-

65 1681 86 1705 »
123 1671 209 1706 tem
232 1677 388 1720 corpus
418 1669 461 1704 et
489 1660 678 1703 animam
712 1658 909 1704 occidere
941 1660 985 1702 in
1023 1660 1222 1718 gehenna
1254 1659 1405 1718 ignis?
1429 1678 1450 1700 n

64 1734 186 1776 Hanc
214 1746 314 1789 ergo
347 1731 532 1775 animam
569 1739 688 1774 tuam
722 1729 938 1774 custodiat
972 1730 1205 1784 Dominus,
1239 1745 1294 1773 ne
1327 1729 1455 1774 cedas

63 1803 301 1863 persuasori
327 1801 440 1846 malo
455 1837 465 1856 ,
507 1817 562 1845 ne
599 1801 725 1845 cedas
765 1801 1038 1860 promittenti
1068 1799 1197 1856 falsa,
1234 1816 1289 1844 116
1328 1801 1456 1844 cedas

63 1873 247 1918 minanti
278 1870 531 1932 temporalia
553 1906 564 1927 ,
600 1880 642 1915 et
676 1890 696 1912 «
729 1869 957 1915 Custodiat
986 1871 1173 1915 animam
1209 1880 1331 1915 tuam
1366 1874 1456 1916 Do-

68 1963 88 1986 »
123 1945 280 1988 minus.
304 1962 324 1984 ³»
1184 1982 1189 1987 ,

123 2017 244 2059 XIV.
269 2017 327 2058 Et
348 2012 528 2068 deinde,
559 2032 579 2055 «
597 2013 826 2058 Custodiat
848 2012 1057 2057 Dominus
1075 2012 1304 2059 introitum
1329 2021 1457 2057 tuum

69 2105 89 2128 »
125 2095 168 2129 et
186 2085 346 2129 exitum
366 2094 515 2139 tuum,
542 2099 592 2128 ex
616 2085 700 2129 1106
723 2099 842 2128 1111116
865 2093 908 2128 et
927 2099 1066 2144 usque
1089 2084 1133 2127 111
1152 2083 1406 2128 3666111111113.
1432 2103 1452 2126 »

65 2159 173 2202 Nam
196 2156 422 2199 introitum
440 2164 566 2199 tuum
591 2154 645 2198 ad
668 2164 840 2214 tempus
853 2155 1046 2198 attende.
1077 2173 1096 2196 «
1124 2155 1353 2199 Custodiat
1369 2157 1457 2199 Do-

69 2244 90 2267 »
127 2226 267 2269 minus
288 2225 515 2269 introitum
546 2234 671 2268 tuum
695 2235 738 2269 et
772 2225 935 2268 exitum
958 2234 1083 2268 tuum
1102 2260 1112 2279 ,
1140 2241 1190 2268 ex
1215 2226 1300 2269 1106
1339 2241 1456 2270 1111116

70 2315 90 2338 »
126 2305 169 2340 et
192 2311 327 2355 usque
356 2297 400 2338 in
430 2296 654 2357 saeculum.
692 2315 712 2337 »
746 2297 923 2340 Exitum
945 2296 1060 2340 idem
1084 2296 1315 2341 custodiat.
1343 2296 1460 2349 Quid

69 2376 152 2421 est,
182 2386 201 2408 «
226 2367 485 2410 Introitum?
506 2385 525 2407 »
552 2366 659 2427 quid
678 2375 740 2410 est
761 2403 771 2421 ,
803 2367 1009 2411 «Exitum
1027 2368 1046 2408 ‘?
1065 2386 1083 2408 »
1105 2367 1292 2419 Quando
1319 2376 1460 2410 tenta·

70 2453 187 2492 mur,
214 2437 424 2480 intramus
447 2457 456 2481 2
489 2438 666 2497 quaudo
692 2438 903 2482 vincimus
930 2438 1212 2482 tentationem
1238 2474 1248 2492 ,
1275 2439 1454 2482 eximus.

71 2508 205 2562 Audi,
236 2526 255 2549 «
283 2508 537 2565 Introitum3
567 2527 584 2549 >³
615 2508 738 2563 audi,
771 2529 789 2550 «
811 2509 1004 2552 Exitum.
1032 2511 1142 2552 Vasa
1166 2507 1284 2566 siguli
1303 2509 1459 2567 probat

120 2598 127 2614 ¹
153 2595 241 2624 Cant.
262 2603 299 2633 11,
319 2591 351 2624 G.
375 2609 415 2614 —
441 2598 453 2614 ²
473 2592 586 2624 Manli.
615 2603 648 2634 x,
669 2593 710 2624 23
744 2591 1055 2634 —3rsa1.c«.x,8.
