1815 3253
369 261 452 300 300
787 269 821 298 s.
856 268 1086 300 Auens-nm
1117 272 1299 301 nrlscorl

366 337 578 382 retribues
600 337 720 398 quod
741 352 821 397 ego
843 353 932 383 non
951 352 1141 398 possum.
1171 357 1193 381 «
1215 338 1414 395 Domine,
1435 339 1645 384 retribues
1662 354 1742 399 pro

370 426 390 449 »
425 422 508 452 me.
540 428 557 449 »
593 410 644 451 In
676 408 768 467 ipso
796 408 936 467 capite
968 417 1115 452 nostro
1148 408 1371 453 attendite.
1403 408 1596 470 Reliquit
1626 409 1743 453 enim

366 478 493 522 nobis
521 478 787 537 exemplum,
812 488 863 523 ut
889 493 1121 539 sequamur
1149 479 1325 538 vestigia
1355 479 1459 538 ejus.
1495 497 1515 520 «
1539 479 1624 532 Qui
1644 494 1746 539 pec·
1776 491 1781 558 f

370 567 390 591 »
426 557 572 593 catum
606 565 694 593 non
722 549 847 604 fecit,
872 564 952 593 nec
980 549 1182 593 inventus
1205 559 1267 593 est
1294 548 1420 593 dolus
1442 549 1487 593 in
1515 564 1589 593 ore
1619 552 1742 610 ejus:

370 637 391 661 »
426 620 501 680 qui
522 635 619 663 cum
643 619 989 675 malediceretur,
1014 635 1103 663 non
1125 619 1457 664 remaledicebat
1473 618 1635 676 dicenS,
1655 623 1751 664 Do-'

372 709 390 730 »
425 689 542 732 mine
564 689 774 733 retribues
789 704 868 748 pro
891 704 975 733 me.
997 691 1109 734 Cum
1125 688 1416 749 judicaretur,
1445 705 1535 734 non
1562 690 1746 734 commi-

370 777 391 800 »
426 759 638 815 nabatur,
674 759 750 803 sed
783 758 1119 804 commendabat
1151 775 1195 803 se
1225 758 1289 803 illi
1317 759 1532 820 judicanti
1557 762 1673 820 juste
1710 763 1742 804 ¹.

370 847 390 870 »
426 829 543 882 Quid
564 839 647 885 est,
680 831 862 874 Domine
883 829 1094 874 retribues
1115 845 1194 889 pro
1215 845 1299 874 me.
1325 833 1441 889 Ego,
1466 830 1633 891 inquit,
1657 845 1747 875 non

372 919 390 941 »
425 916 575 960 quaero
593 900 770 958 gloriam
790 916 948 956 meam,
973 909 1035 944 est
1057 901 1132 960 qui
1160 910 1326 961 quaerat
1347 910 1390 945 et
1405 900 1572 961 judicet
1590 905 1623 945 ².
1648 904 1752 946 Non?

371 989 390 1010 »
425 971 704 1030 vosmetipsos
725 970 1021 1026 vindicantes,
1047 970 1305 1026 charissimi,
1336 970 1568 1030 Apostolus
1600 971 1705 1015 dicit
1734 984 1753 1015 ε’

371 1059 389 1081 »
425 1038 500 1084 sed
531 1039 630 1084 date
658 1041 805 1085 locum
826 1041 916 1084 irae.
945 1041 1159 1100 Scriptum
1184 1050 1246 1085 est
1276 1041 1413 1095 enim,
1450 1041 1555 1084 mihi
1577 1041 1748 1084 vindic-

369 1128 389 1152 »
425 1119 536 1165 tam,
563 1120 606 1155 et
637 1125 715 1169 ego
746 1111 982 1155 retribuam
999 1146 1009 1166 ,
1035 1111 1141 1155 dicit
1159 1111 1369 1156 Dominus
1392 1113 1424 1155 3.
1451 1111 1650 1166 Domine,
1677 1126 1746 1154 rc-

372 1199 390 1222 »
425 1182 588 1225 tribues
610 1197 688 1240 pro
705 1197 789 1226 me
820 1200 839 1223 »

425 1253 544 1295 XVI.
571 1254 647 1295 Est
662 1251 731 1295 hic
747 1251 854 1295 alius
876 1251 1121 1296 intellectus
1139 1267 1228 1295 non
1249 1251 1550 1310 negligendus,
1577 1260 1620 1295 et
1638 1250 1750 1296 forte
1768 1239 1772 1300 l

368 1323 500 1379 magis
534 1321 772 1380 eligendus.
813 1341 830 1361 «
861 1322 1044 1366 Domine
1068 1322 1253 1377 Chiiste‚
1278 1322 1489 1366 retribues
1505 1338 1585 1382 pio
1608 1337 1692 1365 me.
1728 1315 1776 1367 »Ῑ

367 1395 460 1450 Ego
476 1393 590 1436 enim
611 1393 645 1437 si
667 1392 861 1448 reddam,
882 1393 1037 1452 rapui:
1063 1403 1113 1437 tu
1132 1409 1220 1453 quo
1242 1409 1331 1437 non
1351 1393 1545 1453 rapuisti,
1569 1392 1746 1438 solvisti.

372 1480 389 1500 «
426 1463 625 1518 Domine,
655 1463 868 1507 retribues
888 1479 972 1540 pro
997 1478 1131 1506 me.»
1158 1462 1268 1507 Vide
1296 1462 1422 1506 illum
1441 1445 1770 1512 retribuentemt

367 1546 446 1590 pro
469 1532 610 1577 nobis.
645 1535 872 1577 Venerunt
900 1534 975 1592 qui
1003 1532 1219 1576 tributum
1251 1534 1496 1592 exigerent·
1488 1533 1755 1592 ,exigebant
1800 1539 1804 1555 ‘³

369 1602 580 1646 tributum
606 1602 929 1657 didrachmam,
955 1602 999 1646 id
1022 1612 1099 1657 est,
1125 1604 1233 1647 duas
1255 1602 1481 1647 drachmas
1499 1604 1544 1647 in
1567 1618 1656 1647 uno
1677 1603 1755 1647 ho·
1774 1635 1775 1638 η

368 1674 484 1716 mine
510 1692 518 1718 :
552 1683 731 1717 ventum
763 1682 826 1717 est
856 1672 912 1717 ad
939 1673 1196 1728 Dominum,
1226 1682 1276 1717 ut
1298 1673 1482 1717 solveret
1509 1672 1750 1731 tributum,

369 1744 456 1787 imo
479 1758 568 1787 non
586 1743 641 1787 ad
663 1744 803 1803 ipsum
816 1778 826 1798 ,
845 1742 921 1787 sed
941 1743 994 1786 ad
1013 1743 1276 1802 Discipulos,
1302 1753 1345 1788 et
1366 1743 1533 1787 dictum
1555 1752 1618 1805 est
1637 1742 1721 1786 illis
1737 1778 1748 1798 ,

1770 1091 1774 1119 1

369 1883 425 1926 ad
451 1898 567 1926 eum.
600 1885 655 1926 Et
682 1881 776 1938 ille,
807 1901 823 1922 «
854 1885 991 1941 Reges
1019 1892 1145 1927 terrae
1167 1899 1191 1927 a
1223 1882 1380 1942 quibus
1409 1882 1590 1941 exigunt
1611 1882 1765 1926 tribu-'

375 1974 391 1993 »
427 1955 548 1997 tum?
585 1969 607 1997 a
630 1952 727 1996 filiis
758 1952 870 2008 suis,
909 1968 964 1996 an
998 1953 1053 1996 ab
1087 1952 1265 1996 alienis?
1297 1953 1658 2011 Responderunt,
1696 1952 1750 1995 ab

371 2041 392 2064 ³)
428 2023 590 2067 alienis.
627 2026 762 2080 Ergo,
786 2023 951 2082 inquit,
981 2022 1111 2066 liberi
1143 2032 1244 2066 sunt
1270 2021 1362 2066 filii.
1403 2021 1486 2066 Sed
1518 2030 1663 2065 tamen
1696 2036 1752 2065 ne

371 2112 393 2136 »
426 2093 761 2138 scandalizemus
791 2109 884 2148 eos,
909 2093 969 2137 ait
990 2097 1148 2138 Petro:
1180 2091 1317 2146 Vade,
1343 2093 1466 2136 mitte
1497 2093 1677 2136 hamum
1705 2091 1752 2135 in

372 2183 392 2206 »
428 2180 545 2208 mare
561 2199 572 2219 ,
607 2173 649 2208 et
683 2164 759 2223 qui
786 2163 953 2222 primus
979 2163 1102 2222 piscis
1131 2163 1397 2217 ascenderit,
1417 2163 1542 2222 ,aperi
1565 2177 1610 2206 os
1633 2163 1748 2222 ejus,

371 2253 392 2276 »
427 2244 470 2279 et
490 2235 681 2279 invenies
703 2243 901 2277 staterem
917 2268 928 2288 ,
954 2252 973 2274 »
995 2234 1040 2277 id
1061 2243 1148 2289 est,
1175 2233 1282 2278 duas
1300 2233 1588 2277 didrachmas.
1613 2235 1753 2277 Stater

366 2305 569 2365 ponderis
587 2321 721 2364 genus
743 2314 820 2359 est,
843 2303 1008 2347 habens
1031 2312 1219 2364 quatuor
1238 2303 1477 2348 drachmas.
1504 2323 1524 2345 «
1550 2304 1747 2347 Invenies
1798 2306 1814 2348 ³?

370 2394 390 2418 »
425 2376 502 2431 ibi,
524 2375 578 2420 da
597 2375 679 2418 illis
690 2390 768 2434 pro
790 2389 859 2417 me
877 2383 920 2417 et
939 2382 981 2417 te
1000 2374 1031 2416 4.
1053 2393 1073 2415 «
1094 2374 1275 2418 Domine
1291 2373 1502 2418 retribues
1517 2388 1596 2432 pro
1613 2388 1698 2416 me.
1726 2393 1744 2414 »
1789 2381 1799 2413 Γ

366 2447 521 2492 Merito
551 2446 760 2490 habemus
798 2444 987 2504 primum
1021 2444 1180 2503 piscem
1213 2445 1342 2489 hamo
1377 2453 1579 2503 captum,
1613 2444 1756 2519 hamoxj
1788 2432 1813 2485 ill

416 2550 424 2566 ¹
450 2554 462 2575 1
493 2545 578 2575 Peir.
601 2554 651 2582 11,
681 2541 798 2573 'zi-23.
820 2558 861 2563 -—
881 2549 893 2564 ²
916 2543 1006 2572 Joan.
1028 2552 1110 2581 vni,
1135 2540 1188 2572 50.
1217 2558 1257 2564 —
1282 2539 1294 2563 3
1315 2542 1405 2572 Rom.
1430 2549 1487 2580 xix,
1511 2551 1562 2581 ¹9,
1594 2543 1627 2570 et
1647 2541 1755 2596 neubi
1786 2551 1791 2570 ι

369 2610 470 2641 xxxxi,
491 2600 544 2633 535.
565 2615 606 2621 —
624 2597 639 2628 4
658 2598 772 2630 Manli,
796 2608 875 2640 xvn,
896 2597 1013 2630 23-26.

1751 2599 1754 2637 ι

1750 2648 1753 2718 ί
