1815 3253
335 168 417 205 110
778 172 814 204 S.
848 171 1080 205 Auens-mm
1111 177 1294 206 Emscom

332 255 585 302 praeponere
601 240 799 287 Christo?
824 242 909 295 Qui
928 242 1084 287 volunt
1103 243 1178 288 hie
1198 241 1354 287 excelsi
1376 256 1467 287 esse
1491 277 1501 298 ,
1533 242 1610 287 ubi
1630 243 1716 288 hu-

334 312 444 356 milis
465 310 538 356 ille
574 311 673 356 fuit.
714 312 808 356 Sint
838 326 939 370 ergo
976 313 1045 356 hie
1073 312 1281 368 humiles,
1306 313 1340 356 si
1372 312 1527 357 volunt
1547 313 1607 357 ibi
1629 329 1718 359 esse

335 382 513 437 excelsi,
538 381 617 426 ubi
638 382 835 427 Christus
857 381 1047 427 excelsus
1068 391 1145 427 est.
1167 383 1241 427 Ait
1261 383 1377 426 enim
1405 381 1459 426 de
1484 383 1534 427 iis
1555 384 1631 443 qui
1656 382 1719 428 illi
1759 390 1770 422 Ἀ

336 451 605 497 adhaeserant
620 451 706 496 fide
719 487 730 508 ,
750 453 796 496 in
811 452 972 513 quibus
985 461 1028 496 et
1044 468 1121 497 nos
1133 468 1305 508 sumus,
1321 453 1356 496 si
1373 462 1416 497 et
1437 468 1516 497 nos
1532 453 1577 496 in
1597 452 1720 497 illum

337 539 448 584 puro
469 522 600 568 corde
617 521 832 567 credimus
850 542 859 568 :
886 542 906 566 «
929 527 1077 579 Pater,
1097 524 1261 584 inquit,
1287 539 1397 584 quos
1419 524 1526 567 mihi
1545 523 1717 580 dedisti,

341 613 362 636 »
396 594 497 640 volo
518 604 568 639 ut
585 594 661 638 ubi
684 609 763 653 ego
788 610 906 651 sum,
934 604 976 639 et
997 595 1075 655 ipsi
1107 595 1196 638 sint
1227 597 1440 639 mecum1.
1468 612 1489 636 »
1514 598 1723 652 Magnum

338 664 505 710 donum
525 700 535 720 ,
561 680 717 724 magna
740 665 874 723 gratia
891 700 902 720 ,
923 680 1077 722 magna
1092 665 1341 724 promissio,
1366 665 1518 708 fratres
1541 666 1642 708 mei.
1667 667 1724 708 Et
1770 703 1771 706 ,
1812 718 1815 723 ⁴

339 737 436 796 quis
461 751 550 779 non
566 735 662 780 vult
681 750 770 779 esse
791 751 892 779 cum
909 734 1104 788 Christo,
1125 735 1200 778 ubi
1214 744 1278 779 est
1298 735 1519 780 Christus?
1536 734 1619 779 Sed
1635 735 1725 794 jam
1769 735 1772 737 ’

1812 519 1815 548 ‚m
1811 432 1815 477 »-
1811 382 1815 401 .-.
1809 308 1815 350 ,Ε
1808 224 1815 266 »η-

339 805 530 850 exeelsus
549 805 744 850 Christus
771 824 780 850 :
804 806 867 850 vis
886 806 947 850 ibi
976 821 1066 850 esse
1087 805 1164 849 ubi
1187 814 1251 849 est
1276 804 1494 849 excelsus?
1516 808 1620 850 Esto
1643 806 1727 849 hu-
1769 834 1773 838 ›
1814 808 1815 823 ¹

340 876 478 931 milis,
511 876 589 920 ubi
616 885 659 920 et
691 875 765 920 ille
785 875 960 920 humilis
987 874 1085 920 fuit.
1126 879 1359 935 Propterea
1391 875 1474 920 illis
1506 875 1610 919 dicit
1635 875 1726 935 ipsa
1775 912 1778 918 .

341 945 440 1002 lux,
467 965 489 989 «
522 949 620 992 Non
643 954 706 990 est
728 945 964 1005 discipulus
994 961 1123 1005 super
1154 947 1434 1003 magistrum,
1465 961 1546 989 nec
1580 961 1727 990 servus

346 1036 366 1059 n
401 1032 531 1076 super
565 1016 793 1061 dominum
824 1020 992 1061 suum&
1019 1035 1038 1058 »
1066 1018 1151 1070 Qui
1183 1015 1390 1060 volebant
1415 1015 1616 1076 discipuli
1639 1031 1727 1060 esse

344 1104 472 1148 super
494 1088 772 1147 magistrum,
797 1097 840 1132 et
872 1088 981 1132 servi
1001 1087 1208 1131 volebant
1231 1102 1320 1131 esse
1350 1102 1479 1146 super
1500 1086 1728 1131 dominum
1780 1104 1782 1107 ’

344 1174 495 1214 suum,
512 1167 612 1202 ante
628 1157 771 1202 lucem
790 1157 1205 1216 volebantsurgere3
1226 1157 1271 1200 in
1283 1173 1443 1201 vanum
1464 1157 1608 1213 ibant,
1628 1157 1731 1217 quia

345 1246 435 1275 non
457 1238 554 1289 post
575 1229 718 1273 lucem
745 1228 884 1273 ibant.
923 1228 1011 1273 Illis
1035 1244 1135 1287 ergo
1156 1229 1262 1273 dicit
1284 1229 1362 1273 iste
1387 1229 1601 1284 Psalmus,
1633 1247 1654 1270 «
1679 1231 1729 1272 In

349 1319 370 1343 »
404 1315 567 1345 vanum
584 1309 648 1344 est
668 1299 792 1344 vobis
814 1308 914 1343 ante
936 1299 1077 1344 lucem
1102 1315 1289 1358 surgere.
1319 1318 1339 1341 »
1366 1299 1488 1343 Tales
1510 1309 1631 1343 erant
1653 1298 1730 1343 filii
1763 1348 1766 1359 ¹

349 1370 577 1425 Zebedaei,
603 1370 679 1430 qui
698 1379 932 1429 antequam
951 1369 1284 1414 humiliarentur
1308 1369 1549 1415 secundum
1571 1369 1732 1429 passio-

348 1456 449 1485 nem
470 1440 666 1495 Domini,
686 1440 774 1499 jam
799 1440 878 1484 sibi
899 1440 996 1485 loca
1019 1439 1263 1498 eligebant,
1280 1441 1357 1484 ubi
1380 1440 1600 1494 sederent,
1621 1454 1731 1484 unus

349 1510 404 1555 ad
427 1513 673 1566 dexteram,
710 1509 819 1554 alter
849 1509 905 1554 ad
944 1510 1174 1554 sinistram.
1210 1513 1324 1554 Ante
1354 1509 1499 1554 lucem
1526 1510 1734 1554 volebant
1790 1535 1791 1538 =

349 1597 544 1641 surgere3
559 1581 656 1626 ideo
672 1581 717 1624 in
739 1595 903 1624 vanum
925 1580 1062 1624 ibant.
1086 1579 1429 1625 Revocavitillos
1447 1580 1656 1624 Dominus
1678 1568 1742 1624 ad*

348 1651 663 1704 humilitatem,
687 1665 789 1694 cum
809 1649 892 1694 hoc
914 1648 1109 1704 audiret,
1131 1659 1174 1694 et
1196 1650 1255 1694 ait
1276 1649 1381 1704 illis,
1407 1668 1428 1692 «
1460 1650 1640 1694 Potestis
1662 1649 1734 1693 bi-

353 1741 373 1763 »
410 1722 513 1766 bere
545 1721 723 1766 calicem
739 1755 749 1775 ,
779 1735 911 1780 quem
932 1735 1013 1779 ego
1036 1719 1251 1763 bibiturus
1288 1721 1443 1763 sum³i³
1467 1738 1487 1760 »
1519 1722 1612 1778 Ego
1633 1719 1734 1763 veni
1764 1741 1766 1761 ι

349 1794 526 1838 humilis
544 1808 656 1846 esse,
689 1801 732 1836 et
752 1807 826 1836 vos
846 1800 946 1835 ante
976 1806 1045 1834 me
1065 1790 1197 1835 vultis
1219 1806 1308 1835 esse
1336 1789 1515 1835 excelsi?
1537 1793 1633 1844 Qua
1654 1805 1737 1849 ego*

351 1880 424 1919 eo,
448 1862 548 1907 illac
583 1861 840 1922 sequimini,
866 1860 939 1905 ait.
968 1863 1077 1906 Nam
1103 1861 1136 1904 si
1167 1861 1248 1905 hac
1270 1859 1401 1905 vultis
1430 1861 1515 1915 ire,
1539 1876 1625 1921 qua
1654 1875 1739 1920 egos

350 1950 440 1979 non
458 1949 531 1990 eo,
560 1952 580 1975 «
609 1936 660 1976 In
684 1947 848 1976 vanum
871 1940 934 1975 est
954 1931 1077 1975 vobis
1114 1939 1213 1975 ante
1239 1930 1383 1975 lucem
1417 1946 1603 1989 surgere.
1632 1949 1652 1972 n
1679 1933 1736 1975 Et

352 2009 505 2050 Petrus
528 2011 628 2048 ante
646 2002 789 2046 lucem
814 2010 1076 2056 surrexerat,
1100 2000 1278 2060 quando
1301 2000 1528 2045 consilium
1551 2001 1735 2046 Domino

353 2075 455 2120 dare
475 2073 676 2128 volebat,
701 2082 752 2116 ut
767 2088 857 2117 non
879 2080 1100 2131 pateretur
1121 2087 1200 2130 pro
1237 2071 1377 2116 nobis.
1419 2071 1594 2117 Dixerat
1621 2072 1736 2120 enim

351 2145 424 2190 ille
445 2146 499 2189 de
521 2144 717 2204 passione
737 2159 834 2198 sua,
867 2143 911 2185 in
934 2157 1019 2202 qua
1037 2141 1142 2186 salvi
1172 2140 1310 2185 futuri
1332 2156 1524 2197 eramus,
1558 2141 1613 2186 de
1646 2142 1736 2201 ipsa

352 2215 621 2272 humilitate3
638 2213 811 2258 humilis
827 2213 942 2257 enim
961 2228 1108 2271 passus
1122 2221 1185 2256 est
1200 2233 1210 2269 3
1228 2228 1279 2256 cu
1288 2227 1326 2255 m
1346 2228 1449 2271 ergo
1469 2213 1523 2258 de
1541 2214 1736 2272 passione

354 2304 428 2333 sua
451 2286 598 2331 futura
622 2285 810 2339 diceret,
836 2284 1007 2344 expavit
1035 2287 1207 2337 Petrus,
1234 2283 1310 2342 qui
1341 2282 1465 2327 illum
1483 2283 1615 2342 paulo
1637 2292 1737 2328 ante

353 2359 519 2404 dixerat
539 2356 700 2402 Filium
718 2356 818 2400 Dei:
846 2354 992 2399 timuit
1014 2370 1068 2398 ne
1091 2363 1348 2409 moreretur,
1366 2364 1408 2398 et
1426 2355 1484 2398 ait
1500 2353 1585 2408 illi,
1611 2373 1631 2396 «
1644 2354 1737 2399 Ah-

356 2448 377 2472 »
412 2430 467 2474 sit
487 2445 512 2473 a
533 2437 598 2483 te,
622 2426 805 2472 Domine
820 2461 831 2481 ,
857 2425 1069 2485 propitius
1090 2434 1181 2469 esto
1205 2424 1307 2480 tibi,
1330 2440 1420 2469 non
1442 2425 1516 2468 fiet
1532 2424 1689 2469 istud&
1711 2442 1737 2467 »¹

403 2520 412 2537 ¹
431 2516 520 2546 Joan.
544 2523 625 2554 xvu,
648 2510 702 2554 24.
726 2528 768 2534 -
786 2517 799 2533 ²
818 2509 932 2542 Matth.
957 2521 990 2551 x,
1012 2508 1066 2551 24.
1088 2526 1130 2532 --
1145 2507 1159 2532 3
1177 2509 1226 2542 Id.
1242 2520 1296 2552 xx,
1315 2517 1371 2541 22.
1389 2525 1431 2533 —
1447 2508 1464 2538 4
1484 2509 1532 2542 Id.
1548 2520 1582 2551 x,
1601 2518 1657 2542 22.
