1815 3253
355 220 438 257 212
786 230 819 255 s.
854 203 1085 256 Aucus'rlm
1119 229 1298 256 Emscom

352 313 371 336 »
406 294 629 354 linquetur
650 314 660 351 3
685 303 728 337 et
748 293 837 337 duo
863 294 909 337 in
936 294 1071 349 lecto,
1102 310 1215 338 unus
1247 303 1509 349 assumetur,
1543 303 1587 338 et
1613 310 1726 340 unus

351 384 370 407 »
406 364 703 424 relinqueturl
735 383 742 408 :
769 374 811 408 et
832 364 930 408 ‹luae
951 365 997 408 in
1028 365 1279 410 molendino
1299 400 1310 420 ,
1341 381 1429 409 una
1463 375 1722 421 assumetur,

349 454 369 477 »
402 451 489 479 una
512 434 782 495 relinquetur
798 436 830 478 2.
864 453 883 475 »
910 438 961 478 In
983 450 1083 492 agro
1105 444 1205 479 sunt
1220 470 1231 490 ,
1272 436 1347 495 qui
1372 435 1618 494 gubernant
1638 439 1726 480 Ec-

346 506 533 551 clesiam.
550 505 673 549 Unde
689 506 793 549 dicit
806 505 1053 564 Apostolus,
1073 505 1240 560 (videte
1252 506 1284 550 si
1298 521 1386 549 non
1404 506 1450 549 in
1465 521 1566 564 agro
1578 515 1668 550 erat
1690 509 1726 564 z)

345 580 439 635 Ego
472 574 690 634 plantavi,
726 574 882 634 Apollo
915 575 1068 633 rigavit
1105 594 1114 619 ;
1148 576 1223 619 sed
1263 579 1376 620 Deus
1408 576 1727 620 incrementum

349 665 370 688 «
405 645 522 689 dedit
539 646 570 689 3.
599 663 619 686 »
642 648 693 688 In
712 645 826 688 lecto
855 653 1000 688 autem
1021 660 1092 689 eos
1113 645 1295 704 intelligi
1315 645 1455 691 voluit
1471 681 1482 701 ,
1518 647 1595 706 qui
1614 661 1728 691 ama-

343 725 502 762 verunt
516 716 705 776 quietem
719 736 729 772 3
747 731 823 775 per
841 715 1002 760 lectum
1026 716 1141 759 enim
1155 717 1346 776 quietem
1359 716 1497 761 voluit
1508 716 1693 776 intelligi
1712 739 1723 776 3

342 804 431 832 non
456 803 500 831 se
536 787 760 830 miscentes
783 787 921 830 turbis
938 821 949 842 ,
985 802 1075 830 non
1097 786 1309 831 tumultui
1331 787 1498 844 generis
1519 788 1722 844 humani,
1781 811 1783 813 “

341 859 385 901 111
403 857 491 901 otio
504 856 735 900 servientes
752 860 840 899 Deo
867 875 875 901 :
899 865 942 899 et
959 856 1061 900 inde
1083 865 1230 900 tamen
1254 872 1368 900 unus
1400 866 1663 912 assumetur,
1683 867 1726 902 et

341 944 454 971 unus
474 927 759 986 relinquetur.
786 929 896 970 Sunt
917 926 975 970 ibi
1000 926 1149 985 probi,
1175 935 1217 970 et
1235 935 1337 970 sunt
1365 926 1427 969 ibi
1449 927 1636 986 reprobi.
1662 929 1725 972 Ne
1780 968 1782 970 ,

339 997 627 1057 expavescatis
649 996 826 1056 quando
848 996 909 1039 ibi
926 996 1209 1040 inveniuntur
1235 996 1407 1055 reprobi
1435 1012 1446 1039 .·
1472 1012 1573 1040 nam
1594 1006 1637 1040 et
1657 996 1724 1040 la-

335 1078 432 1113 ·tent
454 1067 632 1127 quidam
650 1102 660 1122 ,
676 1067 761 1126 qui
778 1081 868 1110 non
891 1066 1172 1112 inveniuntur
1194 1066 1273 1109 nisi
1297 1068 1342 1110 in
1364 1066 1465 1114 fine.
1489 1070 1595 1110 Duae
1620 1067 1724 1111 item
1746 1103 1751 1107 .

336 1140 381 1185 in
394 1138 646 1182 molendino
664 1157 672 1181 ε
690 1153 740 1180 ex
752 1136 927 1181 nomine
946 1137 1111 1195 generis
1127 1135 1345 1180 foeminini
1359 1136 1612 1196 appellavit,
1628 1136 1723 1196 ple-

336 1209 411 1252 bes
429 1209 545 1252 enim
577 1206 759 1264 intelligi
795 1205 949 1251 voluit.
986 1210 1126 1258 Quare
1148 1207 1194 1249 in
1227 1206 1513 1250 molendino?
1546 1207 1656 1259 Quia
1678 1207 1723 1250 in
1786 1265 1792 1272 .

333 1280 416 1323 isto
438 1277 603 1321 mundo
624 1286 852 1321 versantur
868 1311 878 1331 ,
895 1276 972 1319 ubi
987 1275 1288 1319 molendinum
1311 1276 1566 1333 intelligitur
1584 1297 1594 1334 3
1619 1277 1724 1336 quia

336 1350 395 1393 sic
417 1348 601 1394 vertitur
618 1346 808 1390 mundus
830 1346 908 1390 iste
926 1381 937 1400 ,
959 1345 1181 1404 quomodo
1200 1345 1316 1389 mola
1343 1365 1350 1390 ;
1375 1361 1441 1390 vae
1471 1347 1586 1390 enim
1613 1362 1722 1406 quos

333 1420 536 1464 conterit.
559 1418 624 1462 Sic
638 1417 700 1460 ibi
712 1425 939 1461 versantur
959 1415 1108 1459 fideles
1133 1417 1264 1471 boni,
1289 1425 1339 1459 ut
1360 1432 1447 1460 una
1468 1417 1592 1460 exeis
1614 1432 1722 1461 con-
1762 1415 1764 1434 ³
1795 1405 1799 1426 ²

336 1498 547 1542 sumatur,
566 1487 698 1531 altera
719 1495 974 1529 assumatur.
993 1486 1212 1538 Quasdam
1228 1485 1342 1529 enim
1361 1486 1549 1530 actiones
1567 1487 1722 1531 mundi

333 1559 501 1609 faciunt
528 1557 756 1600 dilectores
791 1554 963 1609 saeculi,
990 1553 1287 1610 fiaudatores‚
1313 1555 1598 1600 simulatores.
1634 1555 1721 1601 Alii

336 1639 481 1675 autem
510 1628 568 1671 sic
597 1627 659 1670 ibi
694 1635 824 1680 sunt,
859 1590 1082 1685 quoinodo
1120 1625 1180 1668 ait
1210 1625 1472 1684 Apostolus,
1503 1645 1523 1668 «
1557 1629 1613 1670 Et
1645 1626 1722 1687 qui

337 1720 357 1743 ))
396 1707 579 1743 utuntur
601 1697 684 1740 hoc
706 1694 894 1750 mundo,
920 1705 1128 1755 tanquam
1150 1710 1241 1739 non
1264 1704 1433 1739 utentes
1457 1697 1577 1740 sint:
1605 1712 1719 1755 piae-

339 1790 358 1813 »
397 1769 494 1813 terit
515 1768 630 1811 enim
652 1767 791 1825 figura
814 1766 942 1822 huJus
959 1765 1113 1808 mundi
1140 1783 1148 1809 :
1172 1765 1271 1809 volo
1292 1781 1366 1810 vos
1389 1766 1478 1809 sine
1505 1765 1718 1811 sollicitu-

336 1841 437 1885 dine
462 1853 553 1883 esse
571 1838 586 1862 4
594 1855 643 1880 >.›
671 1835 807 1881 Audis
825 1851 923 1895 quae
952 1843 1192 1878 assumetui
1210 1834 1264 1878 de
1285 1835 1571 1881 molendino?
1593 1839 1719 1882 Certe

336 1911 453 1955 enim
476 1909 613 1953 multa
646 1916 823 1966 peccata
849 1905 1053 1949 videntu1
1087 1905 1142 1948 ad
1171 1904 1322 1948 divites
1350 1907 1579 1965 peitineie.
1606 1909 1718 1952 Cum

336 1982 450 2026 enim
474 1978 572 2039 plus
599 1985 760 2034 agunt,
797 1984 839 2018 et
861 1975 959 2034 plus
989 1974 1319 2030 administrant,
1355 1984 1397 2018 et
1426 1976 1524 2034 plus
1563 1975 1617 2020 ad
1647 1992 1717 2021 eos

336 2052 500 2113 pendet
534 2064 598 2092 res
632 2046 851 2091 familiaris
888 2044 1062 2103 ampla,
1093 2044 1268 2088 difficile
1299 2054 1362 2089 est
1397 2054 1447 2089 ut
1483 2061 1571 2090 non
1594 2047 1718 2106 pluia

335 2131 512 2183 peccata
530 2128 655 2163 conti
658 2118 824 2160 abant
840 2124 882 2158 et
898 2115 952 2158 de
969 2114 1051 2158 illis
1067 2114 1233 2159 dictum
1251 2124 1342 2169 est,
1371 2134 1390 2157 «
1417 2116 1526 2168 Quia
1548 2117 1716 2161 facilius
1746 2106 1750 2163 l

1754 1766 1795 1834 „g

1752 1836 1815 1899 {l

1751 1905 1753 1928 J

335 2213 356 2236 »
393 2201 456 2236 est
477 2192 638 2234 intrare
673 2186 887 2231 camelum
906 2200 981 2244 per
1012 2182 1207 2229 smamen
1229 2201 1353 2241 acus,
1386 2202 1516 2246 quam
1539 2187 1716 2231 divitem
1744 2216 1747 2235 .
1785 2187 1815 2230 ἶῑε

333 2265 380 2308 jn
401 2275 584 2319 regnum
612 2257 866 2303 coe101um⁵.
895 2273 915 2295 »
943 2258 999 2299 Et
1026 2270 1127 2299 cum
1155 2256 1396 2300 contiistati
1424 2266 1563 2300 essent
1582 2257 1715 2301 Disci-

331 2331 424 2394 puli
446 2346 526 2389 pro
548 2328 653 2383 illis,
678 2326 732 2370 de
755 2326 913 2386 quibus
929 2325 1019 2384 jam
1042 2324 1354 2384 desperabant,
1385 2326 1630 2370 consolatus
1651 2336 1715 2372 est

332 2419 404 2448 eos
427 2400 638 2445 Dominus
661 2398 823 2452 dicens,
855 2414 874 2436 «
894 2398 1001 2447 Quae
1025 2395 1274 2440 hominibus
1296 2395 1575 2455 impossibilia
1593 2406 1708 2453 sunt,
1739 2427 1743 2465 ἶ,

380 2505 389 2521 ¹
410 2497 523 2529 Matth.
544 2506 634 2537 xx1v,
652 2494 751 2536 40.—-
768 2499 780 2516 ²
802 2493 880 2525 Luc.
898 2502 958 2533 vn,
977 2489 1033 2533 34,
1053 2490 1153 2525 35,--
1173 2490 1186 2515 3
1209 2503 1222 2524 1
1242 2495 1313 2525 Cor.
1333 2504 1378 2535 111,
1394 2494 1472 2526 6.-
1489 2491 1504 2523 4
1523 2493 1568 2525 Id.
1590 2494 1706 2536 ν11,31.
1738 2491 1741 2542 j

335 2572 377 2578 —-
391 2552 405 2576 ⁵
424 2552 535 2585 matth.
557 2562 624 2593 x1x,
643 2547 698 2591 24.
