1815 3253
365 166 449 207 384
673 153 680 160 ⁴
801 173 836 204 s.
871 175 1102 206 ,mausum
1133 178 1315 206 Emscom

363 244 449 287 ‘tuit
480 241 620 287 occidi
638 242 693 286 ab
715 242 781 286 his
804 242 905 301 ipsis
919 275 931 297 ,
954 242 1032 302 qui
1048 242 1303 287 occiderunt
1318 241 1568 287 Christum?
1587 244 1740 287 Perhi—

362 312 498 356 bebat
529 311 645 356 enim
670 311 844 357 Christo
861 311 1157 356 testimonium
1175 314 1378 357 Joannes.
1403 310 1473 355 Illi
1497 312 1573 371 qui
1593 311 1743 357 audie-

363 381 469 425 bant
502 381 722 426 Christum
741 415 752 435 ,
787 382 930 440 ipsum
963 380 1160 426 occidere
1191 381 1426 435 volebant,
1457 389 1501 424 et
1533 396 1634 425 eum
1664 382 1742 441 qui
1803 368 1815 385 w

363 452 660 496 testimonium
684 451 941 511 perhibebat
961 467 1051 496 non
1073 450 1344 496 occidebant.
1365 452 1472 504 Quia
1493 451 1606 495 enim
1621 452 1656 495 si
1671 453 1746 496 fie-

363 531 429 565 ret
449 522 635 582 impetus
658 530 833 582 propter
853 521 1074 566 Christum
1101 521 1148 564 in
1170 524 1383 566 Joannem
1400 555 1411 577 ‚
1437 537 1526 565 non
1548 532 1741 580 negaret.

363 595 500 635 Erant
521 592 683 652 quippe
704 591 751 634 in
776 590 852 634 illo
873 590 983 635 vires
1005 605 1173 649 magnae
1193 625 1204 646 ,
1231 592 1391 651 quibus
1413 590 1655 650 appellatus
1681 600 1746 635 est

363 662 527 706 amicus
549 662 736 721 sponsi¹.
760 663 920 719 Magna
941 661 987 704 in
1006 660 1082 705 illo
1106 661 1256 719 gratia,
1281 677 1439 720 magna
1461 661 1715 705 excellentia
1733 680 1744 706 ι

367 750 388 773 «
424 735 476 775 In
496 731 607 775 natis
629 730 860 774 mulierum
894 746 1023 774 nemo
1053 732 1266 776 exurrexit
1289 732 1424 791 major
1446 734 1469 775 J
1475 747 1614 775 oanne
1635 734 1749 791 Bap-

366 820 386 843 »
422 801 521 845 tista
538 805 570 844 2.
595 819 615 842 η
641 803 757 859 Ergo
781 800 827 844 in
848 800 974 845 illum
995 801 1180 860 impetus
1199 801 1338 846 factus
1359 811 1438 857 est,
1463 802 1540 861 qui
1557 817 1646 846 non
1668 803 1748 846 ha-

364 870 497 915 hebat
518 870 624 915 tales
645 871 777 916 vires:
802 871 852 915 fit
873 871 1058 930 impetus
1079 872 1126 915 in
1148 875 1347 927 Petrum,
1371 887 1461 916 non
1481 873 1531 915 fit
1551 872 1597 915 in
1613 874 1747 917 Joan-

364 956 480 984 nem.
507 941 682 985 Etenim
707 940 818 985 vires
839 941 950 1000 ipsas
976 944 1129 985 Petrus
1149 951 1247 1001 post
1267 942 1453 1000 accepit,
1474 950 1579 985 tunc
1602 951 1749 986 autem

363 1010 561 1054 infirmus
589 1010 688 1055 fuit.
715 1013 798 1054 Pro
826 1010 985 1055 Christi
1007 1011 1183 1055 nominc
1215 1010 1287 1055 ille
1317 1011 1610 1070 interrogatur
1629 1045 1640 1066 ‚
1672 1011 1750 1070 qui

364 1080 475 1125 vires
502 1095 593 1124 non
613 1079 804 1123 habebat
830 1098 838 1123 :
870 1079 943 1123 ille
977 1081 1054 1139 qui
1080 1081 1270 1124 habebat
1296 1081 1428 1135 vires,
1459 1095 1549 1124 non
1586 1081 1750 1140 patitur
1808 1096 1815 1139 χ

365 1151 712 1209 persecutionem
733 1158 911 1208 propter
940 1149 1164 1194 Christum
1185 1170 1196 1207 3
1218 1165 1273 1194 ne
1294 1165 1373 1209 pro
1396 1151 1573 1194 nomine
1592 1150 1759 1204 Christi

365 1220 641 1264 antecederet
666 1219 904 1264 Christum.
936 1221 1034 1263 Non
1064 1218 1276 1272 occiditur
1297 1235 1321 1263 a
1343 1219 1506 1263 Judaeis
1520 1254 1530 1274 ,
1551 1221 1627 1279 qui
1648 1235 1750 1279 per·
1805 1238 1807 1243 ·

365 1291 516 1334 hibeat
544 1290 733 1333 liberum
772 1288 1069 1333 testimonium
1104 1289 1276 1333 Christo
1294 1324 1305 1344 ‚
1342 1304 1476 1349 quem
1497 1288 1752 1334 occiderunt

365 1360 537 1406 Judaei:
572 1370 616 1405 et
646 1359 861 1405 occiditur
883 1359 938 1404 ab
968 1358 1167 1416 Herode,
1193 1360 1295 1420 quia
1316 1360 1489 1404 dicebat
1511 1360 1550 1404 ei
1577 1380 1585 1405 :
1614 1363 1752 1406 «Non

368 1452 388 1476 »
424 1432 506 1476 tibi
524 1432 626 1476 licet
645 1432 805 1476 habere
824 1446 1003 1475 uxorem
1025 1430 1167 1474 fratris
1185 1431 1250 1475 tui
1263 1432 1294 1474 ³.
1311 1449 1331 1473 »
1353 1433 1504 1491 Neque
1525 1431 1641 1475 enim
1662 1432 1752 1476 sra-
1803 1450 1806 1456 ¹

366 1513 431 1547 ter
450 1504 541 1563 ejus
562 1503 652 1546 sine
685 1502 935 1562 posteritate
963 1501 1218 1545 decesserat.
1244 1505 1328 1545 Pro
1349 1501 1444 1560 lege
1465 1500 1645 1561 quidem
1672 1517 1751 1547 ve-
1812 1520 1815 1526 ¹

367 1574 525 1629 litatis,
561 1589 640 1633 pro
673 1571 945 1632 aequalitate,
971 1586 1049 1630 pro
1078 1571 1261 1631 justitia.
1288 1570 1393 1616 Ideo
1417 1573 1599 1615 Sanctus
1616 1607 1627 1626 ‚
1650 1571 1751 1616 ideo

366 1648 535 1702 Martyr
558 1663 566 1689 :
592 1643 668 1687 sed
690 1658 779 1687 non
798 1651 944 1687 tamen
967 1657 1046 1701 pro
1067 1641 1142 1686 illo
1174 1642 1351 1686 nomine
1370 1675 1381 1698 ,
1408 1657 1498 1701 quo
1520 1642 1751 1687 Christiani
1813 1702 1815 1705 ι

366 1731 530 1760 sumus.
555 1718 699 1768 Quare
735 1715 820 1758 hoc
839 1748 850 1768 ‚
876 1713 957 1756 nisi
977 1721 1028 1757 ut
1047 1712 1304 1772 impleretur
1322 1747 1334 1768 ‚
1365 1731 1385 1755 «
1412 1712 1649 1772 Singularis
1669 1728 1751 1772 ego

370 1804 390 1828 »
425 1801 545 1842 sum,
570 1785 711 1830 donec
728 1784 981 1828 transeam?
1005 1800 1026 1824 »

417 1889 426 1906 ¹
442 1884 536 1916 Joan.
555 1891 602 1924 ιιι,
623 1889 678 1924 29.
699 1896 741 1903 -
759 1885 772 1903 ²
791 1878 907 1913 matth.
922 1888 969 1920 xi,
989 1888 1040 1911 11.
1056 1894 1098 1900 -
1118 1875 1131 1902 3
1149 1878 1196 1910 Id.
1216 1887 1283 1920 xw,
1299 1877 1394 1912 3-11.
