1815 3253
352 207 435 246 496
782 219 815 245 s.
851 215 1080 246 Aucus'nm
1111 219 1290 247 muscom

350 282 657 341 Omnipotens,
691 291 734 326 et
763 281 882 326 nulla
913 298 1074 327 merces
1104 286 1197 327 est?
1231 287 1300 328 An
1328 282 1440 327 forte
1463 283 1546 327 hoc
1567 282 1723 342 cupio,

350 353 471 413 quod
489 352 560 395 ille
577 352 678 396 dare
695 367 784 395 non
806 354 978 411 potest?
998 352 1112 405 Quid
1135 353 1264 397 homo
1289 352 1524 408 desiderat,
1544 353 1664 413 quod
1682 353 1729 396 in

349 439 483 467 manu
505 423 582 467 Dei
609 438 698 466 non
716 422 798 466 sit?
829 424 942 467 Cum
974 422 1217 467 laudaveris
1237 423 1459 467 hominem
1475 458 1486 479 ‚
1510 422 1623 468 forte
1643 424 1727 467 hoc
1813 467 1815 478 A

349 494 471 553 cupis
507 491 627 554 quod
655 492 710 536 ab
744 491 819 537 illo
850 493 1043 552 praestari
1075 508 1165 537 non
1191 501 1366 552 potest:
1394 496 1532 537 Deum
1554 507 1728 538 securus
1767 483 1778 496 ⁶
1813 484 1815 493 Α

348 562 495 618 lauda,
515 579 646 624 quem
666 578 793 607 nemo
806 571 949 622 potest
969 561 1111 606 dicere
1128 578 1218 607 non
1234 577 1356 622 posse
1372 573 1591 623 praestare,
1610 561 1730 622 quod
1785 561 1787 572 ⁴

349 643 398 678 tu
422 635 579 693 poteris
600 633 857 678 desiderare.
888 633 1112 693 Proposita
1134 648 1234 691 ergo
1262 649 1336 693 spe
1359 633 1568 678 mercedis
1590 632 1729 677 alicu-

343 705 414 763 jus
441 703 620 747 laudare
647 703 857 747 debemus
895 706 1055 759 Deum,
1094 719 1185 747 non
1206 712 1351 747 tamen
1373 703 1578 747 daturum
1601 702 1731 762 quid-

347 773 455 834 quid
476 773 688 832 cupimus.
711 777 838 817 Pater
860 782 924 817 est
939 774 1055 817 enim
1071 808 1082 828 ‚
1103 782 1146 817 et
1165 773 1284 833 quod
1305 773 1408 817 mali
1429 773 1612 832 cupiunt
1634 772 1726 827 filii,

348 859 437 887 non
460 842 548 887 dat.
582 842 829 887 Laudemus
844 878 855 898 ‚
881 852 925 887 et
946 859 1167 903 speremus
1188 878 1199 898 ‚
1225 852 1268 886 et
1290 842 1582 887 desideremus
1597 878 1609 898 ‚
1641 858 1731 887 non

347 913 458 957 illud
477 923 553 957 aut
572 912 681 957 illud
700 934 711 971 3
732 912 806 957 sed
823 913 943 973 quod
954 913 1122 973 judicat
1140 913 1335 957 dandum
1358 928 1463 968 esse,
1489 928 1619 973 quem
1641 912 1731 956 lau-

348 983 517 1027 damus,
543 982 621 1027 llle
639 983 753 1027 enim
776 983 896 1027 novit
917 983 1023 1043 quid
1046 984 1171 1027 nobis
1194 983 1287 1027 dari
1308 983 1534 1042 expediat,
1555 999 1632 1027 nos
1649 999 1730 1026 au-

347 1063 435 1098 tem
455 1053 733 1097 intendamus
746 1054 853 1113 quid
870 1054 997 1098 nobis
1015 1054 1149 1113 prosit
1171 1055 1378 1113 accipere.
1390 1052 1622 1113 Apostolus
1643 1053 1727 1097 ait:

353 1143 373 1166 «
408 1124 524 1177 Quid
543 1125 658 1167 enim
682 1139 853 1167 oremus
876 1125 986 1168 sicut
1008 1134 1203 1184 oportet,
1231 1125 1445 1168 nescimus
1462 1127 1492 1168 1.
1516 1142 1535 1165 »
1562 1127 1618 1167 Et
1640 1124 1731 1183 ipse

348 1194 465 1238 idem
484 1193 703 1253 apostolus
723 1193 882 1237 Paulus
906 1194 1106 1252 sperabat
1128 1194 1210 1237 sibi
1232 1193 1458 1252 prodesse,
1485 1195 1518 1238 si
1537 1192 1731 1237 auferre-

353 1273 425 1308 tur
444 1264 498 1307 ab
521 1279 573 1307 eo
604 1263 803 1307 stimulus
820 1263 959 1306 carnis
979 1279 1090 1318 suae,
1115 1264 1292 1321 angelus
1312 1267 1480 1308 Satanae
1502 1280 1525 1307 a
1548 1279 1637 1323 quo
1658 1279 1732 1308 co·

347 1334 647 1394 laphizabatur
667 1369 677 1389 ‚
713 1335 824 1378 sicut
853 1334 942 1393 ipse
975 1335 1209 1385 confitetur
1236 1369 1247 1389 ,
1280 1343 1323 1378 et
1356 1335 1415 1379 ait
1447 1354 1455 1379 :
1490 1354 1510 1376 «
1549 1338 1731 1394 Propter
1784 1330 1785 1369 Ϊ

350 1422 370 1445 »
406 1405 526 1464 quod
549 1405 783 1449 Dominum
816 1413 882 1448 ter
909 1405 1082 1464 rogavi,
1108 1414 1158 1449 ut
1183 1404 1373 1449 auferret
1393 1421 1494 1448 eum
1516 1421 1539 1449 a
1562 1420 1663 1463 me3
1688 1413 1731 1449 et
1784 1440 1785 1466 3

350 1492 371 1516 »
407 1474 514 1518 dixit
528 1474 634 1518 mihi
656 1493 665 1518 ε
689 1473 858 1519 Sufficit
874 1474 954 1518 tibi
973 1474 1107 1533 gratia
1130 1489 1242 1530 mea,
1267 1490 1367 1519 nam
1384 1475 1521 1519 virtus
1542 1475 1588 1518 in
1610 1475 1730 1518 infir·
1783 1471 1785 1508 ἔ

352 1565 370 1586 »
406 1545 554 1589 mitate
588 1544 849 1604 perficitur2.
887 1562 907 1586 »
932 1544 1199 1589 Desideravit
1227 1544 1419 1605 aliquid,
1440 1560 1529 1588 non
1550 1560 1730 1589 conces-
1814 1546 1815 1555 ¹

346 1630 440 1658 sum
460 1624 521 1658 est
541 1614 596 1658 ad
613 1613 900 1670 voluntatem,
925 1623 975 1658 ut
996 1614 1295 1659 consuleretur
1317 1614 1370 1659 ad
1389 1615 1632 1659 sanitatem.
1650 1615 1730 1659 Hic

347 1700 449 1742 ergo
471 1683 578 1744 quid
605 1684 730 1728 nobis
747 1684 1015 1743 propositum
1039 1687 1132 1728 est?
1164 1704 1184 1727 «
1209 1685 1428 1740 Laudate‚
1449 1685 1613 1744 inquit,
1639 1688 1729 1729 Do-
1782 1686 1785 1697 ²

349 1772 370 1795 »
405 1755 590 1797 minum.
619 1772 639 1794 υ
669 1757 812 1807 Quare
832 1753 1062 1812 laudemus
1081 1755 1346 1813 Dominum?
1374 1774 1394 1796 «
1418 1755 1634 1808 Quoniam
1655 1755 1731 1798 bo·
1782 1779 1783 1806 3

349 1843 369 1866 »
405 1841 487 1869 nus
515 1833 578 1868 est
607 1825 815 1868 Psalmus.
840 1842 859 1864 »
883 1827 979 1883 Ipse
1002 1823 1196 1868 Psalmus
1218 1824 1312 1869 laus
1340 1824 1514 1868 Domini
1532 1833 1608 1868 est.
1636 1827 1729 1868 Hoc
1779 1869 1782 1876 ,

345 1911 448 1954 ergo
471 1895 530 1939 ait
556 1914 564 1939 :
589 1894 785 1939 Laudate
807 1895 1057 1949 Dominum,
1078 1895 1284 1954 quoniam
1308 1895 1474 1939 bonum
1496 1904 1559 1938 est
1576 1893 1730 1939 lauda-

346 1965 447 2010 dare
469 1966 719 2011 Dominum.
751 1968 848 2010 Non
867 1966 924 2010 sic
946 1975 1253 2025 praetereamus
1274 1966 1452 2010 laudare
1475 1967 1724 2011 Dominum.
1780 1974 1781 1977 ’

345 2038 520 2081 Dictum
554 2046 638 2091 est,
670 2045 713 2080 ct
738 2037 931 2094 transiit3
958 2037 1123 2081 factum
1147 2047 1235 2092 est,
1256 2047 1300 2081 et
1328 2037 1551 2094 siluimus3
1574 2036 1728 2080 lauda·
1780 2047 1781 2051 ’

345 2108 484 2151 vimus
502 2143 513 2163 ‚
538 2117 581 2151 et
603 2107 843 2164 tacuimus3
865 2107 1148 2160 cantavimus,
1173 2115 1216 2149 et
1238 2106 1581 2166 conquievimus.
1609 2110 1727 2151 Imus
1780 2123 1781 2126 ’
1800 2122 1804 2134 ¹

344 2177 388 2219 in
407 2177 525 2221 aliud
548 2176 661 2221 forte
678 2176 893 2234 agendum
917 2175 1037 2234 quod
1054 2184 1184 2220 restat
1201 2210 1211 2230 ‚
1233 2185 1276 2219 et
1298 2176 1391 2220 aliae
1409 2177 1598 2221 actiones
1622 2192 1726 2221 cum
1780 2167 1781 2221 l
1813 2169 1815 2191 ³

344 2246 611 2290 occurrerint
628 2245 771 2299 nobis,
796 2245 989 2289 laudatio
1012 2245 1158 2288 divina
1180 2246 1363 2290 cessabit
1383 2247 1429 2289 in
1451 2246 1607 2290 nobis?
1628 2249 1726 2291 Non
1780 2255 1781 2280 l

342 2316 401 2359 sic
418 2335 426 2360 :
447 2332 546 2360 nam
563 2315 713 2374 lingua
730 2324 804 2358 tua
821 2314 876 2358 ad
892 2315 1044 2358 horam
1061 2314 1226 2370 laudat,
1248 2316 1336 2360 vita
1353 2325 1427 2360 tua
1445 2332 1613 2376 semper
1633 2316 1726 2361 lau·
1803 2310 1815 2333 '³

341 2386 430 2429 det.
453 2385 561 2430 Inde
583 2401 686 2444 ergo
704 2385 844 2429 bonus
867 2384 1075 2429 Psalmus.
1388 2398 1391 2404 ’
1778 2378 1780 2398 ²

402 2459 457 2499 ΙΙ.
485 2456 678 2500 Psalmus
715 2456 877 2515 quippe
913 2464 1065 2499 cantus
1083 2464 1171 2511 est,
1212 2472 1301 2501 non
1322 2456 1534 2516 quilibet,
1559 2456 1633 2502 sed
1666 2457 1721 2501 ad
1812 2467 1814 2480 ”

389 2547 395 2562 ¹
420 2543 508 2575 Rom.
537 2551 603 2581 vin,
625 2541 677 2572 26.
710 2557 742 2562 -
759 2546 772 2563 ²
791 2549 810 2572 2
831 2543 905 2573 Cor.
927 2550 986 2581 xm,
1006 2551 1080 2582 7-9.
