1856 3268
347 264 402 302 10
768 272 803 301 s.
838 270 1069 302 Auens-nm
1099 274 1282 303 muscom

344 336 575 383 credideris
594 338 638 381 in
659 337 910 397 posteriora,
924 338 1146 397 pervenies
1162 338 1215 382 ad
1228 338 1436 382 visionem
1459 336 1598 382 faciei.
1611 337 1724 392 Quid

346 419 409 452 est
428 409 541 452 hoc?
565 411 675 453 Cum
699 409 931 453 credideris
959 409 1066 452 inid
1090 409 1208 469 quod
1230 409 1441 468 posterius
1468 424 1547 468 pro
1567 417 1610 452 te
1632 407 1723 454 fac-

345 487 415 522 tus
437 487 500 522 est
521 478 716 522 Christus
732 514 743 532 ,
768 494 866 522 cum
890 477 1120 522 credideris
1136 479 1180 521 in
1204 479 1248 522 id
1265 477 1385 537 quod
1407 479 1618 537 posterius
1639 493 1726 523 sus-

344 550 457 608 cepit
479 549 806 593 Christus.Nam
830 549 874 592 in
894 549 1107 608 principio
1130 548 1255 593 facies
1277 550 1368 608 ejus
1389 564 1487 608 quae
1509 550 1606 592 est?
1632 567 1649 588 «
1674 551 1724 593 In

347 636 367 660 »
403 619 616 678 principio
639 628 728 662 erat
750 618 946 662 Verbum
965 653 976 673 ,
1003 628 1046 663 et
1074 620 1267 662 Verbum
1287 628 1379 662 erat
1407 617 1524 678 apud
1558 621 1695 662 Deum
1711 653 1722 673 ,

351 709 368 730 »
404 699 447 732 et
474 692 584 732 Deus
607 698 698 733 erat
719 689 929 734 Verbum,
947 708 967 730 »
994 691 1231 733 Posteriora
1253 695 1342 746 ejus
1364 705 1462 749 quae
1484 691 1615 732 sunt?
1633 708 1651 730 «
1669 692 1726 733 Et

347 777 368 801 »
404 760 597 804 Verbum
620 776 719 804 caro
742 759 905 804 sactum
928 769 1012 816 est,
1033 771 1076 805 et
1097 761 1308 804 habitavit
1329 761 1373 802 in
1391 759 1557 803 nobis¹.
1577 762 1727 805 »Cum

346 845 446 887 ergo
479 829 617 874 credis
651 831 697 873 in
724 831 806 874 hoc
829 830 947 890 quod
973 846 1052 890 pro
1075 840 1116 874 te
1140 829 1304 873 factum
1338 839 1402 873 est
1423 830 1618 873 Verbum
1635 864 1646 880 ,
1683 838 1728 873 et

346 901 576 943 resurrexit
597 901 641 943 in
664 915 792 943 carne
809 935 820 954 ,
846 916 901 943 ne
930 909 978 944 tu
1006 900 1059 944 de
1083 910 1155 943 tua
1178 915 1305 944 carne
1327 899 1575 958 desperares
1594 934 1605 953 ,
1630 900 1728 943 cffi-

345 970 451 1014 ceris
475 969 620 1014 Israel.
647 973 805 1014 Factus
826 980 971 1014 autem
996 970 1126 1014 Israe'l
1143 985 1242 1014 cum
1261 969 1392 1013 fueris
1410 1005 1421 1024 ,
1449 985 1539 1014 non
1561 969 1728 1013 dormi-

345 1040 484 1094 tabit,
523 1055 665 1100 neque
702 1039 887 1084 dormiet
904 1075 915 1095 ,
950 1041 1025 1100 qui
1048 1040 1238 1085 custodit
1265 1050 1339 1099 teg
1364 1041 1571 1100 quiajam
1596 1039 1728 1084 Israel

345 1125 416 1165 es,
441 1118 485 1153 et
505 1109 662 1153 audisti
684 1110 728 1153 in
748 1110 918 1154 Psalmo
944 1127 956 1154 .·
985 1129 1005 1152 «
1030 1113 1142 1154 Ecce
1164 1127 1253 1155 non
1276 1110 1560 1165 dormitabit,
1585 1125 1730 1169 neque

347 1198 368 1221 »
404 1180 671 1234 obdormiet,
712 1180 788 1240 qui
827 1181 1016 1225 custodit
1052 1180 1195 1225 Israel.
1223 1203 1240 1223 n
1266 1181 1463 1226 Christus
1492 1181 1608 1224 enim
1637 1181 1729 1239 ipse

344 1250 575 1304 dormivit,
608 1249 683 1294 sed
715 1251 958 1294 resurrexit.
985 1251 1100 1304 Quid
1122 1252 1236 1295 enim
1264 1253 1321 1296 ait
1349 1252 1439 1311 ipse
1460 1252 1505 1295 in
1528 1251 1730 1296 Psalmo?

347 1340 367 1363 «
402 1324 496 1379 Ego
529 1320 742 1376 dormivi,
770 1331 813 1365 et
831 1337 1031 1366 somnum
1053 1323 1199 1382 cepi.»
1223 1322 1445 1382 Numquid
1464 1322 1668 1365 remansit
1684 1323 1729 1366 in

308 1416 319 1423 ·
344 1393 530 1436 somno?
556 1411 575 1433 «
602 1393 836 1446 Exurrexi,
862 1393 1029 1452 inquit,
1057 1395 1262 1453 quoniam
1296 1394 1507 1437 Dominus
1528 1393 1731 1453 suscipiet

345 1479 365 1504 »
401 1477 470 1505 me
484 1463 546 1504 ².»
565 1462 607 1506 Si
630 1476 730 1519 ergo
747 1464 837 1522 jam
861 1463 1108 1517 resurrexit,
1128 1464 1218 1522 jam
1238 1463 1406 1506 transiit
1427 1484 1437 1519 3
1457 1463 1490 1506 si
1508 1464 1597 1522 Jam
1615 1472 1730 1507 tran-

343 1532 436 1585 siit,
462 1531 559 1575 vide
579 1533 814 1591 posteriora
832 1534 937 1592 ejus.
964 1532 1080 1586 Quid
1101 1542 1164 1577 est
1176 1568 1191 1588 ,
1217 1533 1327 1577 Vide
1350 1533 1584 1592 posteriora
1607 1534 1730 1593 ejus?

345 1603 485 1647 Crede
518 1603 562 1646 in
600 1604 957 1647 resurrectionem
987 1605 1092 1663 ejus.
1130 1607 1187 1647 Et
1221 1605 1322 1663 quia
1353 1605 1411 1647 ait
1448 1603 1680 1663 Apostolus
1717 1623 1726 1648 z

350 1690 367 1712 «
403 1672 496 1716 Etsi
534 1674 761 1716 crucifixus
784 1683 846 1717 est
877 1689 928 1717 ex
966 1674 1243 1728 infirmitate,
1270 1673 1346 1718 sed
1377 1674 1482 1718 vivit
1504 1675 1548 1718 in
1569 1675 1730 1718 virtute

349 1760 369 1783 »
405 1743 481 1786 Dei
496 1744 510 1771 3
528 1761 535 1787 :
552 1761 570 1783 »
597 1751 638 1785 et
663 1743 819 1787 iterum
841 1744 924 1788 ait:
945 1744 1178 1788 «Christus
1201 1759 1377 1801 surgens
1399 1760 1422 1787 a
1442 1744 1624 1787 mortuis
1639 1745 1730 1803 jam

347 1830 368 1853 »
404 1828 492 1856 non
523 1813 733 1867 moritur,
766 1822 810 1857 et
841 1829 955 1857 mors
983 1815 1020 1857 ei
1049 1813 1163 1857 ultra
1194 1830 1283 1857 non
1315 1814 1677 1858 dominabitur4:
1705 1832 1726 1854 ι»

345 1892 461 1926 recte
494 1883 574 1926 tibi
595 1892 741 1927 cantat
763 1903 772 1928 ε
798 1902 817 1925 «
844 1887 955 1928 Ecce
981 1900 1069 1928 non
1103 1884 1378 1938 dormitabit,
1405 1899 1549 1943 neque
1568 1883 1731 1928 obdor—

349 1972 369 1995 »
405 1954 510 1997 miet
530 1989 540 2004 ,
566 1954 641 2014 qui
665 1954 853 1998 custodit
879 1954 1022 1998 Israel.
1042 1973 1061 1996 »
1078 1955 1234 1998 Adhuc
1255 1954 1368 1998 forte
1389 1955 1547 2013 quaeris
1569 1953 1730 1997 carnali
1784 1982 1787 1984 -

347 2039 497 2078 sensu,
521 2024 625 2077 Quis
640 2033 718 2077 est,
739 2025 813 2083 qui
832 2027 957 2068 «Non
977 2024 1247 2077 dormitabit,
1269 2039 1411 2083 neque
1428 2022 1725 2067 obdormietP»

347 2096 404 2137 Et
425 2108 525 2136 cum
556 2094 712 2152 quaeris
735 2094 847 2136 inter
868 2094 1086 2148 homines,
1114 2093 1270 2136 falleris
1287 2128 1298 2147 ,
1324 2109 1550 2152 nunquam
1574 2093 1731 2136 inven-

349 2171 472 2206 turus
490 2178 547 2206 es.
574 2162 671 2207 Noli
694 2178 794 2220 ergo
817 2178 1075 2221 praesumere
1094 2162 1148 2206 de
1166 2178 1388 2222 quoquam
1404 2162 1581 2206 homine
1609 2181 1617 2206 :
1643 2177 1731 2206 om-

348 2232 413 2276 nis
435 2233 567 2276 homo
590 2232 778 2285 dormit,
805 2241 847 2275 et
870 2232 1138 2276 dormitabit.
1165 2231 1350 2285 Quando
1370 2232 1600 2276 dormitat?
1618 2234 1730 2276 Cum

348 2311 492 2361 portat
514 2318 687 2345 carnem
711 2303 986 2346 infirmitatis.
1015 2303 1201 2355 Quando
1223 2302 1440 2345 dormiet?
1463 2304 1575 2345 Cum
1599 2300 1731 2345 fuerit

347 2381 558 2415 mortuus.
586 2372 683 2416 Noli
701 2387 801 2429 crgo
824 2387 1082 2430 praesumere
1105 2372 1158 2416 de
1182 2372 1368 2416 homine.
1396 2375 1542 2415 Potest
1564 2370 1729 2415 dormi-

348 2450 439 2486 tarc
469 2442 660 2486 mortalis
687 2461 695 2486 ε
721 2442 881 2486 dormit
913 2442 1112 2486 moriens.
1150 2442 1247 2487 Noli
1283 2457 1479 2501 quaerere
1511 2441 1624 2485 inter
1650 2442 1731 2485 ho-

350 2527 502 2556 mines.

404 2603 412 2617 ¹
433 2599 525 2628 Joan.
544 2608 568 2637 1,
592 2608 602 2628 ι
627 2601 659 2628 et
680 2594 729 2637 ¹4-
752 2613 793 2619 —
810 2602 823 2618 ²
839 2595 918 2628 Psal.
937 2606 986 2637 ιιι,
1006 2596 1038 2629 6.
1056 2612 1096 2618 —-
1118 2593 1164 2627 32
1183 2597 1255 2627 Cor.
1276 2607 1346 2637 xm,
1364 2597 1398 2638 4.
1415 2612 1457 2619 -
1480 2593 1496 2624 4
1516 2597 1609 2628 Rom.
1628 2606 1673 2635 vr,
1696 2606 1729 2637 9.
