1856 3268
476 251 718 284 ENAnnAno
749 256 796 284 m
827 252 1030 285 rsALMUM
1060 255 1150 283 cxx,
1454 244 1482 282 9

102 324 144 370 Si
167 336 245 383 per
265 321 451 382 speciem
472 320 671 366 nondum
694 330 816 382 potes
831 357 841 376 ‚
867 337 944 381 per
965 320 1099 365 fidem
1118 320 1232 365 vide.
1261 320 1302 365 Si
1326 317 1481 365 faciem

99 395 189 454 ejus
219 393 366 437 videre
393 407 482 436 non
516 401 664 451 potes,
700 392 907 452 quoniam
939 391 999 435 ibi
1030 391 1220 450 specics3
1245 391 1483 450 posteriora

99 465 191 525 ejus
211 462 326 507 vide.
354 464 446 506 Hoc
478 461 645 506 dictum
670 473 732 507 est
751 463 892 521 Moysi
915 477 938 505 a
960 462 1145 506 Domino
1161 496 1172 516 ‚
1202 480 1221 503 «
1246 464 1342 505 Non
1362 470 1482 520 potes

101 553 123 577 »
156 534 302 579 videre
337 532 491 578 faciem
524 549 665 578 meam
688 570 698 590 ‚
738 534 975 594 posteriora
1012 548 1107 577 mea
1146 532 1342 587 videbis,
1383 547 1485 577 cum

102 625 123 649 »
157 606 406 651 transiero¹.
433 624 452 647 >1
479 609 691 666 Expectas
719 607 831 651 forte
854 615 904 651 ut
936 614 1124 650 transeat
1142 625 1153 661 3
1171 606 1261 665 jam
1284 603 1482 662 transiit3

100 687 150 722 tu
189 676 286 721 vide
331 677 567 736 posteriore
613 677 746 737 ipsius
764 712 775 732 ‚
829 677 906 721 ubi
947 676 1148 721 transiit?
1185 675 1302 720 Audi
1349 677 1486 720 Joan-

101 764 203 794 nem
229 768 239 794 :
280 767 299 790 «
325 750 435 793 Cum
463 749 649 793 venisset
674 784 690 804 ,
723 749 898 809 inquit,
934 749 1040 793 hora
1066 784 1076 804 ‚
1110 756 1161 792 ut
1193 747 1395 791 transiret
1433 745 1488 790 dc

105 838 125 862 »
159 818 327 862 mundo
355 817 409 861 ad
444 822 614 862 Patrem
632 822 664 863 2.
690 837 710 860 »
736 819 946 864 Dominus
966 828 1110 864 noster
1143 821 1266 863 Jesus
1292 815 1489 863 Christus

97 891 186 950 jam
211 887 314 933 fecit
336 888 514 933 Pascha.
552 890 715 934 Pascha
751 899 896 934 autem
928 890 1132 934 transitus
1160 889 1491 948 interpretaturi

103 962 214 1005 Nam
241 958 422 1004 verbum
455 968 519 1003 est
538 959 761 1003 hebraeum
786 979 794 1005 ε
829 970 872 1004 ct
893 968 1051 1019 putant
1077 959 1274 1004 homines
1300 973 1490 1017 graecum

104 1045 217 1085 esse,
251 1029 373 1089 quasi
409 1029 650 1088 passionem
672 1065 682 1084 ‚
719 1029 794 1074 sed
823 1045 913 1074 non
947 1039 1024 1073 est.
1052 1033 1090 1073 Α
1111 1027 1460 1087 diligentioribus
1478 1063 1489 1083 ,

105 1109 148 1145 et
181 1115 205 1144 a
239 1099 504 1144 doctioribus
536 1099 764 1145 inventum
802 1109 894 1155 est,
935 1100 1038 1160 quia
1074 1100 1237 1143 Pascha
1264 1098 1492 1142 hebraeum

99 1170 282 1216 verbum
306 1179 369 1214 est
389 1205 399 1225 ,
426 1179 469 1214 et
486 1186 575 1215 non
598 1171 940 1230 interpretantur
961 1170 1202 1231 passionem
1221 1205 1232 1225 ,
1269 1169 1344 1214 sed
1368 1178 1491 1214 tran-

99 1242 245 1286 situm.
272 1244 352 1286 Per
373 1241 616 1300 passionem
638 1242 753 1286 enim
776 1242 946 1286 transiit
971 1242 1180 1286 Dominus
1208 1256 1231 1284 a
1259 1249 1400 1285 morte
1435 1239 1492 1284 ad

100 1314 265 1371 vitam3
300 1323 343 1358 et
376 1313 479 1359 fecit
513 1313 640 1358 nobis
673 1315 787 1359 viam
818 1313 1095 1358 credentibus
1128 1314 1174 1357 in
1207 1312 1490 1357 resurrectio-

100 1399 201 1429 nem
223 1385 314 1444 ejus
333 1420 344 1440 ,
369 1394 420 1429 ut
436 1394 703 1429 transeamus
728 1395 771 1430 et
794 1401 871 1429 nos
902 1383 956 1429 de
981 1393 1120 1429 morte
1142 1384 1197 1428 ad
1219 1384 1367 1427 vitam.
1393 1385 1491 1428 Non

101 1472 311 1516 magnum
341 1466 404 1501 est
433 1457 610 1500 credere
648 1458 750 1517 quia
784 1466 982 1501 mortuus
1009 1466 1072 1501 est
1094 1456 1317 1501 Christus:
1341 1456 1425 1500 1100
1448 1463 1492 1499 et

104 1528 262 1586 Pagani
279 1537 322 1572 et
338 1528 481 1572 Jndaei
499 1538 542 1572 et
566 1544 715 1573 omnes
737 1528 875 1589 iniqui
898 1528 1098 1573 credunt.
1116 1530 1210 1572 Hoc
1233 1543 1383 1572 omnes
1403 1542 1493 1572 cre-

103 1598 240 1653 dunt,
261 1599 362 1658 quia
384 1608 584 1643 mortuus
606 1608 695 1643 est:
722 1599 828 1643 fides
850 1599 1215 1653 Christianorum,
1234 1598 1491 1643 resurrectio

104 1668 262 1713 Christi
284 1678 368 1726 est3
388 1669 471 1714 hoc
493 1685 572 1729 pro
595 1685 754 1729 magno
774 1670 1002 1723 habemus,
1028 1669 1129 1730 quia
1152 1668 1369 1713 credimus
1391 1685 1492 1713 eum

105 1739 393 1784 resurrexisse.
421 1742 538 1798 Ergo
560 1749 665 1784 tunc
687 1755 731 1784 50
765 1739 906 1785 voluit
938 1740 1100 1796 videri,
1124 1755 1224 1784 cum
1258 1740 1490 1796 transiret,

105 1811 190 1854 1100
212 1819 302 1864 est,
337 1825 436 1854 cum
459 1811 768 1855 resurrexisset.
799 1814 920 1855 Tunc
943 1811 987 1854 in
1005 1827 1048 1855 se
1067 1811 1207 1856 voluit
1223 1810 1366 1866 credi,
1392 1826 1493 1856 cum

107 1881 308 1926 transiret
334 1900 342 1925 ε
368 1881 469 1941 quia
491 1881 674 1925 traditus
697 1891 761 1926 est
782 1892 959 1943 propter
978 1882 1136 1927 delicta
1159 1892 1305 1927 nostra
1325 1918 1335 1938 ‚
1357 1892 1400 1927 et
1423 1898 1492 1927 re-

108 1951 290 1996 surrexit
306 1961 483 2011 propter
494 1952 849 2012 justificationem
873 1962 1062 1997 nostram
1077 1955 1108 1996 3.
1132 1956 1186 1997 Et
1202 1953 1338 2012 ipsam
1362 1953 1494 1997 fidem

108 2023 153 2066 in
190 2023 547 2066 resurrectionem
583 2023 742 2067 Christi
766 2024 949 2067 maxime
970 2023 1293 2068 commendavit
1314 2027 1496 2084 Aposto-

108 2092 198 2149 lus3
214 2093 272 2136 ait
291 2092 406 2136 enim
425 2111 433 2137 :
465 2112 484 2135 «
513 2093 555 2137 Si
573 2092 805 2137 credideris
827 2094 871 2138 in
890 2094 1021 2139 corde
1042 2104 1133 2149 tuo,
1149 2086 1250 2155 quia
1266 2098 1381 2139 Deus
1394 2111 1495 2140 eum

109 2163 325 2207 suscitavit
346 2179 369 2208 a
391 2164 595 2218 mortuis,
626 2163 768 2208 salvus
794 2165 875 2209 eris
896 2167 927 2208 4.
952 2183 972 2205 »
998 2168 1095 2210 Non
1119 2165 1225 2210 dixit
1251 2186 1260 2211 :
1291 2167 1332 2211 Si
1351 2166 1495 2211 credi-

109 2233 221 2277 ‹leris
243 2233 344 2293 quia
367 2243 564 2278 mortuus
583 2243 647 2278 est
664 2235 876 2289 Christus,
897 2236 1018 2296 quod
1040 2246 1082 2281 et
1105 2237 1265 2295 Pagani
1287 2246 1330 2282 et
1352 2238 1496 2282 Judaei

109 2312 153 2348 et
169 2318 316 2347 omnes
337 2304 498 2348 inimici
520 2305 610 2364 ejus
633 2304 912 2349 crediderunt
932 2328 942 2363 3
961 2307 1037 2350 sed
1057 2308 1135 2352 ait:
1161 2327 1180 2349 «
1200 2308 1242 2352 Si
1265 2308 1497 2354 credideris

113 2393 133 2416 1»
169 2375 212 2418 in
233 2375 362 2419 corde
384 2384 461 2420 tuo
479 2411 489 2430 ‚
510 2377 612 2436 quia
634 2380 745 2421 Deus
766 2377 890 2421 illum
913 2378 1171 2423 suscitavita
1189 2380 1387 2434 mortuis,
1409 2380 1495 2424 sal-

113 2462 134 2486 »
168 2460 248 2489 vus
270 2445 364 2488 eris.
390 2464 409 2486 »
436 2449 528 2490 Hoc
550 2447 746 2503 credere,
772 2449 855 2493 hoc
878 2457 940 2493 est
964 2464 1051 2492 esse
1074 2449 1201 2493 Israel
1217 2486 1227 2505 ‚
1252 2451 1336 2495 hoc
1354 2460 1416 2495 est
1433 2451 1498 2495 vi-

113 2514 214 2559 dere
244 2518 383 2559 Deum
406 2535 413 2560 ;
439 2519 634 2576 quamvis
657 2517 800 2563 adhuc
820 2520 1056 2578 posteriora
1080 2521 1193 2579 ejus,
1230 2529 1371 2564 tamen
1396 2537 1498 2566 cum

154 2601 172 2634 ,¹
190 2600 286 2632 Exod.
306 2610 471 2642 xxxm‚2o
488 2605 521 2633 et
534 2602 637 2634 23.-
657 2609 669 2625 ²
689 2604 778 2634 Joan.
804 2613 870 2643 xm,
895 2615 968 2638 1,-
987 2602 1000 2627 3
1019 2606 1109 2636 Rom.
1131 2615 1177 2644 iv,
1198 2604 1299 2636 25—
1319 2604 1333 2634 4
1353 2604 1398 2637 Id.
1415 2617 1497 2649 x‚9.
