1815 3253
368 218 610 248 ENARRA'uo
641 220 686 246 m
719 218 923 247 PsALMUM
954 220 1132 247 cxxxv1.
1343 207 1424 244 271

42 283 231 344 puritate
252 284 441 328 veritatis
456 318 467 339 ‚
498 292 542 328 et
562 282 638 327 illa'
654 284 863 342 sapientia
886 300 987 344 quae
1013 284 1058 328 in
1075 297 1119 326 se
1140 283 1232 341 ipsa
1248 296 1427 326 manens

42 353 222 400 innovat
243 356 386 399 omnia
400 357 430 399 ¹.
451 353 819 400 Delectationibus
837 353 1142 414 temporalium
1166 368 1312 397 rerum
1330 362 1427 397 ten-

41 433 185 469 tamur
198 460 209 481 ,
227 434 270 470 et
285 425 573 470 colluctamur
599 425 795 485 quotidie
814 441 915 471 cum
939 424 1292 484 suggestionibus
1306 423 1428 468 illici-

43 503 187 540 tarum
210 494 484 555 voluptatum
511 514 520 541 :
540 496 610 540 vix
632 497 887 555 respiramus
913 495 984 540 vel
1006 496 1050 540 in
1073 495 1269 540 oratione
1289 515 1301 552 3
1325 510 1428 554 cap-

42 565 151 610 tivos
169 581 247 610 nos
261 581 352 610 esse
367 564 665 625 intelligimus.
691 565 776 611 Sed
787 567 863 626 qui
876 582 954 611 nos
967 567 1162 625 captivos
1182 564 1428 610 duxerunt?

46 635 123 696 qui
141 637 367 680 homines?
395 652 495 696 quae
517 638 654 695 gens?
675 637 751 696 qui
773 638 876 681 rex?
900 637 943 682 Si
966 636 1220 681 redimimur
1236 670 1248 691 ‚
1272 635 1434 695 captivi

46 721 231 752 eramus.
257 707 360 760 Quis
380 723 458 751 nos
480 706 695 752 redemit?
712 708 925 753 Christus.
951 711 989 752 A
1011 723 1100 768 quo
1118 723 1196 751 nos
1220 706 1435 751 redemit?

47 779 86 822 Α
102 775 293 822 diabolo.
316 776 524 821 Diabolus
544 794 649 837 ergo
663 787 707 822 et
728 778 871 837 angeli
887 779 978 839 ejus
1000 779 1193 838 captivos
1214 793 1293 822 nos
1307 776 1438 821 duxe-

49 856 180 905 runt3
212 863 293 892 nec
313 847 526 893 ducerent
555 848 636 893 nisi
657 849 991 908 consentientes.
1020 851 1106 895 Nos
1136 849 1258 893 ducti
1287 863 1438 893 sumus

50 919 223 978 captivi.
253 920 551 979 Captivatores
576 921 710 964 nostri
741 920 829 964 dixi
856 921 932 981 qui
961 921 1063 965 sint.
1086 921 1173 980 Ipsi
1189 929 1293 964 sunt
1308 920 1439 964 etiam

51 988 240 1034 latrones
257 988 536 1034 vulnerantes
552 990 677 1034 illum
698 991 936 1045 viatorem,
952 991 1028 1050 qui
1043 989 1268 1035 descendit
1289 991 1344 1034 ab
1366 992 1390 1034 J
1395 1005 1441 1032 e-

53 1058 241 1104 rusalem
257 1059 303 1103 in
318 1060 493 1104 Jericho
518 1078 527 1104 ε
552 1075 685 1120 quem
705 1062 947 1105 sauciatum
968 1061 1223 1105 semivivum
1257 1059 1445 1120 relique-

54 1139 159 1174 runt
173 1133 204 1173 ².
224 1131 353 1174 Hunc
374 1128 448 1173 ille
468 1139 612 1175 custos
629 1139 791 1185 noster,
809 1130 853 1175 id
871 1140 936 1174 est
952 1165 963 1185 ‚
987 1133 1302 1185 Samaritanus,
1329 1132 1346 1187 (
1366 1132 1446 1174 Sa-

55 1200 295 1245 maritanus
321 1200 438 1244 enim
459 1210 602 1245 custos
620 1201 978 1259 interpretatur‚)
998 1201 1068 1245 cui
1093 1201 1315 1261 objectum
1339 1209 1403 1244 est
1424 1215 1449 1244 a

57 1274 83 1316 J
89 1270 222 1315 udaeis
238 1306 249 1326 ,
267 1280 311 1315 et
326 1270 492 1315 dictum
515 1290 524 1316 :
546 1290 564 1313 α
588 1273 744 1316 Nonne
761 1286 914 1315 verum
936 1270 1122 1316 dicimus
1142 1271 1278 1328 3Quia
1302 1273 1448 1316 Sama-

62 1360 83 1383 »
118 1341 284 1386 ritanus
302 1356 344 1385 es
361 1376 372 1396 ‚
400 1350 444 1385 et
465 1341 734 1385 daemonium
760 1341 944 1386 habesss?
962 1361 982 1383 »
1004 1345 1061 1386 Et
1078 1341 1150 1386 ille
1173 1343 1449 1403 objectorum

61 1406 252 1456 duoru‘m
270 1428 407 1456 unum
432 1413 617 1472 respuit,
638 1422 682 1456 et
695 1428 835 1456 unum
855 1413 994 1457 tenuit
1012 1433 1021 1458 ς
1040 1416 1135 1472 Ego
1149 1448 1160 1468 ,
1178 1414 1338 1473 inquit,
1364 1411 1448 1456 dae-

64 1502 84 1525 »
120 1483 318 1528 monium
345 1499 435 1527 non
463 1483 620 1527 habeo.
644 1501 662 1524 »
685 1485 782 1528 Non
798 1492 943 1528 autem
965 1484 1074 1528 dixit
1099 1503 1107 1528 :
1135 1487 1230 1543 Ego
1247 1499 1336 1527 non
1355 1499 1451 1527 sum

65 1554 372 1600 Samaritanus.
408 1554 451 1598 Si
487 1554 604 1597 enim
624 1552 696 1597 ille
726 1555 1020 1598 Samaritanus
1049 1571 1139 1599 non
1165 1554 1448 1609 custodierit,

63 1626 218 1686 utique
237 1625 444 1685 perimus.
465 1626 758 1670 Samaritanus
772 1641 875 1684 ergo
893 1626 1103 1670 nansiens
1125 1627 1234 1671 vidit
1255 1626 1452 1670 saucium

66 1705 110 1743 et
137 1695 416 1740 vulneratum
442 1680 699 1739 derelictum
733 1712 757 1740 a
786 1694 1061 1751 latronibus,
1087 1706 1131 1740 et
1160 1696 1272 1740 sicut
1294 1696 1454 1751 nostis,

67 1765 257 1825 collegit.
288 1766 408 1811 Sicut
425 1765 660 1825 aliquando
675 1766 897 1811 latronum
917 1767 1094 1811 nomine
1113 1777 1361 1827 ponuntur
1380 1767 1455 1826 qui

67 1837 194 1882 nobis
223 1836 369 1896 plagas
394 1845 670 1896 peccatorum
695 1838 947 1882 inflixerunt
963 1873 974 1893 ‚
995 1839 1084 1898 jam
1111 1854 1188 1897 per
1214 1838 1460 1883 consensio-

70 1923 173 1953 nem
204 1917 364 1952 nostrae
391 1907 652 1968 captivitatis
680 1927 688 1953 :
713 1909 773 1953 sic
811 1918 854 1953 et
889 1909 1176 1969 captivatores
1207 1908 1344 1954 nostri
1380 1908 1461 1968 ipsi

73 1977 297 2024 dicuntur.

132 2051 255 2093 VIII.
282 2048 357 2092 Isti
371 2063 474 2108 ergo
492 2067 513 2091 «
535 2049 618 2102 Qui
632 2048 824 2108 captivos
846 2049 1069 2095 duxerunt
1091 2066 1170 2095 nos
1184 2086 1195 2106 ‚
1218 2068 1238 2091 »
1260 2049 1461 2094 diabolus

72 2129 117 2165 et
137 2119 280 2179 angeli
300 2121 418 2180 ejus,
449 2120 627 2180 quando
652 2120 776 2164 nobis
799 2119 1028 2176 dixerunt,
1063 2130 1106 2165 et
1127 2120 1307 2182 quando
1333 2141 1352 2162 «
1378 2124 1464 2166 Nos

79 2212 96 2233 »
131 2192 510 2250 interrogaverunt
526 2190 659 2235 verba
677 2192 945 2236 canticorum
961 2194 979 2236 P
998 2212 1017 2234 »
1043 2192 1157 2246 Quid
1172 2208 1275 2252 ergo
1298 2191 1463 2236 intelli-

77 2255 216 2323 gimus
231 2264 249 2307 Ξ)
266 2263 390 2317 Quia,
403 2278 505 2307 cum
517 2262 624 2307 tales
637 2278 714 2307 nos
731 2263 1017 2323 interrogant,
1033 2265 1078 2308 in
1091 2265 1250 2324 quibus
1267 2263 1466 2309 diabolus

77 2343 282 2394 operatur
298 2369 310 2389 ‚
333 2332 642 2393 intelligendus
669 2343 734 2378 est
762 2334 852 2394 ipse
877 2350 956 2379 nos
987 2335 1253 2393 interrogare
1269 2370 1280 2390 ‚
1307 2336 1384 2396 qui
1416 2335 1463 2379 in

79 2405 138 2451 eis
152 2414 371 2465 operatur.
399 2403 631 2464 Apostolus
648 2403 754 2449 dicit
771 2423 780 2449 :
805 2424 825 2448 «
850 2408 906 2451 Et
923 2421 999 2451 vos
1023 2422 1126 2451 cum
1143 2406 1288 2450 essetis
1304 2406 1465 2451 mortui

83 2494 105 2519 »
138 2476 186 2521 in
210 2475 378 2520 delictis
401 2484 444 2519 et
476 2474 663 2535 peccatis
687 2476 838 2521 vestris
857 2511 869 2533 ,
893 2492 995 2521 cum
1019 2478 1219 2523 viveretis
1241 2475 1384 2522 inillis
1400 2491 1464 2521 se-

132 2567 140 2584 ¹
157 2563 231 2605 Sap.
251 2572 311 2604 vu,
330 2570 385 2605 27.
404 2577 447 2584 —
465 2566 478 2583 ²
495 2562 573 2594 Luc.
594 2571 629 2603 x,
645 2561 687 2594 30
702 2565 736 2593 et
752 2570 842 2604 seqq.
866 2573 907 2586 -o
928 2559 941 2584 3
961 2563 1053 2594 Joan.
1073 2572 1142 2604 vm,
1159 2561 1191 2594 8.
