1815 3253
362 217 604 246 ENARRATio
637 218 682 245 ΙΝ
717 215 920 245 PsALMUM
953 217 1149 244 cxxxvu.
1363 204 1448 242 287

20 287 23 291 '
60 285 169 328 Nam
190 283 249 326 ita
266 291 369 327 nota
388 292 452 327 est
473 282 686 328 confessio
703 291 1004 341 peccatorum,
1031 290 1080 325 ut
1101 281 1146 325 in
1168 295 1450 340 quocumque

63 352 381 411 Scripturarum
400 353 498 398 loco
521 352 720 397 auditum
737 351 892 407 fuerit,
923 371 943 394 «
968 350 1224 397 Confitebor
1245 350 1342 406 tibi,
1363 353 1452 395 Do-

65 441 86 465 »
120 423 260 481 mine3
285 442 304 465 »
327 432 417 478 aut,
447 442 467 466 «
492 423 813 469 Confitebimur
830 423 907 467 tibi
931 441 940 466 ι
970 440 990 463 »
1015 421 1225 466 continuo
1242 422 1332 481 jam
1352 436 1452 465 con-

62 493 292 540 suetudine
325 494 384 539 sic
411 494 861 554 intelligendi‚manus
890 501 1069 538 currant
1091 492 1146 536 acl
1169 501 1320 552 pectus
1347 500 1451 535 tun-

63 565 254 610 dendum
279 587 290 624 3
328 582 466 626 usque
501 566 611 611 adeo
659 582 749 611 non
782 565 923 610 solent
968 564 1165 609 homines
1210 561 1454 622 intelligere

62 634 376 681 confessionem
399 652 488 682 esse
517 637 595 680 nisi
620 646 912 696 peccatorum.
948 635 1034 680 Sed
1055 633 1274 694 numquid
1297 642 1340 677 et
1363 633 1453 692 ipse

63 707 273 751 Dominus
299 716 445 752 noster
477 709 601 751 Jesus
624 707 820 752 Christus
841 714 1043 766 peccator
1076 704 1181 759 fuit,
1212 704 1288 764 qui
1321 704 1380 747 ait
1407 703 1453 746 in

61 775 318 836 Evangelio,
336 797 355 819 «
374 777 596 822 Confiteor
610 777 704 831 tibi,
723 780 865 831 Pater,
888 776 1069 821 Domine
1086 774 1188 820 coeli
1201 784 1244 819 et
1260 776 1413 818 terrae?
1430 791 1449 815 »

64 849 245 893 Secutus
260 848 375 891 enim
399 849 458 892 ait
475 847 584 909 quid
600 849 904 906 confiteretur3
928 856 978 892 ut
994 846 1336 906 intelligeremus
1351 860 1454 889 con-

61 917 290 963 fessionem
321 917 486 973 laudis,
524 934 613 962 non
648 919 902 979 iniquitatis.
942 937 962 961 «
999 918 1244 972 Confiteor,
1283 916 1449 977 inquit,

65 1007 86 1031 »
120 988 215 1044 tibi,
236 992 379 1043 Pater,
406 988 589 1032 Domine
607 988 707 1035 coeli
724 998 767 1033 et
791 998 930 1044 terrae,
951 989 1054 1049 quia
1076 986 1343 1032 abscondisti
1361 987 1455 1032 haee

66 1079 86 1103 »
121 1060 423 1119 asapientibus
435 1068 478 1104 et
490 1059 799 1119 prudentibus,
818 1069 861 1104 et
878 1059 1075 1104 revelasti
1097 1075 1145 1103 ea
1161 1058 1352 1118 parvulis
1377 1059 1409 1100 ¹.
1430 1075 1451 1098 »

63 1131 276 1176 Laudavit
302 1135 495 1186 Patrem,
519 1131 713 1176 laudavit
735 1134 898 1188 Deum3
924 1131 1027 1191 quia
1049 1146 1139 1175 non
1162 1129 1343 1190 despicit
1367 1129 1455 1173 hu·-

64 1201 208 1257 miles,
232 1203 308 1246 sed
337 1201 521 1261 despicit
542 1202 767 1261 superbos.
793 1204 851 1246 Et
878 1202 949 1246 hic
979 1201 1110 1245 talem
1139 1199 1456 1245 confessionem

64 1272 253 1317 audituri
275 1287 446 1327 sumus,
471 1270 612 1316 laudis
636 1272 712 1316 Dei
733 1281 776 1316 et
799 1271 1114 1330 gratulationis.
1149 1290 1169 1313 «
1202 1270 1459 1316 Confitebor

66 1363 87 1387 »
122 1344 226 1400 tibi,
252 1344 434 1389 Domine
450 1379 461 1399 ‚
494 1344 539 1387 in
562 1353 654 1388 toto
680 1342 813 1388 corde
836 1359 951 1387 meo.
980 1361 999 1385 η
1029 1346 1190 1387 Totum
1212 1358 1288 1387 cor
1310 1356 1459 1385 meum

63 1415 110 1458 in
127 1431 245 1459 aram
263 1424 351 1460 tuae
368 1413 650 1460 confessionis
668 1415 864 1474 impono,
892 1413 1197 1458 holocaustum
1218 1412 1359 1457 laudis
1381 1412 1460 1457 tibi

65 1485 217 1530 offero.
246 1485 560 1530 Holocaustum
583 1485 698 1529 enim
723 1484 882 1529 dicitur
905 1485 1162 1529 sacrificium
1177 1519 1187 1538 ‚
1216 1484 1294 1527 ubi
1317 1493 1459 1527 totum

64 1555 327 1600 incenditur.
352 1557 501 1600 Graece
529 1556 693 1616 quippe
709 1564 773 1595 ὅλον
792 1590 803 1610 ‚
828 1554 962 1599 latine
981 1563 1123 1599 totum
1146 1554 1322 1598 dicitur.
1349 1553 1460 1597 Vide

65 1626 437 1688 quemadmodum
461 1626 616 1672 offerat
647 1625 952 1671 holocaustum
981 1625 1194 1685 spiritale,
1224 1625 1301 1685 qui
1327 1624 1456 1679 dicit,

70 1717 90 1741 «
125 1697 380 1743 Confitebor
402 1697 497 1752 tibi,
524 1697 721 1752 Demine⁷
748 1697 793 1740 in
816 1705 909 1741 toto
931 1695 1063 1741 corde
1089 1712 1201 1740 meo.
1235 1717 1250 1737 »
1276 1699 1458 1749 Totum,

66 1770 231 1830 inquit,
256 1785 331 1813 cor
353 1784 498 1813 meum
526 1769 702 1813 flamma
726 1768 790 1812 tui
814 1768 971 1812 amoris
1012 1767 1222 1812 accendat
1249 1786 1258 1812 ι
1284 1766 1392 1810 nihil
1418 1765 1462 1810 in

0 1881 2 1899 ἰ
67 1856 136 1886 me
164 1840 437 1901 relinquatur
464 1840 594 1895 mihi,
620 1855 700 1883 nec
733 1855 822 1899 quo
849 1839 1074 1898 respiciam
1103 1839 1159 1882 ad
1191 1853 1261 1882 me
1290 1838 1461 1896 ipsum3

0 1926 15 1970 ἰ»
68 1911 140 1957 sed
163 1920 277 1956 totus
300 1912 345 1954 in
366 1920 409 1955 te
431 1919 634 1965 aestuem,
661 1918 779 1954 totus
801 1909 847 1952 in
874 1918 916 1953 te
934 1907 1124 1963 ardeam,
1150 1917 1267 1952 totus
1285 1908 1463 1966 diligam

25 2034 28 2038 .
69 1991 132 2037 te,
159 1991 367 2042 tanquam
399 1981 696 2025 inflammatus
719 1980 794 2024 abs
823 1992 879 2024 te.
911 1999 931 2022 «
966 1979 1222 2024 Confitebor
1244 1978 1346 2034 tibi,
1376 1981 1465 2022 Do-

74 2074 93 2096 »
126 2055 269 2110 mine,
294 2054 339 2098 in
368 2062 461 2098 toto
484 2052 615 2097 corde
639 2068 736 2097 meo
762 2072 771 2097 ι
798 2052 1006 2112 quoniam
1039 2051 1197 2096 audisti
1220 2050 1349 2094 verba
1381 2049 1466 2094 oris

73 2143 94 2167 »
127 2125 227 2170 mei.
262 2143 282 2166 »
314 2125 451 2185 Cujus
479 2143 499 2166 «
530 2123 626 2168 Oris
648 2123 749 2179 mei,
778 2141 797 2164 >›
833 2123 914 2166 nisi
937 2122 1079 2166 cordis
1103 2121 1217 2165 mei?
1251 2121 1317 2165 lbi
1348 2120 1464 2164 enim

70 2195 282 2240 habemus
300 2210 467 2250 vocem,
488 2210 620 2255 quam
641 2197 755 2238 Deus
778 2192 970 2248 exaudit,
998 2208 1130 2253 quam
1152 2207 1329 2252 prorsus
1352 2191 1468 2235 auris

0 2286 15 2319 ,ε
70 2267 262 2312 humana
284 2281 374 2310 non
396 2265 532 2310 novit.
562 2264 818 2310 Clamabant
835 2273 951 2308 certe
969 2264 1049 2324 qui
1074 2266 1315 2308 Susannam
1339 2278 1471 2307 accu-

0 2371 13 2399 ,¹
71 2339 251 2393 sabam,
276 2346 320 2381 et
341 2336 396 2380 ad
417 2334 580 2380 coelum
603 2334 751 2381 oculos
780 2351 871 2380 non
898 2334 1106 2379 levabant
1133 2353 1142 2379 ε
1170 2333 1244 2378 illa
1267 2333 1464 2388 tacebat,

0 2432 17 2475 ,Δ
73 2419 115 2455 et
131 2409 261 2454 corde
277 2407 508 2453 clamabat.
533 2406 657 2451 Unde
678 2407 752 2452 illa
770 2407 930 2452 meruit
948 2406 1157 2461 exaudiri,
1179 2405 1280 2449 inde
1298 2406 1367 2449 isti
1390 2421 1469 2464 pu-

13 2500 15 2507 ·
73 2481 155 2526 niri
181 2484 214 2524 ².
241 2483 320 2525 Est
340 2495 443 2539 ergo
478 2494 524 2524 os
556 2478 674 2522 intus
710 2497 720 2523 ε
750 2478 1062 2538 ibi‘rogamuffi
1097 2476 1200 2521 inde
1228 2491 1433 2535 rogamus
1454 2510 1465 2532 ‚

119 2573 126 2591 ¹
148 2565 264 2600 Matth.
282 2576 331 2608 xx,
352 2564 407 2599 25.
428 2580 469 2589 υ-
490 2571 502 2587 2
518 2567 596 2598 Dan.
617 2574 686 2606 xm,
706 2562 762 2606 34,
783 2567 816 2596 et
835 2573 925 2606 seqq.
