1815 3253
367 227 607 256 ENARRATIO
640 230 685 257 m
718 229 920 258 PsALMUM
952 232 1130 258 cxxxlx.
1345 221 1428 261 335

43 293 164 338 radix
192 293 389 337 omnium
417 292 657 337 malorum¹
679 329 690 349 ,
721 294 833 338 sicut
867 296 987 339 radix
1018 296 1267 355 spinarum,
1300 298 1431 342 etiam

43 362 215 407 dulcem
239 361 433 422 pluviam
452 363 507 407 ad
530 363 788 422 punctiones
806 364 1035 409 convertit.

104 435 162 476 ΙΙ.
184 432 301 485 Quid
327 432 459 477 habet
481 432 673 477 Psalmus
706 434 785 478 iste
803 469 814 488 ,
835 433 966 478 credo
984 470 995 489 ,
1031 449 1133 478 cum
1152 443 1402 480 cantaretur
1417 471 1429 492 ,

43 501 274 547 advertisse
291 518 390 560 vos3
410 505 618 564 quoniam
637 505 920 565 conqueritur
940 514 983 549 et
1004 506 1161 563 gemit,
1190 516 1233 550 et
1258 522 1431 566 precem

44 575 133 618 Deo
155 572 300 618 fundit
321 573 434 618 inter
456 574 590 619 malos
623 575 910 619 constitutum
942 591 1099 636 corpus
1126 577 1301 621 Christi.
1328 578 1433 637 Ejus

44 645 159 690 enim
175 661 259 690 vox
271 655 333 690 cst
354 646 400 690 in
413 646 531 691 omni
553 647 628 691 tali
642 648 892 707 prophetia,
912 646 1120 708 tanquam
1141 647 1257 693 illius
1271 649 1430 709 inopis,

40 715 88 760 id
110 725 174 760 est
194 717 379 774 egentis,
404 717 601 762 nondum
625 718 793 771 satiati,
819 718 1045 762 esurientis
1073 727 1117 762 et
1141 719 1324 763 sitientis
1337 721 1434 780 jus-

44 786 184 831 titiam
200 788 216 811 ²
234 823 245 842 ,
275 789 345 832 cui
362 788 565 848 quaedam
584 789 785 833 saturitas
809 789 1015 848 promissa
1034 789 1078 832 in
1100 789 1188 832 fine
1220 800 1431 834 servatur.

46 855 226 901 Interim
248 858 318 902 hic
339 874 458 903 nunc
480 858 594 903 sitiat
615 868 659 903 et
671 860 830 903 esuriat
844 895 854 914 ,
871 868 1013 918 gemat
1035 867 1078 903 et
1090 858 1235 919 pulset
1249 869 1292 904 et
1314 876 1436 921 quae-

36 935 124 982 ffrat.
151 929 512 987 Peregrinationis
534 929 748 975 illecebris
783 946 872 975 non
894 930 1158 986 delectetur,
1198 947 1289 975 non
1310 941 1437 991 putet

45 998 228 1058 patriam
251 997 483 1054 saeculum,
516 999 633 1043 unde
665 1010 714 1044 ut
752 1000 965 1044 liberetur
994 1001 1192 1046 Christus
1222 1001 1400 1046 advenit
1424 1022 1433 1047 z

40 1069 147 1130 ²quia
168 1069 366 1114 Christus
398 1079 531 1129 caput
567 1079 765 1114 nostrum
802 1086 892 1115 esse
920 1070 1086 1126 voluit,
1117 1080 1250 1130 caput
1276 1071 1440 1116 scilicet

45 1140 272 1200 'cujusdam
293 1140 498 1199 corporis.
519 1142 619 1185 Non
634 1140 750 1183 enim
773 1149 916 1200 potest
937 1140 1024 1184 dici
1046 1150 1200 1200 caput,
1241 1141 1320 1185 ubi
1342 1157 1442 1186 cor-

38 1216 126 1271 'pus
148 1210 322 1255 nullum
346 1219 410 1255 est
431 1211 501 1256 cui
527 1211 581 1255 sit
607 1221 753 1271 caput.
783 1210 973 1256 Proinde
995 1212 1029 1256 si
1062 1221 1196 1272 caput
1216 1212 1438 1269 Christus,

47 1291 90 1326 et
109 1281 290 1342 alicujus
303 1283 495 1342 corporis
506 1292 638 1342 caput
659 1291 721 1327 est
739 1283 953 1328 Christus.
974 1284 1144 1343 Corpus
1160 1282 1275 1328 illius
1290 1284 1442 1344 capitis

47 1360 193 1397 sancta
212 1352 402 1396 Ecclesia
423 1362 486 1397 est
503 1388 513 1408 ,
533 1353 579 1397 in
596 1354 719 1414 cujus
738 1369 817 1398 nos
828 1353 1038 1398 membris
1058 1369 1231 1410 sumus,
1257 1356 1291 1399 si
1309 1364 1443 1415 caput

47 1431 244 1467 nostrum
267 1422 504 1481 diligimus.
532 1423 774 1467 Audiamus
788 1439 891 1483 ergo
903 1439 1032 1468 voces
1047 1424 1240 1484 corporis
1261 1425 1440 1481 Christi,

49 1492 132 1537 hoc
150 1501 214 1537 est
231 1528 241 1546 ,
261 1505 390 1537 voces
412 1502 580 1537 nostras
598 1529 608 1550 ,
629 1494 664 1537 si
686 1509 836 1538 sumus
855 1494 902 1538 in
925 1495 1086 1539 Christi
1109 1511 1290 1555 corpore
1312 1515 1321 1541 :
1341 1496 1444 1556 quia

49 1563 244 1624 quisquis
257 1563 320 1606 ibi
342 1579 431 1607 non
450 1562 582 1608 fuerit
601 1599 612 1619 ,
638 1564 685 1607 in
706 1565 764 1608 eis
782 1565 864 1608 erit
880 1564 995 1608 inter
1011 1580 1122 1625 quos
1145 1565 1257 1610 illud
1285 1582 1444 1626 corpus

51 1633 195 1692 gemit.
217 1633 404 1678 Proinde
438 1643 514 1678 aut
546 1635 593 1677 in
621 1634 697 1678 illo
718 1649 901 1694 corpore
933 1635 1042 1691 eris,
1082 1645 1134 1680 ut
1156 1650 1299 1694 gemas
1331 1637 1445 1681 inter

50 1702 202 1757 malos,
227 1713 302 1748 aut
322 1719 413 1748 non
435 1704 516 1748 eris
544 1704 590 1747 in
611 1703 687 1749 illo
701 1719 883 1764 corpore
896 1740 906 1760 ,
925 1705 1026 1749 etin
1040 1706 1096 1749 eis
1117 1706 1324 1750 erisinter
1334 1722 1445 1767 quos

51 1772 183 1817 malos
206 1773 339 1832 gemit
360 1789 517 1832 corpus
535 1809 546 1829 ,
576 1773 695 1834 quod
720 1775 853 1832 gemit
872 1775 986 1819 inter
1008 1775 1145 1820 malos
1171 1795 1180 1822 :
1203 1786 1280 1820 aut
1302 1792 1445 1821 mem-

51 1841 179 1887 brum
196 1844 382 1899 Christi,
408 1854 483 1888 aut
500 1845 633 1888 hostis
651 1845 846 1905 corporis
868 1846 1045 1890 Christi.
1067 1849 1157 1893 Nec
1185 1847 1254 1891 isti
1278 1847 1445 1891 inimici

53 1915 96 1958 et
111 1913 342 1958 adversarii
363 1916 553 1974 corporis
577 1915 738 1959 Christi
756 1931 845 1960 uno
862 1915 995 1961 modo
1018 1916 1349 1975 intelliguntur,
1371 1927 1448 1962 aut

16 1973 23 2043 1
53 1999 142 2029 uno
160 1985 292 2028 modo
321 1994 471 2044 agunt.
493 1984 740 2045 Versipellis
773 1995 835 2030 est
867 1986 983 2030 enim
1002 1987 1077 2046 qui
1099 1987 1145 2030 in
1178 1988 1235 2032 eis
1264 1997 1444 2047 regnat,

20 2045 23 2050 ¹
50 2058 98 2099 'et
118 2055 194 2116 qui
214 2056 273 2099 eis
298 2058 437 2099 utitur
466 2065 676 2116 tanquam
708 2057 820 2101 vasis
850 2057 951 2101 suis.
986 2060 1207 2102 Caeterum
1238 2059 1367 2103 multi
1391 2060 1447 2104 ab

56 2123 130 2170 illo
150 2125 410 2181 liberantur,
427 2136 469 2171 et
487 2127 532 2169 in
556 2142 714 2186 corpus
732 2127 893 2171 Christi
909 2137 1137 2172 transeunt
1153 2164 1163 2183 ,
1185 2137 1228 2172 et
1246 2131 1322 2189 qui
1344 2130 1444 2185 sint,

51 2205 101 2240 ·et
120 2205 228 2256 quot
245 2195 384 2240 futuri
397 2197 483 2240 sint
499 2198 621 2241 novit
642 2196 715 2240 ille
733 2197 808 2256 qui
826 2196 923 2242 illos
940 2197 1124 2242 redemit
1144 2200 1356 2258 sanguine
1369 2215 1449 2244 suo

59 2267 310 2311 nescientes.
339 2269 449 2312 Sunt
478 2276 624 2311 autem
655 2267 834 2327 quidam
863 2269 1179 2327 perseveraturi
1208 2269 1254 2312 in
1284 2269 1449 2314 malitia

54 2346 153 2392 sua,
190 2338 246 2382 ad
274 2338 436 2383 Christi
459 2353 615 2397 corpus
647 2354 738 2383 non
760 2340 1058 2398 pertinentes,
1085 2349 1135 2401 et
1169 2341 1250 2400 ipsi
1286 2341 1379 2385 noti
1409 2341 1449 2384 ei

55 2406 228 2467 utique,
257 2408 329 2452 cui
355 2407 465 2452 nihil
486 2408 689 2467 ignotum
712 2417 791 2453 est.
819 2409 999 2453 Interim
1034 2409 1098 2454 illi
1119 2411 1196 2469 qui
1211 2411 1303 2471 jam
1325 2426 1448 2456 com-

0 2455 9 2525 1
55 2480 244 2539 paginati
264 2490 368 2527 sunt
387 2497 490 2526 cum
525 2480 734 2526 membris
756 2481 848 2541 ejus
867 2516 879 2539 ‚
913 2481 1117 2528 nondum
1142 2482 1354 2528 habentes
1375 2497 1448 2527 re-

0 2558 6 2590 f
104 2569 114 2588 ¹
143 2575 157 2597 1
177 2564 256 2600 Tim.
271 2576 319 2608 vr,
339 2576 389 2600 ιο.
406 2581 450 2591 -·-
468 2572 482 2590 ²
500 2565 613 2600 Matth.
635 2576 672 2608 v,
694 2565 728 2598 6.
842 2565 844 2567 ’
