1815 3253
0 253 2 268 ,
0 207 1 211 „

17 1539 19 1569 n„
14 391 22 1529 —-——-——*—--————————-——

399 244 640 276 mmmmm
672 247 717 274 nv
749 243 951 274 rsALMUM
983 246 1130 273 cxxxr.
1374 233 1456 271 197

80 319 200 361 Tunc
223 323 366 359 autem
389 313 568 357 stabunt
589 312 741 371 pedes,
776 311 808 355 si
829 310 1164 370 perseveraveris
1199 311 1243 354 in
1265 311 1453 355 Christo.

77 385 193 441 Quid
212 386 328 429 enim
350 383 508 427 dicitur
525 382 580 427 de
601 381 808 426 diabolo?
825 401 843 423 «
861 381 939 426 llle
960 381 1176 425 homicida
1194 390 1285 424 erat
1303 382 1356 424 ab
1371 381 1457 424 ini-

78 474 100 498 »
133 456 195 500 tio
210 490 221 509 ,
246 463 289 498 et
310 455 355 497 in
372 454 550 497 veritate
573 468 661 496 non
683 453 842 495 stetit1.
864 470 883 492 n
911 450 1079 495 Diaboli
1102 466 1205 509 ergo
1219 449 1350 509 pedes
1367 466 1457 494 non

76 534 303 573 steterunt.
332 529 440 569 Item
463 523 518 569 de
539 524 736 583 superbis
758 521 866 583 quid
888 521 1018 566 dicit?
1035 541 1054 564 «
1071 524 1167 566 Non
1185 521 1331 565 veniat
1351 521 1458 564 mihi

78 617 99 640 »
132 613 207 658 pes
228 596 464 656 superbias,
489 604 532 640 et
561 610 716 639 manus
744 602 1021 653 peccatorum
1046 608 1135 637 non
1161 601 1336 636 moveat
1368 607 1454 635 me.

77 686 99 710 »
135 668 203 712 lbi
225 666 478 712 ceciderunt
494 666 567 726 qui
585 674 820 726 operantur
841 664 1114 724 iniquitatem
1127 698 1138 718 ,
1156 662 1321 722 expulsi
1337 670 1454 717 sunt,

78 756 99 780 »
134 753 214 782 nec
235 745 474 796 potuerunt
491 739 642 781 stare‘2.
668 753 688 776 »
713 738 829 793 Ergo
855 733 1013 778 domus
1040 733 1147 787 Dei,
1177 734 1299 793 cujus
1327 731 1459 792 pedes

75 817 204 852 stant.
234 805 359 851 Unde
386 806 460 850 ille
497 805 690 865 gaudens
712 808 900 850 Joannes
933 803 1040 864 quid
1061 803 1150 847 ait?
1176 823 1195 845 «
1220 803 1306 856 Qui
1327 803 1460 847 habet

78 894 100 918 n
134 892 331 937 sponsam
351 891 533 935 sponsus
556 885 620 921 est
639 912 649 932 ,
677 879 838 921 amicus
859 884 1005 920 autem
1023 875 1167 934 sponsi
1189 882 1272 918 stat
1284 882 1325 918 et
1339 873 1461 917 audit

79 965 100 989 »
134 963 249 992 eum.
279 947 321 992 Si
342 962 432 991 non
466 955 576 997 stat,
614 963 703 992 non
738 947 860 991 audit
896 962 1012 990 eum.
1038 949 1096 990 Et
1120 944 1278 1005 gaudio
1301 943 1462 1004 gaudet

78 1037 100 1061 »
133 1027 311 1078 propter
326 1032 476 1061 vocem
498 1017 644 1077 sponsi
662 1019 694 1060 ³.
724 1035 744 1058 »
764 1017 921 1062 Merito
948 1025 1053 1071 stat,
1070 1016 1172 1076 quia
1189 1025 1368 1076 propter
1387 1030 1463 1059 vo-

76 1104 169 1135 cem
191 1088 334 1148 sponsi
363 1086 536 1145 gaudet.
562 1090 671 1132 Nam
693 1088 726 1131 si
753 1096 932 1147 propter
966 1102 1120 1131 vocem
1153 1101 1276 1130 suam
1299 1084 1463 1144 gaude-

77 1168 167 1214 ret,
193 1158 379 1203 caderet.
407 1160 502 1201 Jam
533 1157 687 1202 videtis
707 1173 810 1217 ergo
844 1172 978 1217 quare
1007 1156 1243 1201 ceciderint
1260 1192 1270 1209 ,
1309 1156 1385 1215 qui
1408 1154 1463 1199 ad

75 1244 227 1275 vocem
249 1244 370 1272 suam
401 1227 608 1287 gaudent.
635 1229 812 1273 Amicus
844 1228 960 1272 enim
984 1227 1055 1271 ille
1083 1228 1228 1287 sponsi
1256 1225 1429 1271 dicebat
1448 1262 1461 1282 ,

80 1320 100 1344 «
135 1301 216 1345 Hic
240 1309 303 1344 est
325 1300 400 1360 qui
428 1300 659 1359 baptizat4.
688 1318 709 1341 η
730 1299 918 1353 Quidam
943 1300 1098 1344 dicunt
1114 1335 1124 1349 ,
1150 1302 1236 1344 Nos
1267 1299 1464 1359 baptiza-

76 1386 187 1415 mus.
214 1371 283 1416 Ad
299 1385 451 1415 vocem
471 1385 594 1413 suam
618 1370 747 1429 gavisi
766 1380 877 1414 stare
899 1386 989 1415 non
1007 1379 1248 1430 potuerunt
1274 1388 1283 1415 ε
1309 1379 1351 1414 et
1374 1386 1464 1414 non

75 1442 296 1502 pertinent
318 1440 372 1484 ad
394 1441 519 1484 istam
547 1439 729 1485 domum
746 1476 757 1496 ,
783 1442 838 1485 de
860 1457 947 1501 qua
970 1441 1151 1497 dicitur,
1182 1460 1202 1483 «
1230 1441 1311 1486 Ubi
1334 1450 1466 1485 stete-

79 1531 99 1554 »
135 1520 239 1555 runt
259 1510 390 1570 pedes
413 1511 517 1570 ejus.
543 1529 563 1552 »

133 1583 230 1626 XV.
257 1599 278 1622 «
302 1583 497 1639 Exurge,
515 1580 721 1636 Domine,
746 1581 791 1624 in
814 1581 1010 1641 requiem
1037 1590 1158 1625 tuam
1173 1583 1204 1625 ⁵.
1228 1599 1248 1623 »
1278 1582 1467 1627 Domino

78 1650 309 1696 dormienti
328 1649 434 1694 dicit
450 1685 460 1705 ,
486 1669 505 1691 «
532 1653 720 1709 Exurge.
749 1669 770 1692 n
793 1653 886 1695 Jam
907 1651 1040 1695 nostis
1062 1652 1158 1711 quis
1175 1651 1381 1696 dormivit
1398 1688 1408 1708 ,
1425 1661 1469 1697 et

79 1722 174 1783 quis
190 1721 434 1764 resurrexit.
463 1724 558 1780 Ipse
583 1721 698 1764 enim
721 1722 911 1781 quodam
930 1722 1026 1766 loco
1056 1721 1161 1766 dicit
1191 1724 1236 1766 in
1266 1723 1437 1768 Psalmo
1453 1758 1465 1780 ,

84 1811 104 1834 «
136 1791 328 1837 Dormivi
357 1791 646 1836 conturbatus
660 1793 692 1835 ⁰.
723 1810 742 1833 )>
765 1795 881 1836 Bene
909 1792 972 1836 illi
1000 1793 1180 1848 dicitur,
1208 1812 1229 1835 «
1259 1797 1433 1853 Exurge
1453 1829 1465 1849 ,

83 1881 103 1904 »
137 1863 321 1907 Domine
340 1897 351 1917 ,
378 1862 424 1904 in
448 1862 642 1922 requiem
663 1871 799 1906 tuam.
827 1881 846 1904 n
874 1865 970 1906 Jam
995 1879 1085 1908 non
1107 1865 1437 1908 conturbaberis
1458 1884 1467 1909 :

85 1953 105 1976 «
139 1934 246 1987 Quia
280 1934 478 1978 Christus
509 1949 690 1992 surgens
721 1949 744 1977 a
767 1934 978 1988 mortuis,
1004 1935 1093 1994 jam
1129 1950 1220 1978 non
1254 1935 1468 1991 moritur,

84 2023 104 2046 »
138 2014 181 2049 et
202 2019 315 2049 mors
339 2005 374 2047 ei
398 2003 513 2048 ultra
537 2019 626 2048 non
649 2004 995 2048 dominabitur7.
1026 2023 1046 2045 »
1070 2005 1208 2064 Ipsius
1237 2015 1300 2050 est
1325 2022 1408 2050 vox
1425 2007 1470 2051 in

82 2074 164 2120 alio
186 2073 357 2119 Psalmo
379 2094 388 2119 :
419 2094 438 2116 «
468 2077 561 2132 Ego
583 2074 768 2119 dormivi
790 2084 833 2119 et
855 2090 1059 2119 somnum
1094 2076 1235 2136 coepi,
1268 2085 1311 2120 ct
1342 2093 1474 2121 exur-

83 2163 104 2187 »
138 2146 250 2197 rexi,
277 2145 486 2204 quoniam
504 2145 715 2205 Dominus
738 2146 940 2205 suscipiet
955 2161 1023 2190 me
1041 2148 1073 2189 8.
1092 2165 1112 2187 »
1128 2149 1225 2206 Ipse
1246 2147 1470 2203 dormivit,

81 2215 161 2275 ipsi
185 2215 367 2270 dicitur,
400 2235 419 2257 «
445 2219 618 2275 Exurge
633 2251 644 2271 ,
665 2216 852 2260 Domine
869 2251 880 2271 ,
904 2217 948 2260 in
971 2218 1165 2277 requiem
1189 2227 1332 2273 tuam,
1358 2228 1408 2262 tu
1430 2227 1474 2263 et

85 2304 106 2327 »
141 2301 237 2329 arca
262 2286 611 2331 sanctificationis
626 2296 729 2331 tuae.
753 2305 773 2328 »
796 2286 846 2332 Id
864 2296 942 2343 est,
958 2291 1153 2347 Exurge,
1170 2297 1221 2333 ut
1234 2299 1414 2348 exurgat
1432 2299 1475 2334 et

84 2371 179 2400 arca
199 2355 547 2400 sanctificationis
570 2366 679 2412 tuae,
712 2373 845 2417 quam
883 2358 1174 2403 sanctificasti.
1213 2362 1310 2419 Ipse
1344 2369 1477 2420 caput

85 2434 277 2471 nostrum
297 2447 308 2483 3
333 2441 429 2470 arca
451 2427 542 2486 ejus
561 2462 572 2481 ,
597 2427 791 2472 Ecclesia
813 2429 908 2488 ejus
935 2430 1149 2474 :surrexit
1164 2430 1302 2490 prior,
1328 2439 1476 2489 surget

133 2528 142 2544 ¹
162 2524 254 2554 Joan.
274 2522 462 2565 viii‚44.—
483 2529 495 2545 ²
515 2523 596 2554 Psal.
617 2529 718 2565 xxxv,
735 2533 787 2563 12,
808 2524 917 2556 13.—
934 2523 948 2548 3
966 2528 1058 2558 Joan.
1075 2537 1120 2567 ni,
1141 2535 1194 2568 29.
1216 2525 1398 2558 —41bid.
1418 2526 1473 2559 26.

91 2575 157 2601 -5
176 2577 255 2611 psal.
279 2589 388 2620 cxxxi,
415 2579 445 2610 8.
468 2596 509 2602 —
534 2577 614 2611 61d.
639 2590 698 2621 Lvi,
722 2579 752 2611 5.
775 2596 816 2602 —
832 2587 845 2612 7
866 2582 956 2612 Rom.
977 2592 1021 2623 vt,
1039 2592 1072 2624 9.
1089 2598 1130 2603 -
1149 2579 1164 2603 '3
1184 2581 1262 2613 Psal.
1284 2592 1330 2622 ni,
1349 2582 1382 2613 6.
