1815 3253
358 218 598 249 ENARRATIO
631 222 674 249 nv
709 219 910 250 PSALMUM
943 225 1120 251 cxxxiv.
1341 213 1424 253 225

40 392 870 412 §VWWQWWUWMMMWWXMMWUMMXWVNMMWW
876 396 1150 413 wmmxwwmmx
1155 397 1428 414 VVBOEMAAWVXWV!

544 528 925 578 ENARRATffl

364 699 420 736 lN
475 697 776 738 PSALMUM
821 698 1083 739 exxxw.

512 842 661 885 Sermo
687 839 742 885 ad
763 839 953 900 plebem.

100 977 134 1018 l.
173 976 318 1017 VALDE
343 973 471 1018 dulce
500 975 626 1018 nobis
660 991 750 1019 esse
778 975 936 1030 debet,
970 985 1012 1019 et
1034 975 1163 1020 dulce
1186 976 1311 1020 nobis
1340 992 1429 1021 csse

39 1044 315 1102 gaudendum
338 1054 401 1088 est
420 1079 431 1098 ‚
469 1060 557 1105 quo
588 1061 665 1089 nos
702 1045 896 1088 Psalmus
919 1046 998 1089 iste
1020 1046 1289 1089 cohortatur.
1317 1047 1430 1090 Dicit

38 1114 181 1158 enim:
216 1133 235 1156 «
264 1113 458 1157 Laudate
488 1129 649 1158 nomen
676 1115 891 1159 Domiui¹.
922 1133 942 1155 »
976 1117 1253 1175 Causamque
1290 1116 1426 1175 ipsam

38 1199 170 1244 quare
191 1186 357 1243 justum
381 1183 435 1227 sit
456 1193 506 1227 ut
538 1182 767 1227 laudemus
790 1199 952 1227 nomen
981 1184 1183 1240 Domini,
1218 1187 1428 1231 continuo

38 1255 220 1315 subjecit
244 1274 252 1298 :
279 1274 296 1296 α
321 1254 515 1298 Laudate
535 1255 643 1298 servi
669 1255 953 1298 Dominum.»
980 1255 1094 1308 Quid
1112 1256 1300 1315 justius?
1321 1257 1425 1318 quid

38 1324 238 1382 dignius?
271 1324 379 1385 quid
413 1325 605 1383 gratius?
629 1325 800 1368 Etenim
835 1324 869 1368 si
900 1341 989 1369 non
1022 1325 1297 1371 laudaverint
1319 1329 1429 1372 servi

11 1413 13 1420 ⁴
37 1396 271 1441 Dominum
292 1417 302 1452 3
322 1396 518 1454 superbi,
544 1396 726 1453 ingrati,
745 1395 972 1454 irreligiosi
993 1407 1135 1440 erunt.
1158 1400 1215 1441 Et
1236 1399 1343 1457 quid
1361 1397 1429 1443 sa-

37 1467 159 1511 ciunt
176 1482 265 1510 non
285 1462 507 1509 laudando
536 1466 769 1509 Dominum
787 1500 797 1519 ,
825 1465 905 1508 nisi
938 1475 987 1509 ut
1019 1482 1217 1510 severum
1241 1469 1430 1513 sentiant

38 1536 456 1595 DominumPNeque
474 1535 591 1577 enirn
610 1551 757 1578 servus
774 1535 982 1592 ingratus,
995 1536 1028 1579 si
1044 1537 1281 1580 Dominum
1301 1553 1429 1583 suum

38 1605 213 1650 laudare
246 1606 465 1659 noluerit,
490 1604 590 1648 ideo
619 1606 751 1648 efficit
779 1614 829 1648 ut
852 1621 998 1649 servus
1024 1621 1113 1649 non
1132 1606 1200 1650 sit.
1229 1608 1423 1664 Laudes,

8 1707 10 1710 -
40 1692 126 1721 non
150 1676 300 1720 laudes
315 1711 325 1730 ,
350 1691 496 1720 servus
519 1691 562 1718 es
580 1709 591 1729 ,
618 1675 693 1718 sed
714 1675 748 1718 si
769 1673 942 1729 laudes,
972 1676 1255 1735 propitiabis,
1281 1678 1314 1722 si
1337 1695 1427 1723 non

39 1746 211 1802 laudes,
245 1745 456 1790 offendes.
490 1749 610 1789 Bona
641 1760 742 1802 ergo
770 1746 1014 1790 exhortatio
1049 1755 1091 1790 et
1123 1746 1269 1805 utilis;
1307 1751 1427 1794 unde

40 1818 170 1875 magis
203 1827 395 1875 satagere
433 1815 643 1859 debemus
672 1814 1047 1875 quemadmodum
1084 1816 1333 1863 laudandus
1373 1821 1425 1865 sit

0 1897 2 1901 ’
41 1890 147 1932 Deus
163 1922 173 1942 ‚
193 1903 321 1947 quam
341 1886 539 1930 dubitare
561 1885 848 1929 laudandum.
880 1905 899 1927 «
926 1886 1121 1931 [audate
1140 1903 1243 1946 ergo
1265 1905 1425 1934 nomen

0 1945 4 1971 ''
43 1974 63 1998 »
99 1957 282 2001 Domini.
313 1975 332 1997 n
368 1959 579 2000 Hortatur
612 1971 690 1999 nos
717 1954 938 2010 Psalmus,
975 1957 1176 2001 hortatur
1203 1973 1282 2002 nos
1316 1963 1425 2004 Pro-

0 2013 189 2087 ’11)ἶιοῑει7
224 2029 521 2072 liortatur'nos
548 2027 731 2085 Spiritus
752 2027 855 2080 Dei,
879 2027 1082 2071 hortatur
1102 2037 1322 2087 postremo
1346 2047 1425 2076 nos

0 2093 6 2101 ’
41 2099 126 2165 ipse
157 2098 366 2142 Dominus
388 2133 398 2152 ,
423 2106 473 2141 ut
504 2096 732 2140 laudemus
754 2097 1005 2141 Dominum.
1031 2100 1129 2142 Non
1149 2099 1263 2142 enim
1281 2100 1426 2146 laudi-

0 2174 19 2203 ἰ
41 2168 118 2212 bus
145 2169 299 2212 nostris
320 2168 394 2211 ille
423 2168 574 2211 erescit
595 2202 605 2221 ,
633 2167 710 2211 sed
740 2183 833 2211 nos.
861 2171 975 2211 Deus
1003 2183 1083 2211 nee
1115 2169 1269 2214 melior
1297 2172 1368 2227 fit,
1390 2174 1426 2218 si

0 2236 8 2244 '
40 2237 306 2294 laudaveris3
341 2252 419 2280 nec
454 2237 670 2291 deterior,
700 2237 732 2280 si
761 2237 1106 2295 vituperaveris:
1135 2240 1211 2282 sed
1249 2249 1298 2284 tu
1331 2242 1424 2287 lau-

0 2307 6 2315 *
41 2307 182 2352 dando
202 2308 367 2351 honuni
378 2342 393 2361 ,
414 2306 566 2350 melior
584 2307 664 2350 eris
684 2327 694 2363 3
717 2306 1024 2365 vituperando,
1045 2307 1234 2352 deterior
1252 2329 1260 2354 :
1282 2311 1424 2358 bonus

0 2371 8 2393 ⁹
42 2387 179 2422 autem
202 2377 275 2420 ille
299 2387 463 2430 manet,
500 2385 550 2419 ut
572 2385 649 2418 est.
684 2376 726 2419 Si
749 2377 864 2419 enim
886 2392 1030 2422 servos
1051 2393 1150 2422 suos
1174 2379 1288 2438 ipsos
1311 2383 1425 2428 bene

0 2444 9 2465 '¹
41 2446 94 2492 de
112 2463 154 2492 se
178 2447 351 2491 meritos
369 2481 379 2501 ,
404 2445 710 2506 praedicatores
736 2447 859 2491 verbi
886 2448 982 2503 sui,
1007 2458 1193 2495 rectores
1220 2451 1425 2497 Ecclesiae
1469 2439 1472 2442 ι

89 2552 96 2566 '
116 2545 192 2577 Psal.
210 2556 335 2585 cxxxiv,
360 2556 387 2576 1.

202 2609 324 2638 cxix.
1194 2602 1241 2640 10
