1856 3268
0 1105 11 2758 .---‚-.,———.—.—..——-—---—-——-————--,————-jss

447 247 690 279 mentitum
721 251 768 278 m
799 247 1003 279 rsALth
1034 250 1134 278 cxx.
1415 240 1465 278 11

144 319 245 362 Vll.
272 307 329 360 Et
350 317 467 376 quis,
487 305 631 376 inquis
649 352 659 371 ,
683 315 897 360 custodiet
919 330 988 359 me
1004 350 1014 370 ,
1040 315 1116 375 qui
1138 330 1227 359 non
1245 314 1467 371 dormitat,

85 404 228 451 neque
249 386 464 432 dormiet?
487 389 600 432 Audi
618 388 724 448 quid
742 384 962 448 sequitur:
984 406 1002 427 «
1025 386 1236 430 Dominus
1257 386 1473 431 custodiet

88 478 109 502 »
143 469 200 504 te.
234 480 249 500 »
275 462 372 503 Non
395 474 497 517 ergo
532 460 665 503 homo
685 459 924 502 dormitans
942 467 983 501 et
1007 457 1251 510 dormiens,
1277 456 1351 501 sed
1382 460 1471 501 Do-

84 531 226 574 minus
244 529 433 573 custodit
455 539 512 573 te.
537 531 768 582 Quomodo
792 538 834 573 te
851 527 1069 573 custodit?
1088 528 1329 571 «Dominus
1352 537 1472 586 tegu-

86 618 107 642 »
145 610 341 644 mentum
375 609 499 643 tuum
521 634 531 653 ‚
568 615 696 658 super
726 615 902 643 manum
943 592 1133 642 dexterae
1173 607 1276 642 tuae.
1311 617 1327 639 (τ
1358 598 1435 642 Eia
1457 633 1468 653 ‚

83 669 236 714 fratres
255 706 264 724 ,
290 669 584 728 intelligamus
618 670 851 730 adjuvante
889 668 1076 713 Domino
1099 667 1205 727 quid
1229 668 1309 711 sibi
1336 666 1468 723 velit,

87 760 106 783 «
143 744 355 785 Dominus
396 749 696 798 tegumentum
738 750 861 783 tuum
906 754 1035 797 super
1066 753 1245 781 manum
1284 737 1472 782 dexterae

85 828 106 851 »
142 819 244 854 tuae.
282 828 302 850 »
331 809 514 852 Videtur
546 810 661 853 enim
692 810 799 853 mihi
834 809 993 853 habere
1015 824 1187 852 sensum
1222 807 1470 863 occultum,

81 896 215 942 quare
234 896 323 924 non
346 880 501 923 dixerit
529 900 536 924 :
567 900 585 921 «
612 882 822 924 Dominus
846 880 1062 924 custodiet
1086 889 1144 933 te,
1169 897 1189 920 »
1211 878 1409 923 absolute
1431 888 1475 923 et

81 950 358 1010 simpliciter3
383 950 457 993 sed
476 950 670 1003 addidit,
707 970 725 992 «
759 954 895 1010 Super
918 966 1095 993 manum
1126 949 1314 993 dexterae
1336 959 1470 992 tuae.»

80 1021 197 1075 Quid
218 1021 331 1064 enim
347 1042 358 1077 3
374 1021 593 1064 dexteram
618 1030 808 1064 nostram
835 1025 946 1064 Deus
968 1020 1174 1072 custodit,
1200 1029 1243 1062 et
1260 1020 1475 1063 sinistram

80 1107 168 1135 non
191 1090 380 1135 custodit
396 1092 413 1132 ‘2
428 1093 581 1135 Nonne
599 1091 690 1150 ipse
714 1107 790 1134 uos
815 1100 926 1134 totos
951 1089 1052 1134 fecit
1067 1092 1083 1132 ’ἲ
1100 1093 1255 1134 Nonne
1273 1090 1349 1150 qui
1372 1088 1477 1133 fecit

79 1161 205 1206 nobis
228 1161 448 1204 dexteram
467 1196 476 1215 ,
505 1161 596 1220 ipse
619 1160 722 1205 fecit
743 1170 786 1204 et
804 1161 1017 1204 sinistram
1036 1162 1054 1204 Ξ)
1077 1164 1302 1204 Postremo
1322 1160 1356 1203 si
1378 1159 1474 1219 pla-

78 1234 170 1278 cuit
202 1233 286 1277 dici
316 1233 371 1276 de
392 1232 566 1276 dextera
592 1231 682 1277 sola
701 1269 710 1286 ,
737 1249 868 1292 qnare
906 1232 1042 1276 dixit:
1075 1251 1094 1274 «
1124 1234 1261 1291 Super
1293 1247 1475 1275 manum

83 1322 101 1344 »
138 1303 329 1346 dexterae
352 1312 439 1346 tuae
455 1338 465 1356 ,
493 1321 513 1343 n
540 1312 583 1347 et
605 1319 695 1347 non
712 1304 800 1363 jam
825 1318 954 1361 super
972 1302 1193 1345 dexteram
1217 1312 1336 1345 tuam
1352 1304 1369 1345 Ρ
1385 1304 1475 1348 Cur

77 1372 160 1417 hoc
184 1373 361 1426 diceret,
380 1374 459 1417 nisi
479 1373 644 1433 aliquid
669 1374 736 1417 hic
760 1373 1000 1428 occultum,
1026 1389 1114 1433 quo
1137 1372 1355 1432 pulsando
1372 1389 1474 1433 per—

77 1444 340 1499 veniremus,
358 1445 673 1488 absconderet?
690 1446 860 1489 Diceret
873 1445 1005 1496 enim,
1028 1454 1102 1488 aut
1117 1464 1135 1485 α
1151 1445 1358 1488 Dominus
1376 1461 1474 1488 cus-

79 1533 100 1556 »
136 1514 272 1558 todiet
297 1525 352 1568 te,
374 1525 454 1558 »et
476 1514 584 1558 nihil
608 1515 788 1559 adderet
811 1535 818 1559 :
842 1525 916 1558 aut
933 1516 966 1558 si
985 1515 1204 1559 dexteram
1224 1515 1383 1559 addere
1401 1531 1475 1560 vo-

75 1585 157 1629 luit
178 1621 189 1639 ,
230 1586 440 1629 Dominus
473 1585 690 1629 custodiet
722 1595 764 1629 te
798 1601 928 1644 super
962 1585 1182 1629 dexteram
1220 1598 1335 1629 tuam
1365 1606 1373 1631 :
1400 1595 1474 1630 aut

75 1665 192 1700 certe
213 1656 315 1715 quia
339 1655 507 1699 addidit
533 1676 552 1697 «
579 1660 777 1711 Manum,
794 1675 814 1698 »
833 1658 916 1701 hoc
939 1657 1118 1712 diceret,
1146 1658 1352 1701 Dominus
1374 1673 1474 1702 cus-

75 1725 212 1770 todiet
234 1735 278 1769 te
301 1741 430 1785 snper
450 1742 629 1770 manum
654 1726 875 1771 dexteram
901 1736 1020 1771 tuam
1041 1763 1051 1782 ,
1077 1744 1166 1772 non
1181 1747 1198 1767 «
1225 1730 1363 1788 Super
1382 1744 1474 1772 ma-

79 1816 97 1838 »
132 1812 240 1840 num
275 1796 463 1841 dexterae
501 1807 605 1841 tuae.
647 1818 664 1839 »
697 1798 827 1851 Quod
862 1799 1073 1843 Dominus
1104 1800 1197 1858 ipse
1239 1815 1470 1859 suggerere

74 1867 280 1924 dignatur
297 1902 308 1921 ,
346 1883 543 1926 promam
579 1868 704 1912 vobis
721 1904 732 1923 ,
769 1869 845 1929 qui
874 1879 917 1913 et
938 1870 983 1913 in
1012 1870 1135 1914 vobis
1159 1870 1351 1925 habitat,
1378 1871 1470 1914 sine

73 1936 210 1981 dubio
243 1937 348 1981 facit
377 1953 452 1981 vos
492 1938 735 1997 approbare
764 1955 915 1983 verum
942 1955 1031 1983 esse
1065 1940 1186 2000 quod
1214 1940 1327 1984 dico.
1359 1944 1468 1985 Nam

73 2007 180 2066 quid
202 2006 360 2050 dicturi
382 2023 530 2051 surinus
552 2008 773 2065 ignoratis,
799 2008 874 2052 sed
896 2025 996 2053 cum
1023 2009 1276 2064 dixerimus,
1303 2026 1392 2054 non
1411 2010 1465 2054 ab

73 2077 171 2136 ipsis
201 2078 326 2120 nobis
360 2078 483 2121 vobis
516 2078 795 2122 ostendemus
816 2095 967 2123 verum
993 2095 1082 2123 esse
1104 2081 1226 2140 quod
1249 2081 1434 2124 dicimus
1452 2116 1463 2136 ,

74 2148 148 2192 sed
166 2165 240 2192 vos
261 2149 341 2206 ipsi
364 2150 601 2207 agnoscetis
616 2165 767 2193 verum
786 2165 875 2194 esse
893 2150 1013 2209 quod
1035 2150 1236 2195 dicimus.
1251 2151 1376 2195 Unde
1394 2167 1465 2195 au-

72 2227 158 2262 tem
179 2221 434 2278 agnoscetis,
451 2221 530 2264 nisi
545 2221 871 2264 demonstrante
894 2221 968 2265 illo
986 2221 1062 2280 qui
1082 2222 1124 2264 in
1138 2222 1260 2265 vobis
1278 2222 1461 2276 habitat,

71 2290 116 2332 in
133 2299 344 2348 quantum
364 2289 418 2332 de
431 2289 506 2334 illo
526 2306 709 2334 numero
727 2291 841 2345 estis,
859 2307 1048 2351 quorum
1071 2307 1156 2335 vox
1181 2301 1261 2346 est,
1278 2311 1293 2330 «
1309 2295 1371 2336 Ne
1390 2292 1464 2336 des

77 2380 94 2402 »
111 2360 164 2404 ad
181 2361 444 2404 movendum
458 2363 615 2421 pedem
631 2378 776 2406 meum
795 2382 802 2406 z
821 2383 837 2403 »
855 2364 1067 2423 etquibus
1081 2363 1263 2407 dicitur:
1281 2367 1464 2424 «Neque

75 2449 95 2471 »
115 2431 321 2476 dormitet
336 2433 410 2492 qui
424 2433 614 2477 custodit
630 2443 671 2477 te
687 2436 734 2478 P»
752 2436 935 2493 Oportet
946 2434 1061 2478 enim
1078 2444 1128 2478 ut
1149 2435 1346 2479 Christus
1372 2451 1462 2479 non

72 2501 257 2546 dormiat
278 2504 323 2546 in
350 2504 472 2547 vobis
491 2539 501 2558 ,
527 2514 570 2548 et
592 2505 723 2549 modo
758 2505 1007 2563 intelligetis
1029 2521 1182 2550 verum
1216 2521 1305 2550 esse
1339 2505 1461 2565 quod

71 2573 268 2618 dicimus.
296 2575 528 2627 Quomodo
550 2576 748 2634 inquies?
770 2577 880 2628 Quia
903 2577 938 2620 si
954 2575 1142 2621 dormiat
1163 2577 1271 2621 fides
1290 2585 1453 2632 vestra,
