1815 3253
355 185 438 223 218
785 191 821 221 s.
855 191 1088 223 Aueusmnn
1119 194 1302 222 Emscom

352 267 420 302 rat
438 257 494 302 ab
515 257 610 317 ipso
629 257 769 317 capite
782 292 793 312 ,
815 276 835 299 «
854 257 1028 317 Diligite
1044 258 1239 303 inimicos
1255 266 1417 302 vestros
1432 291 1444 313 ,
1462 266 1506 301 et
1521 266 1641 302 orate
1653 273 1732 318 pro
1764 250 1768 254 ’

354 346 374 370 ))
412 328 471 371 eis
495 327 573 388 qui
603 343 678 371 vos
703 337 1024 387 persequuntur
1043 330 1074 372 ¹.
1115 348 1132 370 »
1161 328 1370 373 Audierat
1392 328 1449 372 ab
1474 328 1567 387 ipso
1594 329 1733 388 capite

350 397 570 457 pendente
588 397 634 441 in
656 413 808 451 cruce,
833 406 876 441 et
897 397 1094 442 dicente:
1124 416 1145 440 «
1164 402 1290 443 Pater
1313 399 1486 457 ignosce
1506 397 1611 454 illis,
1633 399 1735 458 quia
1794 435 1796 440 .

352 487 373 511 »
410 469 609 513 nesciunt
631 467 737 528 quid
759 468 926 512 faciunt
947 471 980 512 2.
1016 487 1036 510 »
1057 471 1122 513 Eo
1140 469 1270 514 modo
1292 484 1393 527 ergo
1414 478 1691 528 unguentum
1711 485 1735 515 a

350 541 489 599 capite
502 539 782 584 descenderat
795 540 842 583 in
855 540 1034 584 barbam
1051 561 1062 598 3
1077 541 1178 600 quia
1189 550 1232 585 et
1248 540 1320 585 ille
1335 556 1434 585 cum
1446 540 1736 600 lapidaretur,

350 611 434 654 fixo
458 625 574 668 genu
597 609 655 653 ait
682 627 691 653 :
722 627 741 650 «
757 609 957 664 Domine,
972 625 1027 653 ne
1042 609 1294 654 statuasillis
1315 611 1398 655 hoc
1419 612 1683 670 peccatum3.
1710 629 1731 653 »

410 682 488 724 IX.
525 682 642 738 Ergo
667 678 730 723 illi
756 688 962 739 tanquam
990 680 1125 723 barba
1146 689 1282 724 erant.
1317 680 1447 725 Multi
1467 680 1583 725 enim
1604 679 1736 726 fortes

350 759 494 804 erant,
520 759 563 793 et
584 748 743 793 multas
761 749 1082 808 persecutiones
1109 751 1220 808 passi
1243 758 1359 793 sunt.
1388 748 1473 794 Sed
1489 750 1523 794 si
1545 765 1687 810 neque
1712 767 1736 795 a
1788 776 1794 790 .·

350 819 486 863 barba
507 819 800 863 descendisset
820 828 1112 878 unguentum,
1132 819 1266 864 modo
1282 820 1540 864 monasteria
1557 835 1648 865 non
1663 821 1738 865 ha-

350 889 566 933 beremus.
602 889 686 934 Sed
713 890 814 950 quia
837 889 1062 954 descendit
1093 899 1137 934 et
1156 890 1201 933 in
1224 905 1345 934 oram
1372 890 1617 934 vestimenti
1639 909 1648 934 :
1678 891 1736 936 sic

350 960 466 1003 enim
491 959 551 1002 ait
577 953 634 1003 εἰ(
661 959 789 1012 Quod
818 959 1042 1004 descendit
1070 960 1117 1003 in
1144 975 1264 1004 oram
1284 959 1530 1004 vestimenti
1552 961 1642 1019 ejus
1672 980 1682 1005 ε
1712 979 1733 1004 >i

350 1038 496 1073 secuta
517 1038 581 1073 est
608 1029 821 1085 Ecclesia,
854 1030 909 1073 de
934 1039 1051 1073 veste
1074 1030 1247 1074 Domini
1269 1030 1438 1089 peperit
1459 1031 1734 1076 monasteria.¹
1780 1025 1781 1028 ¹

350 1102 459 1145 Nam
479 1101 608 1144 vestis
631 1099 908 1144 sacerdotalis
930 1099 1166 1144 Ecclesiam
1189 1100 1417 1158 significat.
1445 1103 1542 1159 Ipsa
1563 1110 1627 1145 est
1646 1115 1739 1146 ves-.-

350 1171 404 1216 tis
422 1171 477 1214 de
493 1186 578 1230 qua
602 1170 708 1214 dicit
736 1170 970 1230 Apostolus
997 1190 1006 1215 ;
1030 1189 1048 1211 «
1086 1173 1143 1214 Ut
1163 1171 1388 1214 exhiberet
1407 1170 1489 1214 sibi
1510 1170 1747 1230 gloriosam

356 1260 372 1281 »
409 1240 645 1284 Ecclesiam
661 1275 672 1296 ,
698 1256 786 1285 non
809 1241 1042 1284 habentem
1057 1240 1288 1295 maculam,
1313 1255 1456 1300 neque
1478 1256 1631 1299 rugam
1655 1243 1688 1286 4.
1713 1259 1737 1291 i»
1803 1289 1805 1295 ,

353 1310 618 1366 Mundatur,
643 1319 693 1354 ut
715 1327 805 1355 non
832 1311 991 1355 habeat
1011 1310 1254 1368 maculam3
1279 1311 1553 1367 extenditur,
1579 1321 1631 1356 ut
1651 1327 1741 1359 non
1807 1311 1809 1331 ³

350 1380 510 1424 habeat
533 1396 699 1438 rugam.
729 1381 810 1425 Ubi
833 1396 928 1424 eam
949 1381 1141 1424 extendit
1167 1379 1299 1436 fullo,
1324 1381 1405 1424 nisi
1431 1382 1477 1425 in
1497 1381 1644 1440 ligno?
1664 1382 1740 1427 Vi-
1799 1438 1803 1444 ,

352 1450 504 1495 demus
533 1452 730 1512 quotidie
752 1468 776 1496 a
798 1450 1040 1496 fullonibus
1064 1453 1232 1496 tunicas
1263 1452 1452 1512 quodam
1481 1452 1613 1497 modo
1641 1469 1741 1501 cru-2·
1786 1442 1807 1486 θ’

350 1522 464 1580 cifigi
495 1541 504 1567 ε
532 1523 870 1582 crucifiguntur,
902 1532 952 1567 ut
983 1538 1134 1582 rugam
1164 1538 1255 1567 non
1283 1523 1488 1577 habeant.
1525 1524 1643 1577 Quid
1677 1533 1742 1570 est
1779 1551 1783 1554 <

342 1607 453 1650 ergo
479 1608 552 1637 ora
579 1594 850 1637 vestimenti?
870 1596 1040 1637 Fratres
1063 1593 1172 1647 mei,
1197 1593 1243 1636 in
1265 1608 1340 1637 ora
1361 1593 1741 1653 vestimenti‘quid
1803 1601 1805 1606 ⁴

351 1663 570 1722 accepturi
605 1665 782 1708 sumus?
811 1664 896 1706 Ora
912 1698 923 1718 ,
948 1663 1046 1706 finis
1067 1664 1312 1707 vestimenti
1334 1672 1411 1708 est.
1445 1664 1562 1716 Quid
1585 1679 1740 1723 accep-v

351 1735 439 1779 turi
468 1751 617 1780 sumus
647 1735 691 1779 in
721 1735 808 1779 fine
838 1735 1113 1779 vestimenti?
1147 1738 1215 1779 An
1247 1734 1348 1794 quia
1379 1735 1425 1778 in
1457 1735 1544 1779 fine
1571 1742 1741 1794 tempo÷
1787 1739 1791 1751 ¹

351 1821 447 1849 rum
476 1806 677 1850 habitura
705 1815 796 1850 erat
819 1805 1011 1850 Ecclesia
1048 1804 1199 1849 fratres
1222 1806 1466 1849 habitantes
1494 1806 1540 1849 in
1569 1807 1741 1852 unum?

351 1878 420 1919 An
449 1876 493 1919 in
525 1891 599 1920 ora
628 1874 939 1935 perfectionem
967 1874 1272 1934 intelligimus,
1298 1875 1399 1935 quia
1424 1876 1469 1919 in
1503 1891 1577 1919 ora
1607 1877 1740 1920 vesti-‘⁶
1784 1902 1785 1906 =

352 1957 549 1990 mentum
573 1948 817 2005 perficitur,
842 1956 886 1991 et
904 1947 965 1990 illi
987 1945 1164 2005 perfecti
1189 1947 1265 2006 qui
1288 1955 1450 1990 norunt
1477 1946 1674 1991 habitare
1695 1941 1755 1993 in¹

353 2020 520 2062 unum?
543 2017 612 2061 Illi
634 2017 816 2077 perfecti
839 2019 915 2078 qui
943 2018 1084 2075 legem
1111 2017 1310 2076 implent,
1336 2016 1566 2070 Quomodo
1596 2026 1740 2063 autem

352 2087 560 2146 impletur
582 2088 650 2132 lex
675 2088 834 2133 Christi
858 2089 913 2132 ab
937 2088 996 2132 eis
1021 2088 1097 2148 'elui
1116 2087 1317 2132 habitant
1337 2086 1488 2131 fratres
1511 2087 1556 2131 in
1578 2089 1742 2133 unum?
1771 2108 1775 2109 ⁷

353 2157 469 2202 Audi
493 2159 750 2216 Apostolum
766 2193 778 2212 ,
808 2177 827 2199 «
855 2159 1047 2202 Invicem
1076 2174 1207 2202 onera
1237 2167 1376 2202 vestra
1400 2167 1595 2217 portate,
1620 2168 1664 2203 et
1685 2159 1742 2204 sin
1805 2207 1807 2215 Ι

358 2247 378 2269 »
413 2227 648 2287 implebitis
677 2228 815 2287 legem
848 2229 1007 2273 Christi
1032 2230 1062 2272 ⁵.
1101 2246 1121 2269 n
1156 2232 1259 2273 Haec
1288 2239 1352 2273 est
1383 2245 1458 2274 ora
1478 2229 1738 2274 vestimenti&

356 2300 610 2354 Quomodo,
647 2299 799 2344 fratres
823 2300 927 2354 mei,
958 2299 1260 2357 intelligimus,
1286 2316 1418 2360 quam
1454 2315 1574 2344 oram
1603 2300 1740 2356 dicat,

356 2384 444 2428 quo
467 2370 611 2428 potuit
633 2369 896 2414 descendere
919 2371 1220 2427 unguentum?
1244 2373 1340 2415 Non
1358 2379 1467 2430 puto
1487 2370 1606 2430 quod
1625 2370 1747 2415 orani*
1813 2407 1815 2414 Α

402 2471 411 2488 ¹
432 2464 547 2496 Matth.
563 2475 595 2504 v,
615 2463 668 2505 44.
686 2481 729 2488 -·
747 2471 759 2487 ²
778 2466 855 2496 Luc.
871 2475 960 2502 xxiii,
984 2463 1037 2503 34.
1060 2481 1102 2487 -
1123 2463 1136 2488 3
1154 2465 1226 2496 Act.
1247 2475 1302 2502 vn,
1330 2464 1383 2506 59.
1404 2481 1446 2487 —
1465 2462 1479 2493 4
1498 2464 1612 2507 Ephes.
1628 2477 1661 2506 v,
1681 2459 1734 2508 αφ’.

353 2535 394 2542 «-
413 2517 428 2542 5
446 2519 550 2552 Galat.
574 2529 617 2559 vi,
637 2528 669 2551 2.
