1815 3253
355 171 436 208 132
782 177 816 206 S.
852 178 1080 208 Auens‘rim
1115 181 1293 208 EPISCOPI

349 244 547 287 laborum
565 277 575 296 ‚
603 243 678 300 qui
701 242 920 286 venientes
945 244 1122 288 venient
1144 259 1243 288 cum
1264 242 1529 286 exultatione
1552 251 1727 301 portau-

350 323 413 358 tes
436 312 677 372 manipulos
695 314 825 356 suos?
842 315 898 356 Et
915 322 964 357 ut
987 315 1205 368 noveritis,
1232 314 1397 366 fratres,
1420 313 1520 372 quia
1543 313 1729 357 mandu-

351 393 472 428 catur
489 384 615 429 labor
635 384 737 438 iste,
763 384 806 426 in
836 383 1055 442 superiore
1080 383 1247 429 Psalmo
1265 383 1442 428 audistis
1466 383 1632 427 dictum
1654 399 1729 427 su-

347 455 519 514 perbis,
555 454 630 514 qui
659 463 757 497 ante
787 452 928 497 lucem
962 453 1167 498 volebant
1194 469 1393 512 surgere,
1433 453 1478 496 id
1513 463 1596 508 est,
1631 463 1729 498 ante

349 527 571 572 Christum
588 561 598 581 ‚
625 540 714 569 non
736 540 813 584 per
841 524 1128 568 humilitatem
1146 561 1156 580 ‚
1187 541 1274 585 qua
1302 524 1484 568 surrexit
1502 524 1696 568 Christus
1717 543 1726 569 :

350 596 517 641 dictum.
539 605 601 640 est
623 595 705 639 illis
729 614 738 640 ;
767 614 788 637 «
806 595 975 653 Surgite
997 603 1279 655 posteaquam
1299 594 1463 638 sedistis
1478 596 1490 620 1
1508 613 1516 638 :
1541 611 1561 635 »
1586 593 1632 637 id
1649 603 1726 650 est,
1768 586 1769 589 Ἴ

350 666 661 720 humiliamini,
682 674 726 709 et
747 665 848 709 inde
869 664 1029 723 surgite
1050 685 1061 722 3
1081 665 1182 725 quia
1205 676 1244 708 et
1258 663 1330 708 ille
1349 663 1571 707 humiliari
1587 664 1728 720 venit,

348 738 424 796 qui
454 735 663 779 exaltatus
693 743 755 778 est
782 744 960 794 propter
986 749 1076 778 vos.
1113 737 1169 778 Et
1198 733 1306 793 quid
1337 732 1504 777 dictum
1527 735 1618 777 est‘?
1649 734 1732 786 Qui

350 806 620 850 manducatis
636 820 793 864 panem
815 804 991 849 doloris.
1014 807 1099 849 Iste
1121 813 1184 848 est
1204 804 1329 848 labor
1345 803 1586 859 fructuum,
1611 804 1733 863 panis

349 876 523 920 doloris.
556 875 645 920 Nisi
675 875 791 918 enim
824 875 1162 919 manducaretur
1180 909 1191 930 ‚
1229 890 1318 918 non
1347 874 1564 918 diceretur
1592 874 1729 933 panis.

348 947 437 991 Nisi
461 954 606 989 autem
631 945 811 988 haberet
832 944 1022 1005 aliquam
1049 945 1300 990 suavitatem
1326 944 1448 1003 panis
1479 944 1581 999 iste,
1606 959 1734 988 nemo

348 1016 473 1060 illum
500 1015 797 1059 manducaret.
824 1016 936 1058 Cum
970 1024 1133 1074 quanta
1166 1014 1376 1059 suavitate
1410 1014 1552 1073 plorat
1585 1015 1630 1058 in
1659 1029 1734 1072 ge·
1767 1028 1769 1054 2

349 1087 459 1130 mitu
475 1120 486 1140 ‚
512 1085 586 1145 qui
609 1093 702 1128 orat
719 1083 972 1128 ?Dulciores
994 1093 1095 1128 sunt
1115 1084 1320 1142 lacrymae
1343 1087 1576 1139 orantium,
1603 1099 1734 1145 quam
1767 1118 1769 1144 ἶ

350 1156 506 1215 gaudia
523 1157 806 1199 theatrorum.
828 1157 886 1198 Et
903 1154 1005 1198 audi
1024 1155 1243 1199 flammam
1265 1155 1463 1199 desiderii
1482 1190 1493 1210 ‚
1514 1171 1600 1215 qua
1618 1171 1735 1200 man-

354 1228 540 1271 ducatur
562 1227 652 1285 ipse
674 1225 796 1285 panis
811 1260 822 1279 ‚
849 1226 903 1268 de
920 1241 1008 1285 quo
1030 1225 1101 1269 hic
1123 1225 1251 1269 dicit:
1273 1225 1355 1277 Qui
1372 1224 1642 1268 manducatis
1664 1241 1735 1284 pa-

352 1313 453 1341 nem
483 1295 642 1340 doloris
664 1314 673 1339 :
707 1295 790 1339 alio
812 1294 909 1339 loco
932 1295 1037 1339 dicit
1058 1310 1203 1338 amans
1225 1295 1305 1338 iste
1325 1329 1336 1349 ‚
1361 1295 1484 1353 cujus
1507 1310 1659 1338 vocem
1691 1295 1735 1339 in
1766 1329 1768 1350 ἲ

355 1366 521 1411 Psalmo
545 1365 802 1425 plerumque
824 1364 1096 1423 agnoscimus
1115 1399 1125 1419 ,
1154 1367 1218 1408 «F
1225 1373 1331 1408 actoe
1353 1374 1453 1408 sunt
1467 1365 1574 1408 mihi
1594 1365 1737 1423 lacry-

355 1456 376 1479 »
412 1452 494 1480 mre
511 1451 618 1479 meze
635 1435 754 1493 panis
772 1433 841 1477 die
856 1450 903 1477 ac
921 1437 1117 1478 nocte2.»
1133 1434 1257 1478 Unde
1274 1433 1399 1479 factae
1416 1444 1517 1479 sunt
1533 1435 1737 1492 lacrymae

353 1507 507 1567 panis?
531 1509 642 1549 Dum
666 1504 824 1547 dicitur
845 1504 948 1547 mihi
964 1504 1159 1563 quotidie
1178 1523 1186 1549 ;
1207 1504 1323 1548 «Ubi
1341 1514 1404 1549 est
1431 1508 1544 1549 Deus
1567 1508 1698 1549 tuus?
1714 1523 1733 1547 »

355 1581 600 1636 Antequam
626 1577 739 1617 enim
761 1573 981 1617 videamus
1005 1589 1102 1617 eum
1123 1574 1198 1633 qui
1220 1590 1296 1619 nos
1318 1573 1494 1629 dilexit,
1516 1575 1590 1634 qui
1613 1575 1737 1619 nobis

355 1647 511 1706 pignus
536 1644 683 1697 dedit,
714 1642 783 1687 cui
807 1642 1052 1702 desponsati
1077 1658 1225 1686 sumus
1240 1678 1250 1698 ,
1270 1643 1483 1688 insultant
1506 1644 1631 1688 nobis
1655 1648 1738 1689 Pa-

359 1716 484 1774 gani,
512 1723 554 1758 ct
576 1712 728 1758 dicunt
755 1732 762 1756 :
790 1712 873 1756 Ubi
895 1722 958 1756 est
980 1713 1101 1772 quod
1123 1711 1275 1756 colunt
1291 1713 1523 1757 Christiani
1541 1716 1559 1757 P
1579 1717 1738 1759 Osten-

358 1787 464 1830 dant
495 1785 618 1829 nobis
649 1798 779 1843 quem
816 1783 981 1827 colunt.
1019 1786 1133 1828 Ecce
1164 1798 1245 1842 ego
1278 1784 1460 1828 ostendo
1492 1783 1575 1828 illis
1605 1791 1738 1829 Deum
1764 1814 1766 1827 ι

358 1870 526 1909 meum,
552 1862 595 1898 et
616 1854 694 1912 ipsi
716 1852 948 1897 ostendant
969 1853 1076 1896 mihi
1094 1856 1230 1897 Deum
1253 1869 1396 1897 suum.
1422 1855 1533 1898 Cum
1554 1856 1635 1898 tibi
1656 1855 1738 1899 hoc
1764 1845 1765 1869 ³

359 1926 465 1971 dicit
487 1929 706 1983 Paganus,
731 1939 819 1967 non
846 1923 1012 1968 invenis
1033 1922 1153 1983 quod
1184 1923 1246 1967 illi
1273 1924 1471 1968 ostendas
1493 1946 1503 1981 3
1529 1926 1630 1985 quia
1651 1941 1738 1970 non

361 2005 425 2039 est
452 1994 522 2038 cui
544 1991 758 2038 ostendas.
790 1992 919 2035 Redis
951 2008 1076 2051 crgo,
1101 2001 1143 2036 et
1174 1992 1339 2052 plangis
1364 1992 1417 2036 ad
1441 1996 1576 2038 Deum
1605 2015 1613 2039 ε
1639 1996 1740 2055 quia

361 2065 426 2110 illi
454 2065 638 2124 suspiras
655 2098 664 2116 ‚
695 2071 928 2122 antequam
957 2063 1101 2107 videas
1125 2072 1168 2107 et
1194 2063 1405 2108 desiderio
1426 2065 1556 2123 ipsius
1578 2067 1738 2124 gemis3
1763 2086 1764 2089 ¹

363 2145 407 2180 et
425 2135 526 2195 quia
547 2135 592 2177 in
610 2133 740 2192 ipsius
763 2131 975 2176 desiderio
998 2131 1139 2191 ploras
1159 2168 1169 2187 ‚
1195 2132 1343 2177 dulces
1365 2144 1467 2178 sunt
1488 2145 1531 2179 et
1551 2136 1654 2195 ipsae
1675 2137 1740 2180 la-
1762 2167 1763 2178 i

364 2220 525 2263 crymae
546 2239 556 2259 ,
588 2213 629 2247 et
669 2218 748 2262 pro
775 2203 874 2246 cibo
895 2201 973 2246 tibi
996 2212 1122 2246 erunt
1142 2237 1152 2257 ‚
1184 2203 1285 2262 quia
1308 2202 1432 2247 l'actae
1468 2214 1568 2249 sunt
1589 2207 1669 2250 tihi
1701 2215 1741 2250 et

364 2276 469 2334 ipsae
491 2274 614 2333 panis
637 2272 704 2316 die
720 2288 768 2316 ac
792 2281 941 2326 nocte,
963 2270 1067 2315 dum
1087 2272 1245 2316 dicitur
1262 2273 1342 2316 tibi
1363 2274 1558 2334 quotidie
1579 2294 1587 2319 ε
1619 2295 1637 2318 «
1658 2275 1741 2320 Ubi
1762 2270 1763 2287 ³

366 2364 386 2386 »
424 2353 487 2388 est
519 2347 632 2387 Deus
664 2344 795 2386 tuus?
816 2359 835 2382 »
861 2340 943 2385 Sed
978 2342 1123 2386 veniet
1155 2345 1269 2386 Deus
1301 2352 1401 2387 tuus
1422 2379 1432 2398 ‚
1473 2344 1527 2388 de
1561 2361 1649 2404 quo
1676 2345 1763 2392 di-;

366 2415 477 2460 citur
505 2433 512 2458 :
546 2432 564 2453 «
587 2412 669 2456 Ubi
698 2414 790 2455 est?
822 2429 842 2451 n
875 2420 917 2454 et
949 2410 1163 2469 absterget
1190 2411 1427 2470 lacrymas3
1444 2449 1454 2469 ,
1490 2423 1532 2458 et
1554 2415 1642 2474 ipse
1662 2431 1739 2475 pro

415 2506 422 2521 ¹
447 2499 701 2536 Psat.cxxv1‚2.
730 2513 769 2518 -⁴
792 2503 802 2519 ‘
829 2495 875 2527 m.
899 2506 962 2537 xm,
985 2495 1014 2537 4.
1035 2513 1070 2519 —-·
1094 2495 1106 2519 3
1125 2499 1223 2538 Αμοο,
1247 2508 1308 2539 xm,
1328 2497 1360 2539 4.
