1815 3253
348 196 431 235 514
768 205 801 233 s.
836 204 1068 234 Auousnm
1098 207 1279 235 EPIScom

335 272 437 316 inde
460 269 626 331 aliquid
650 269 820 315 carnale
850 271 1137 331 conquiritur.
1175 274 1238 316 De
1271 270 1401 314 rebus
1434 269 1594 335 vilibus
1617 267 1725 329 quid

333 357 449 386 emas
468 340 660 385 attende.
686 339 920 399 Apostolus
942 340 1059 384 enim
1083 340 1166 396 ait,
1192 339 1427 385 ostendens
1441 339 1616 385 foenum
1638 353 1731 383 esse

330 410 442 456 illud
457 445 468 465 ,
498 430 519 453 «
546 410 588 455 Si
610 426 687 455 nos
707 410 830 454 vobis
851 409 1057 470 spiritalia
1071 411 1406 466 seminavimus,
1435 424 1646 468 magnum
1667 416 1736 453 est

333 498 353 522 »
388 481 422 525 si
443 489 583 526 vestra
615 479 801 524 carnalia
832 481 1099 525 metamus1?
1127 498 1148 522 »
1175 482 1234 525 Et
1268 480 1374 525 audi
1413 480 1517 540 quia
1539 477 1730 523 carnalia

329 550 503 595 foenum
524 559 641 594 sunt.
667 569 688 593 «
712 550 865 594 Omnis
887 565 986 595 caro
1006 548 1179 594 foenum
1203 585 1215 606 ‚
1240 559 1285 595 et
1305 550 1446 596 omnis
1468 549 1640 595 claritas
1654 549 1736 593 ho-

330 638 350 662 »
372 620 496 665 minis
513 629 563 664 ut
577 620 656 664 flos
672 618 821 663 foeni2.
837 621 986 679 »Ergo
1008 619 1082 664 ille
1101 620 1236 665 tristis
1258 620 1484 677 abscessit3
1505 629 1549 664 et
1566 622 1626 664 ait
1642 621 1731 663 Do·
1765 663 1768 666 Δ
1787 661 1790 665 .
1814 650 1815 674 ;

329 690 472 735 minus
486 725 497 746 ,
514 708 534 732 «
553 692 694 743 Quam
706 689 883 735 difficile
902 689 1020 736 dives
1032 691 1167 736 intrat
1195 691 1242 735 in
1253 705 1438 749 regnum
1452 690 1727 735 coelorum.»

330 762 423 805 Hoc
446 775 548 819 ergo
572 776 783 819 magnum
800 795 812 817 ‚
837 761 941 821 quia
968 780 989 804 «
1012 761 1184 806 Exoriri
1205 758 1309 806 facit
1328 760 1377 805 in
1398 760 1626 805 montibus
1641 757 1729 803 foe-

333 847 354 872 »
388 845 496 874 num
514 865 525 886 ,
553 848 574 872 »
612 832 670 874 Et
690 829 914 891 quomodo
941 850 962 874 «
986 831 1156 876 Exoriri
1184 830 1289 877 facit
1311 831 1358 875 in
1384 830 1610 876 montibus
1632 829 1722 873 foe-

331 917 352 940 »
387 915 497 944 num
516 935 528 955 ‚
557 919 576 942 »
598 900 635 944 si
649 898 768 946 dives
789 901 863 945 ille
886 900 1036 946 audito
1058 900 1180 962 quod
1201 917 1267 946 res
1289 917 1386 946 suas
1409 900 1592 946 deberet
1620 898 1724 944 dare

330 970 621 1030 pauperibus,
649 972 778 1016 tristis
801 972 1038 1018 abscessit?
1061 973 1291 1027 Quomodo
1323 981 1472 1033 postea
1498 969 1727 1031 respondit

329 1041 546 1101 Apostolis
569 1042 863 1088 contristatis?
898 1063 918 1087 «
949 1049 1055 1098 Quae
1085 1045 1336 1089 hominibus
1369 1042 1565 1100 difficilia
1597 1050 1723 1097 sunt,

332 1129 353 1153 »
392 1115 478 1156 Deo
502 1111 642 1157 facilia
657 1115 800 1158 sunt3.
829 1131 850 1154 »
876 1117 991 1171 Ergo
1010 1114 1083 1158 ille
1115 1133 1137 1157 «
1162 1110 1330 1159 Eiroriri
1361 1113 1463 1158 facit
1485 1113 1532 1158 in
1559 1111 1726 1157 monti-

334 1199 354 1222 »
390 1182 506 1225 tibus
525 1182 699 1226 foenum
718 1217 729 1237 ‚
757 1201 777 1225 »
804 1182 876 1227 cui
898 1184 1045 1227 omnia
1057 1183 1200 1228 facilia
1221 1193 1340 1228 sunt.
1360 1186 1471 1230 Nam
1483 1182 1593 1226 nihil
1615 1190 1733 1226 esset

331 1250 519 1295 sterilius
541 1251 779 1295 durissimis
801 1252 1039 1296 montibus.
1068 1253 1185 1297 Pluit
1207 1252 1304 1308 ille,
1334 1272 1355 1295 «
1383 1253 1469 1306 Qui
1490 1251 1596 1296 facit
1621 1267 1727 1297 exo-

338 1339 358 1363 »
384 1321 456 1365 riri
468 1322 514 1365 in
530 1322 752 1365 montibus
767 1320 959 1378 foenum,
978 1332 1022 1367 et
1034 1323 1218 1368 herbam
1235 1323 1433 1369 servituti
1446 1323 1723 1367 hominum.»

334 1392 417 1437 Cui
443 1411 463 1434 «
486 1392 717 1437 Servituti?
741 1411 760 1434 »
786 1395 936 1452 Ipsum
958 1393 1144 1438 Paulum
1161 1392 1352 1438 attende.
1387 1412 1408 1436 «
1432 1395 1520 1439 Nos
1547 1402 1697 1437 autem
1713 1426 1725 1448 ‚

338 1480 359 1503 »
393 1462 538 1522 inquit
553 1498 563 1518 ‚
591 1478 733 1507 servos
754 1472 918 1508 vestros
940 1479 1016 1522 per
1038 1466 1187 1508 Jesum
1215 1463 1478 1508 Christum4.
1502 1482 1522 1505 »
1551 1463 1635 1517 Qui
1650 1461 1720 1506 di-

336 1533 464 1578 cebat
479 1567 491 1590 ‚
521 1553 541 1576 «
568 1534 611 1578 Si
633 1549 710 1578 nos
725 1534 847 1579 vobis
865 1534 1072 1594 spiritalia
1093 1534 1422 1590 seminavimus,
1438 1548 1650 1593 magnum
1665 1541 1730 1578 est

339 1621 358 1645 »
395 1603 430 1647 si
451 1612 591 1648 vestra
611 1603 798 1648 carnalia
818 1606 1056 1649 metamus?
1077 1623 1096 1646 »
1114 1619 1288 1649 servum
1301 1619 1346 1648 se
1362 1604 1484 1648 dixit.
1509 1604 1739 1649 Servimus

337 1674 455 1719 enim
476 1674 623 1729 Vobis,
655 1672 823 1718 fratres.
846 1675 984 1721 Nemo
1007 1690 1051 1719 se
1073 1684 1273 1720 nostrum
1295 1673 1410 1718 dicat
1445 1674 1570 1735 quasi
1592 1674 1733 1733 majo-

336 1760 429 1789 rem
451 1745 573 1789 vobis
595 1760 698 1788 esse.
724 1744 896 1788 Erimus
921 1746 1127 1805 majores,
1153 1746 1191 1789 si
1219 1743 1430 1789 fuerimus
1454 1743 1730 1788 humiliores.

341 1835 362 1859 «
397 1816 670 1877 Quicumque
696 1825 843 1860 autem
870 1815 967 1861 vult
999 1832 1087 1861 esse
1124 1817 1260 1877 major
1291 1825 1510 1870 vestrum,
1552 1813 1744 1859 Domini

343 1905 364 1929 »
400 1887 612 1931 sententia
634 1895 724 1941 est,
758 1887 839 1931 erit
857 1896 997 1932 vester
1018 1890 1210 1932 servus⁵.
1233 1905 1253 1929 »
1281 1888 1399 1945 Ergo
1425 1905 1446 1928 «
1471 1884 1643 1930 Exoriri
1662 1883 1732 1929 fa-

348 1975 368 1999 »
403 1957 462 2001 cit
480 1958 526 2001 in
539 1954 762 2001 montibus
780 1957 951 2002 foe-num
968 1967 1011 2002 et
1026 1958 1213 2002 herbam
1233 1957 1432 2002 servituti
1444 1956 1697 2001 hominum.
1720 1973 1742 1996 »
1764 1950 1768 1956 ’

347 2027 506 2073 Paulus
528 2028 709 2089 quidem
731 2029 949 2088 apostolus
972 2029 1174 2074 manibus
1193 2030 1278 2073 suis
1298 2028 1446 2073 vivens
1460 2062 1471 2082 ,
1486 2028 1631 2087 ipsum
1650 2026 1736 2070 foe·
1759 2077 1761 2080 ,

349 2114 457 2143 num
479 2099 697 2144 montIum
719 2098 861 2144 noluit
892 2099 1107 2159 accipere,
1144 2098 1284 2143 voluit
1305 2096 1503 2155 indigere
1526 2115 1536 2142 ;
1564 2095 1642 2140 sed
1674 2105 1744 2140 ta-

352 2185 455 2214 men
475 2185 644 2216 montes
667 2170 833 2215 dabant
851 2169 1037 2214 foenum.
1062 2171 1179 2215 Num
1206 2169 1310 2229 quia
1342 2167 1418 2212 ille
1449 2167 1593 2212 noluit
1625 2167 1750 2212 acci-

357 2256 459 2300 pere
478 2276 490 2296 ,
520 2250 751 2300 propterea
777 2249 946 2286 montes
982 2239 1084 2284 dare
1106 2255 1196 2284 non
1232 2238 1442 2282 deberent
1462 2273 1473 2294 ‚
1504 2247 1553 2282 ut
1579 2236 1744 2282 steriles

360 2312 658 2356 remanerent?
676 2310 868 2355 Debetur
882 2309 1042 2370 pluviae
1054 2308 1243 2364 fructus,
1261 2308 1446 2352 debetur
1467 2323 1592 2353 servo
1604 2307 1745 2362 cibus,
1761 2343 1765 2362 ἑ

367 2383 477 2428 sicut
502 2383 712 2427 Dominus
734 2381 794 2426 ait
813 2416 826 2438 ,
854 2400 875 2424 «
893 2379 1156 2427 Manducate
1176 2394 1276 2440 quae
1306 2378 1362 2424 ab
1382 2379 1484 2438 ipsis
1512 2387 1628 2423 sunt.
1652 2396 1672 2420 »
1695 2380 1763 2430 Εἰῐ
1796 2437 1797 2442 1

421 2488 429 2503 ¹
454 2492 467 2512 1
487 2482 619 2521 Cor.1x,
640 2490 691 2511 11.
707 2497 749 2504 --
768 2480 872 2513 21sa1.
887 2490 940 2522 u,
959 2479 1045 2511 6.-
1064 2476 1077 2502 3
1090 2477 1204 2512 Matth.
1224 2487 1292 2520 xix,
1308 2475 1427 2510 16-26.
1442 2474 1512 2506 -4
1529 2484 1549 2508 2
1566 2477 1639 2509 Cor.
1654 2486 1701 2516 iv,
1720 2473 1751 2507 5.
1795 2463 1797 2503 J

374 2553 414 2559 ——
429 2534 443 2562 ⁵
460 2535 573 2568 Matth.
592 2545 647 2576 xx,
666 2535 722 2568 26.
