1815 3253
370 211 612 242 munuum
643 216 688 242 IN
722 213 924 243 PsALMUM
955 216 1133 242 cxxxiv.
1342 202 1427 251 247,

50 277 311 338 opponendo
327 293 371 323 se
393 279 679 323 necessarium
702 294 778 338 per
800 279 1041 338 arreptitios
1063 277 1286 337 sortilegos
1302 313 1313 333 ,
1347 295 1427 324 au-

49 363 194 408 gures,
218 349 464 408 haruspices
477 384 488 403 ,
504 364 651 407 magos
666 384 676 404 ‚
697 365 815 394 sacra
834 349 1152 393 daemoniorum
1166 382 1177 403 ‚
1203 348 1428 394 concludit

47 419 174 466 viam.
191 417 418 471 Quomodo
436 434 512 478 per
525 419 746 463 Christum
764 419 809 463 id
822 419 984 476 agitur,
1000 427 1051 462 ut
1064 427 1209 477 pateat
1225 419 1310 474 via,
1327 435 1427 478 quae

2 519 3 522 =
47 487 188 546 fuerat
202 489 457 545 interclusa3
483 504 583 532 nam
603 503 678 547 per
696 504 794 533 eum
818 487 1068 547 redemptus
1094 487 1272 547 quidam
1296 488 1401 532 dicit
1416 523 1427 543 ,

51 577 72 602 «
103 566 157 605 Et
177 559 223 602 in
235 562 324 602 Deo
342 574 439 603 meo
464 557 749 616 transgrediar
765 559 964 602 murum1
991 578 999 602 :
1022 576 1042 599 »
1066 557 1125 602 sic
1143 557 1342 602 diabolus
1359 558 1429 602 ni-

45 626 108 677 hil
135 627 253 672 aliud
293 630 401 688 agit,
427 629 507 672 nisi
535 638 584 672 ut
610 627 874 673 intercludat
901 628 1042 682 viam,
1078 642 1133 671 ne
1161 627 1364 672 credatur
1384 628 1430 672 iu

45 701 200 747 Deum.
230 699 400 743 Sienim
412 698 604 743 creditur
625 699 669 742 in
688 702 823 743 Deum
838 734 849 750 ‚
866 707 986 758 patet
1002 699 1070 742 via
1086 719 1098 756 3
1118 707 1160 742 et
1173 699 1263 758 ipse
1282 699 1432 743 Chris-

46 778 114 827 tus
140 779 203 813 est
221 770 287 813 via
303 772 320 795 ‘²
344 790 352 815 :
377 770 411 814 si
438 779 583 814 autem
605 786 693 814 non
723 770 915 815 creditur
940 770 985 813 in
1008 773 1171 825 Deum,
1198 769 1430 814 interclusa

44 849 106 886 est
136 841 221 884 via.
255 841 297 885 Si
331 851 476 885 autem
506 841 739 886 interclusa
765 841 922 896 fuerit,
959 842 1060 901 quia
1091 857 1180 886 non
1213 841 1427 897 creditur,

43 910 148 972 quid
171 920 315 965 restat,
342 912 422 955 nisi
440 920 504 965 ut,
530 913 809 956 cumvenerit
825 913 899 972 qui
915 928 1003 956 non
1019 912 1296 967 credebatur,
1321 928 1431 957 con-

43 979 285 1026 fundantur
317 982 393 1041 qui
423 997 513 1025 non
540 982 848 1026 crediderunt?
877 985 1044 1035 Quare?
1075 983 1186 1036 Quia
1209 982 1431 1028 conclusio

42 1051 271 1112 praecedit,
296 1063 339 1096 et
356 1053 552 1112 sequitur
573 1052 787 1096 confusio.
804 1052 1038 1097 Conclusio
1057 1052 1264 1111 praecedit
1280 1062 1326 1096 ut
1340 1069 1429 1109 rex,

46 1122 240 1182 sequitur
262 1120 461 1166 confusio
483 1131 692 1183 tanquam
714 1121 852 1182 plebs.
881 1125 999 1176 Quos
1022 1122 1154 1167 modo
1177 1122 1402 1180 concludit
1417 1159 1428 1179 ,

45 1201 96 1236 ut
111 1208 200 1236 non
221 1191 402 1236 credant
421 1193 466 1236 in
489 1193 709 1237 Christum
722 1227 733 1247 ,
749 1192 930 1252 quando
952 1193 1200 1252 apparuerit
1214 1194 1429 1249 Christus,

46 1277 195 1308 omnes
217 1261 570 1317 confundentur,
594 1272 638 1306 et
657 1263 890 1307 traducent
911 1279 984 1308 eos
1004 1280 1053 1308 ex
1072 1263 1252 1308 adverso
1277 1264 1433 1325 iniqui-

44 1342 151 1378 tates
168 1349 335 1378 eorum.
361 1336 483 1377 Tunc
504 1333 650 1377 dicent
664 1334 784 1393 impii
806 1333 999 1389 confusi,
1018 1354 1038 1376 «
1056 1333 1174 1388 Quid
1188 1335 1314 1379 nobis
1331 1351 1433 1394 pro-

47 1422 68 1446 »
104 1404 189 1448 fuit
209 1404 435 1463 superbia³
451 1406 467 1448 Ρ
483 1407 641 1463 Magna
659 1405 863 1462 mysteria
875 1440 886 1457 ‚
905 1404 1057 1449 fratres
1072 1405 1184 1460 mei,
1207 1406 1434 1465 Dissipatio

44 1489 118 1519 rex
139 1474 383 1518 afflictionis
405 1496 416 1532 3
442 1474 708 1534 dissipantur
724 1483 774 1518 ut
797 1475 1060 1533 affligantur.
1083 1477 1240 1533 Magna
1268 1485 1433 1534 myste-

44 1544 121 1590 ria.
143 1545 340 1590 Tentatio
361 1545 607 1599 oculorum,
622 1543 667 1587 id
688 1554 775 1598 est,
796 1543 966 1588 fallacia
985 1560 1059 1588 rex
1071 1545 1401 1590 amaricantium
1419 1568 1430 1605 3

44 1613 204 1660 fallunt
241 1614 356 1657 enim
388 1623 439 1658 ut
465 1614 716 1658 amaricent.
754 1614 988 1659 Conclusio
1021 1630 1093 1658 rex
1126 1614 1393 1660 confusionis
1421 1637 1430 1662 z

45 1683 372 1730 concluduntur
388 1685 504 1728 enim
528 1700 582 1728 ne
597 1693 819 1728 transeant
837 1684 892 1728 ad
913 1684 1045 1728 fidem
1061 1720 1072 1740 ,
1099 1694 1143 1729 et
1173 1701 1275 1729 cum
1298 1702 1433 1731 vene-

47 1755 101 1802 rit
129 1755 174 1798 in
200 1771 332 1815 quem
365 1754 605 1811 credimus,
633 1755 977 1799 confundentur.
1004 1774 1024 1797 «
1046 1758 1103 1800 Et
1131 1756 1276 1800 omnia
1299 1771 1433 1815 regna

48 1842 69 1878 φ)
102 1826 333 1880 Chanaan,
362 1843 381 1866 n
409 1824 569 1869 occidit
597 1828 725 1869 Deus.
749 1826 958 1870 Chanaan
990 1826 1325 1885 interpretatur,
1346 1831 1431 1871 Pa-

46 1904 162 1940 ratus
185 1896 434 1939 humilitati.
464 1896 696 1940 Humilitas
718 1897 842 1957 quasi
864 1897 1033 1941 bonum
1062 1897 1241 1957 aliquod
1272 1897 1437 1955 signifi-

47 1974 115 2009 cat
130 2000 141 2019 ,
166 1964 240 2009 sed
263 1965 297 2009 si
319 1965 372 2009 sit
404 1966 522 2009 utilis
545 1965 767 2010 humilitas
790 1986 799 2011 ι
830 1982 933 2010 nam
951 1966 1064 2011 mala
1086 1967 1318 2012 humiliato
1336 1984 1436 2028 poe-

3 2026 7 2094 {
49 2034 155 2079 nalis
170 2045 248 2079 est.
267 2036 309 2080 Si
319 2037 434 2080 enim
448 2036 691 2081 humiliatio
705 2037 759 2080 ad
773 2052 951 2096 poenam
973 2053 1062 2081 non
1077 2038 1333 2097 pertineret,
1345 2055 1435 2083 non

2 2119 6 2135 ¹
48 2103 287 2161 diceretur,
313 2125 331 2147 «
353 2107 435 2159 Qui
461 2122 504 2150 se
532 2106 722 2162 exaltat,
758 2107 1060 2151 humiliabitur
1074 2110 1105 2151 4.
1134 2126 1154 2149 »
1193 2111 1291 2152 Non
1317 2109 1434 2153 enim

2 2176 7 2203 s
47 2175 304 2220 beneficium
324 2175 386 2219 illi
410 2186 638 2235 praestatur
653 2212 663 2232 ,
685 2177 862 2237 quando
883 2178 1066 2236 punitur
1089 2187 1138 2222 ut
1159 2178 1430 2223 humilietur.

47 2245 254 2290 Chanaan
275 2261 376 2303 ergo
398 2245 529 2290 modo
551 2247 766 2306 superbus
789 2256 868 2290 est.
902 2248 1054 2291 Omnis
1082 2248 1264 2307 impius,
1296 2249 1436 2293 omnis

48 2314 230 2359 infidelis
247 2316 407 2360 exaltat
421 2332 495 2360 cor
515 2332 642 2361 suum
666 2337 674 2361 z
701 2334 791 2361 non
807 2318 902 2362 vult
916 2318 1091 2362 credere
1112 2319 1157 2362 in
1176 2322 1330 2363 Deum.
1350 2321 1435 2364 Sed

47 2384 140 2429 haec
161 2385 366 2430 exaltatio
398 2395 547 2446 parata
569 2395 633 2430 est
652 2387 890 2432 humilitati
907 2387 953 2433 in
978 2389 1095 2432 diem
1111 2388 1267 2449 judicii
1292 2408 1302 2434 :
1329 2398 1436 2434 tunc

96 2485 106 2503 ¹
125 2481 207 2513 psal.
227 2492 310 2523 xvn,
330 2482 384 2514 30.
405 2499 446 2505 —
462 2487 475 2504 ¹
495 2483 587 2515 Joan.
604 2492 673 2524 xiv,
687 2481 719 2515 6.
744 2499 786 2506 —
806 2480 819 2506 ³
837 2482 970 2525 Sap-jv,
989 2487 1022 2520 8.
1042 2501 1084 2507 —
1105 2483 1122 2514 4
1140 2486 1219 2518 Luc.
1240 2495 1308 2526 nn,
1331 2496 1384 2527 u,
1402 2489 1437 2517 et

51 2543 139 2578 xvm,
159 2535 211 2577 14.
