1815 3253
390 196 630 229 ENAnnAa'lo
661 201 705 228 11⁸⁴
739 200 939 230 PsALMUM
976 203 1120 230 chui.
1365 190 1450 231 445

64 266 401 321 distribuentes,
440 266 531 309 sine
553 264 712 310 divitiis
733 266 777 310 in
809 267 894 312 hoc
925 266 1084 312 saeculo
1119 271 1453 312 remanserunt?

63 340 121 382 Et
144 337 220 381 ubi
247 347 311 382 est
332 336 405 381 illa
430 336 657 396 promissio
678 337 882 393 sinistrae,
918 357 938 380 «
967 338 1162 398 Accipiet
1183 339 1227 382 in
1260 339 1344 383 hoc
1367 355 1451 383 sae-

67 427 88 450 »
123 408 223 453 culo
248 408 403 468 septies
426 417 595 452 tantum
611 410 656 452 ¹?
677 427 696 451 »
729 407 1140 468 Multiplieationem
1158 409 1369 468 promisit.
1396 413 1454 454 Et

65 495 212 524 revera
235 479 343 540 quid
365 478 475 523 desit
503 479 670 523 homini
693 479 805 523 Dei?
836 479 879 525 Si
899 479 996 540 quis
1021 479 1137 524 forte
1158 479 1344 524 infidelis
1362 490 1451 537 est,

66 566 198 596 unam
222 549 402 595 domum
425 558 498 593 aut
520 565 678 609 paucas
700 550 834 594 habet
860 569 868 594 :
899 570 919 592 «
947 550 1108 594 Fidelis
1131 551 1318 595 hominis
1337 561 1454 596 totus

68 639 88 664 »
125 622 317 666 mundus
337 620 585 665 divitiarum
609 630 672 666 est
688 625 721 665 2.
751 640 770 662 η
803 620 914 665 Vide
932 621 1146 665 sinistram
1171 622 1262 682 ejus
1280 621 1455 681 plenam

65 694 147 738 sub
170 693 310 753 capite
334 713 342 737 ε
380 712 399 735 «
429 693 625 753 Accipiet
657 694 701 737 in
734 693 819 738 hoc
847 693 1006 738 saeculo
1035 694 1192 753 septies
1216 703 1402 737 tantum.
1431 713 1451 735 »

67 765 177 809 Vide
199 765 420 809 dexteram
444 764 805 824 complectentem
828 784 836 809 ;
862 784 878 805 «
907 768 962 809 Et
979 765 1023 808 in
1048 763 1196 809 futuro
1213 766 1372 810 saeculo
1390 765 1456 809 vi—

68 853 88 877 »
124 845 211 880 tam
235 845 457 880 aeternam.
482 836 676 880 »Merito
698 845 742 879 et
777 834 861 880 alio
889 835 987 880 loco
1022 835 1077 880 de
1109 837 1200 896 ipsa
1239 837 1458 897 Sapientia

65 906 254 952 dicitur:
290 927 310 950 «
340 910 389 951 In
413 906 587 951 dextera
616 909 708 969 ejus
728 907 830 952 anni
859 908 960 953 vitae
980 943 991 964 ,
1020 918 1064 953 et
1101 908 1147 952 in
1177 908 1346 953 sinistra
1366 909 1458 969 ejus

68 998 88 1021 »
124 979 286 1023 divitiae
308 988 351 1023 et
370 980 511 1023 honor
530 980 560 1022 ³.
591 997 611 1020 »

123 1053 244 1095 XIX.
274 1050 398 1096 Unde
427 1067 529 1110 ergo
550 1051 619 1095 isti
639 1050 864 1111 vaniloqui
885 1071 896 1107 3
916 1066 1051 1111 quare
1068 1050 1305 1095 vanitatem
1332 1050 1459 1095 locu-

64 1130 158 1165 tum
182 1130 245 1165 est
267 1137 314 1166 os
331 1123 515 1165 eorum?
531 1121 639 1174 Quia
667 1140 686 1162 «
710 1124 894 1164 Dextera
923 1136 1075 1165 eorum
1095 1121 1270 1164 dextera
1293 1120 1459 1180 iniqui-

68 1211 87 1233 »
123 1192 236 1236 tatis.
263 1210 282 1233 »
308 1194 406 1237 Non
430 1207 534 1250 ergo
557 1207 628 1235 eos
652 1206 810 1250 arguo,
836 1191 940 1251 quia
961 1190 1038 1234 filii
1061 1207 1212 1235 eorum
1234 1190 1355 1235 velut
1376 1207 1459 1237 no-

63 1262 189 1308 vellae
206 1262 493 1308 constabilitae
524 1278 545 1306 a
564 1264 798 1323 juventute
821 1277 897 1306 sua
913 1297 924 1317 ,
950 1277 1031 1305 nec
1060 1262 1162 1321 quia
1184 1261 1286 1305 filiae
1307 1277 1460 1305 eorum

65 1345 229 1380 ornatae
262 1336 373 1379 sicut
409 1333 648 1379 similitudo
688 1333 866 1393 templi,
898 1349 979 1378 nec
1006 1333 1109 1393 quia
1135 1343 1291 1378 caetera
1316 1334 1460 1377 abun-

64 1404 212 1450 dantia
233 1415 273 1449 et
292 1422 375 1465 pax
393 1415 563 1450 terrena
587 1404 735 1449 aderat
758 1405 832 1448 eis.
861 1403 945 1449 Sed
969 1420 1102 1465 quare
1126 1406 1291 1462 arguo?
1317 1424 1335 1445 «
1353 1407 1462 1449 Bea-

67 1495 89 1520 »
125 1487 218 1522 tum
253 1477 456 1522 dixerunt
482 1476 698 1537 populum
727 1476 798 1520 cui
820 1476 914 1519 haec
950 1476 1101 1519 sunt4.
1130 1497 1145 1516 »
1172 1476 1209 1519 Ο
1232 1474 1462 1536 loquentes

65 1549 262 1593 homines
283 1549 520 1593 vanitatem
542 1549 551 1588 !
569 1566 589 1589 «
611 1550 794 1591 Beatum
818 1546 1023 1590 dixerunt
1045 1546 1261 1606 populum
1279 1546 1350 1591 cui
1367 1547 1463 1590 haec

69 1640 88 1662 »
124 1629 239 1664 sunt.
271 1640 287 1662 »
321 1617 614 1664 Perdiderunt
641 1632 789 1662 veram
821 1617 1045 1661 dexteram
1067 1651 1078 1671 ,
1117 1615 1325 1676 maligni,
1362 1601 1464 1676 pei*—

65 1691 176 1736 versi
197 1726 208 1746 ,
234 1691 443 1735 beneficia
475 1690 552 1734 Dei
574 1690 741 1734 inverse
764 1688 1019 1733 vestierunt.
1045 1690 1083 1732 Ο
1105 1688 1317 1747 maligni,
1336 1704 1362 1732 o
1383 1705 1463 1733 va-

3 1781 9 1788 ·
66 1761 261 1822 niloqui,
300 1778 326 1807 o
356 1761 433 1806 filii
471 1761 630 1805 alieni!
661 1780 678 1801 «
711 1764 895 1804 Beatum
926 1760 1132 1804 dixerunt
1155 1759 1368 1819 populum
1392 1760 1465 1804 cui

73 1854 90 1876 »
126 1834 219 1877 haec
241 1842 358 1877 sunt.
385 1853 402 1874 »
430 1831 557 1886 Quod
580 1830 635 1875 ad
657 1831 873 1875 sinistram
907 1840 1025 1886 erat,
1060 1830 1115 1874 ad
1137 1830 1357 1875 dexteram
1381 1846 1463 1890 po-

67 1913 265 1949 suerunt.
304 1924 321 1945 «
356 1908 540 1948 Beatum
574 1902 778 1947 dixerunt
808 1901 1023 1962 populum
1059 1902 1130 1946 cui
1162 1903 1257 1946 haec
1293 1912 1410 1946 sunt.
1440 1923 1459 1944 »

69 1975 183 2029 Quid
210 1985 260 2019 tu
284 1975 454 2020 David?
476 1973 585 2035 quid
604 1984 655 2019 tu
678 1989 836 2033 corpus
858 1973 1052 2018 Christi?
1079 1973 1190 2034 quid
1220 1989 1296 2018 vos
1321 1988 1464 2017 mem-

68 2047 146 2091 bra
164 2047 354 2092 Christi?
384 2045 491 2107 quid
512 2062 588 2091 vos
605 2082 615 2101 ,
636 2061 726 2090 non
749 2045 826 2089 filii
844 2045 974 2089 alieni
994 2080 1005 2100 ,
1030 2043 1106 2089 sed
1125 2045 1232 2088 Dei?
1250 2045 1466 2098 Quoniam

69 2117 294 2178 vaniloqui
310 2117 388 2161 filii
405 2117 549 2172 alieni,
578 2136 595 2157 «
614 2119 799 2160 Beatum
822 2115 1026 2160 dixerunt
1046 2114 1260 2176 populum
1284 2115 1355 2160 cui
1374 2117 1465 2160 haec

16 2239 18 2241 q
76 2211 94 2232 »
130 2199 247 2234 sunt.
278 2210 296 2231 »
332 2191 418 2233 Vos
446 2187 555 2249 quid
577 2188 754 2233 dicitis?
789 2206 806 2228 «
834 2190 992 2231 Beatus
1013 2186 1203 2247 populus
1227 2189 1350 2247 cujus
1379 2191 1467 2232 Do-

78 2282 96 2302 »
131 2261 276 2305 minus
298 2263 414 2304 Deus
434 2259 582 2319 ipsius.
613 2279 632 2301 »
668 2259 840 2303 Habete
860 2273 964 2318 ergo
987 2259 1201 2302 sinistram
1219 2293 1229 2313 ,
1250 2258 1324 2302 sed
1347 2258 1393 2302 in
1411 2259 1469 2302 si-

73 2332 234 2375 nistra:
262 2330 503 2375 desiderate
535 2329 782 2385 dexteram,
819 2338 870 2374 ut
903 2329 1127 2389 ponamini
1148 2328 1203 2372 ad
1227 2328 1464 2372 dexteram.

76 2405 128 2447 ln
150 2402 320 2447 sinistra
338 2402 454 2446 enim
468 2401 723 2446 habuerunt
738 2400 972 2455 sinistram,
999 2399 1117 2460 apud
1142 2415 1251 2460 quos
1269 2400 1465 2455 esurivit,

127 2506 135 2523 ¹
157 2499 272 2532 Matth.
300 2509 377 2541 xix,
397 2507 452 2543 29.
474 2515 515 2521 «—
535 2504 548 2521 2
569 2499 664 2531 Prov.
687 2507 766 2538 xvn,
783 2496 825 2538 6,
850 2497 943 2539 juxta
971 2507 1045 2530 Lxx.
1073 2514 1116 2520 -
1135 2495 1149 2521 3
1169 2499 1260 2529 Prov.
1277 2508 1326 2538 111,
1353 2497 1405 2529 16.
1427 2513 1469 2519 —

78 2553 94 2585 4
109 2555 191 2588 Psal.
209 2565 319 2595 cuni,
338 2554 388 2587 15.
