1815 3253
368 259 610 291 mmmm-10
642 261 687 290 m
720 259 925 291 numm
955 261 1105 290 cxmn.
1337 248 1424 289 ³¹27

37 337 185 375 nostra
207 337 293 384 est,
318 327 353 372 si
373 341 530 386 corpus
551 326 710 372 Christi
725 341 803 371 nos
817 335 979 371 sumus.
1001 323 1316 370 Benedicamus
1336 327 1426 371 Do-

37 400 206 445 minum
228 401 368 444 Deum
393 406 590 442 nostrum
611 431 622 451 ‚
651 416 672 439 «
707 397 789 449 Qui
826 395 954 440 docet
981 409 1135 439 manus
1175 404 1342 440 nostras
1379 397 1424 441 in

38 486 62 513 w
97 469 319 529 praelium,
344 467 501 526 digitos
525 477 692 512 nostros
725 466 780 511 ad
810 465 993 510 bellum.
1023 483 1043 507 »
1068 465 1288 525 Repetitio
1324 481 1425 511 sen-

36 539 185 584 tentiae
203 538 378 583 videtur
401 556 411 582 ε
437 536 559 598 quod
577 546 641 582 est
658 572 670 591 ,
691 556 712 579 «
732 539 888 581 Manus
910 543 1074 580 nostras
1088 535 1134 579 in
1148 534 1350 594 praelium
1367 556 1379 594 3
1400 553 1422 577 υ

34 610 120 655 hoc
141 617 226 663 est,
254 627 275 651 «
299 608 462 667 Digitos
484 616 652 652 nostros
682 606 737 651 ad
759 605 941 650 bellum.
969 623 991 647 »
1016 607 1087 649 An
1121 604 1287 664 aliquid
1307 597 1424 649 inte-

35 688 122 724 rest
140 679 253 722 inter
285 693 440 722 manus
461 687 504 722 et
542 678 730 733 digitos?
752 675 901 734 Digitis
921 675 1075 735 utique
1112 684 1350 734 operantur
1381 683 1426 719 et

35 762 204 795 manus.
225 751 325 794 Non
362 749 510 809 itaque
548 747 736 793 absurde
771 746 1007 805 accipimus
1035 745 1192 804 digitos
1228 761 1304 803 pro
1328 761 1424 790 ma-

34 820 165 865 nibus
182 820 358 879 positos.
385 822 699 864 Verumtamen
725 818 771 862 in
788 816 934 876 digitis
956 817 1229 875 agnoscimus
1246 816 1424 861 divisio-

31 905 133 936 nem
157 890 419 950 operationis
437 927 447 945 ,
474 901 516 935 et
538 900 685 935 tamen
720 889 910 933 radicem
939 888 1132 933 unitatis.
1165 887 1276 932 Vide
1304 886 1424 932 illam

33 962 212 1021 gratiam
231 981 240 1007 ε
265 961 371 1006 dicit
392 960 643 1021 Apostolus,
673 980 693 1003 ι(
719 959 805 1005 Alii
826 958 1005 1020 quidem
1022 975 1100 1019 per
1121 958 1329 1019 Spiritum
1351 959 1419 1003 da·

35 1051 57 1075 »
92 1041 164 1076 tur
175 1047 316 1077 sermo
335 1032 573 1091 sapientiae,
591 1031 661 1075 alii
678 1046 818 1075 sermo
834 1031 1024 1075 scientiae
1043 1029 1285 1074 secundum
1307 1044 1424 1073 eum-

35 1121 56 1145 »
91 1104 192 1147 dem
218 1103 426 1162 Spiritum
442 1138 452 1157 ,
474 1102 545 1146 alii
568 1101 674 1145 fides
712 1102 758 1144 in
781 1100 934 1145 eodem
962 1101 1124 1159 Spiritu
1144 1135 1154 1154 ,
1179 1099 1252 1143 alii
1283 1098 1424 1143 dona-

34 1186 55 1216 »
90 1175 228 1219 tiones
251 1174 529 1218 curationum
552 1172 598 1216 in
626 1188 717 1216 uno
749 1172 933 1231 Spiritu,
961 1170 1032 1214 alii
1061 1185 1215 1228 genera
1248 1169 1424 1228 lingua-

35 1257 56 1287 »
91 1259 189 1288 rum
208 1280 218 1299 ,
246 1244 316 1288 alii
342 1243 591 1304 prophetia,
617 1243 689 1286 alii
714 1241 969 1302 dijudicatio
992 1241 1240 1300 spirituum.
1266 1240 1425 1284 Omnia

33 1333 55 1358 n
90 1325 236 1360 autem
259 1316 353 1360 haec
373 1324 578 1374 operatur
590 1327 704 1358 unus
725 1322 856 1373 atque
874 1312 990 1356 idem
1011 1311 1211 1370 Spiritus,
1226 1310 1426 1355 dividens

34 1403 55 1428 »
89 1386 265 1446 propria
293 1386 532 1445 unicuique
565 1393 697 1444 prout
732 1382 873 1427 vult1.
894 1381 980 1427 Alii
1017 1381 1150 1437 illud,
1196 1381 1269 1425 alii
1310 1381 1421 1437 hoc,

35 1468 56 1498 h
92 1456 324 1501 divisiones
361 1466 463 1500 sunt
505 1455 783 1516 operationis.
829 1472 850 1496 »
887 1455 1045 1498 Omnia
1084 1454 1179 1498 haec
1219 1461 1426 1512 operatur

32 1540 146 1571 unus
177 1535 309 1587 atque
330 1526 447 1571 idem
483 1526 699 1586 Spiritus:
724 1523 845 1569 radix
882 1533 947 1568 est
979 1524 1173 1568 unitatis.
1210 1523 1286 1567 His
1322 1538 1426 1581 ergo

23 1598 175 1656 digitis
196 1607 364 1658 pugnat
385 1614 540 1658 corpus
562 1596 746 1652 Christi,
771 1595 1012 1656 procedens
1036 1596 1083 1640 in
1104 1594 1270 1639 bellum
1287 1629 1298 1650 ,
1322 1609 1427 1654 pro-

30 1667 189 1713 cedens
216 1669 262 1712 in
289 1668 507 1729 praelium.

90 1741 165 1782 IV.
194 1741 292 1783 Jam
319 1739 571 1799 praeliorum
599 1746 643 1782 et
663 1736 881 1782 bellorum
904 1750 1063 1795 genera
1084 1744 1427 1779 commemorare

30 1807 212 1854 fortasse
231 1809 414 1869 longum
438 1818 532 1864 est‘,
573 1818 617 1853 et
655 1822 803 1867 gerere
823 1806 995 1852 facilius
1016 1821 1148 1866 quam
1191 1805 1422 1865 explicare.

32 1879 255 1923 Habemus
277 1887 417 1924 unum
438 1879 607 1924 bellum
646 1877 768 1939 quod
804 1885 1119 1922 commemorat
1151 1874 1386 1935 Apostolus
1413 1894 1423 1920 z

35 1962 56 1992 τι
80 1952 179 1995 Non
212 1959 275 1995 est
295 1951 418 1995 vobis
436 1949 688 1995 colluctatio
719 1948 924 1994 adversus
958 1963 1134 1993 carnem
1168 1957 1213 1992 et
1246 1947 1426 2006 sangui-

18 2031 56 2062 n
81 2023 224 2075 nem²,
239 2038 259 2062 »
277 2019 322 2064 id
343 2029 422 2076 est,
439 2020 643 2065 adversus
664 2019 863 2064 homines
884 2034 909 2063 a
924 2018 1086 2079 quibus
1107 2017 1315 2062 videmini
1335 2018 1426 2076 pati

30 2091 274 2146 molestias,
299 2107 390 2136 non
413 2091 618 2136 adversus
647 2092 762 2150 ipsos
785 2090 989 2150 pugnatis
1015 2108 1026 2135 :
1055 2107 1077 2132 «
1106 2088 1191 2134 Sed
1223 2087 1427 2133 adversus

34 2178 57 2203 n
89 2162 305 2222 principes
327 2172 370 2207 et
390 2172 626 2223 potestates
660 2172 704 2207 et
720 2171 908 2206 rectores
945 2161 1118 2205 mundi.
1147 2177 1169 2202 η
1192 2162 1251 2204 Et
1271 2160 1327 2204 n'e
1355 2160 1426 2203 in—

33 2231 246 2292 telligeres
266 2233 445 2290 mundi,
482 2233 583 2278 coeli
605 2243 649 2278 et
669 2242 821 2289 terrae,
854 2231 1048 2278 ostendit
1079 2230 1188 2292 quid
1225 2230 1391 2275 diceret
1412 2251 1424 2288 3

34 2316 57 2346 'a
92 2305 390 2349 Tenebrarum
410 2340 420 2360 ,
445 2305 611 2365 inquit,
655 2305 830 2348 harum.
870 2321 891 2345 »
917 2302 1074 2348 Mundi
1106 2301 1295 2357 scilicet,
1336 2316 1427 2345 non

24 2374 107 2435 *qui
127 2389 205 2433 per
239 2376 381 2434 ipsum
404 2374 544 2420 sactus
566 2383 652 2433 est,
689 2375 818 2435 quia,
856 2392 876 2417 «
916 2376 974 2418 Et
996 2372 1189 2418 mundus
1217 2387 1296 2432 per
1324 2386 1426 2416 eum

35 2457 57 2486 ⁵)
90 2443 233 2489 factus
255 2446 341 2489 est3
365 2464 374 2490 2
401 2463 422 2487 »
447 2445 524 2489 sed
546 2443 702 2488 mundi
719 2444 797 2504 qui
816 2460 918 2489 eum
933 2460 1024 2489 non
1046 2442 1277 2502 cognovit3
1301 2441 1423 2502 quia,

36 2531 57 2557 «
88 2517 146 2558 Et
159 2514 350 2559 mundus
375 2530 476 2560 eum
500 2531 590 2560 non
612 2515 832 2574 cognovit.
851 2533 872 2557 »
895 2517 975 2559 Hae
997 2514 1192 2560 tenebrae
1214 2528 1306 2560 non
1322 2521 1426 2559 sunt

79 2604 88 2621 ¹
113 2609 124 2631 1
145 2601 218 2632 Cor.
239 2610 296 2642 xu,
315 2603 347 2633 8.
371 2617 413 2624 —
432 2606 444 2623 ²
463 2599 579 2643 Ephes.
599 2611 645 2642 vn,
668 2608 719 2634 12.
743 2616 784 2623 —
811 2597 824 2623 3
838 2601 931 2632 Joan.
949 2611 976 2641 1,
1002 2611 1052 2632 10.
