1856 3268
388 262 416 300 6
820 276 855 303 s.
890 271 1125 303 Auous‘rrm
1156 276 1338 304 nmscom

390 347 562 383 noctem
581 338 727 397 posuit
752 357 761 383 ε
787 349 830 383 et
852 340 1083 399 Apostolus
1104 341 1163 384 ita
1185 341 1243 384 ait
1262 360 1270 386 :
1296 360 1315 382 «
1340 341 1450 393 Quia
1470 341 1575 385 hora
1598 340 1769 385 Domini
1823 354 1826 366 ’

388 427 408 450 n
446 409 557 453 sicut
578 410 648 453 fur
664 410 710 453 in
728 420 854 454 nocte
871 445 881 465 ,
902 412 957 454 ita
981 412 1126 456 veniet
1144 416 1202 455 ¹.»
1217 415 1311 456 Non
1329 412 1392 456 vis
1414 421 1465 455 ut
1487 421 1528 456 te
1549 413 1768 456 inveniat?

385 479 483 526 Noli
506 496 595 524 esse
633 480 679 523 in
711 491 852 524 nocte.
879 481 992 534 Quid
1029 492 1090 525 est
1107 518 1117 536 ‚
1143 482 1240 528 Noli
1264 498 1352 526 esse
1375 483 1419 525 in
1441 484 1600 526 nocte}>
1626 501 1645 524 «
1667 481 1767 525 Filii

385 569 406 592 »
442 551 551 594 lucis
573 551 672 594 estis
694 561 736 594 et
757 551 835 594 filii
867 550 952 594 diei
973 587 983 603 ‚
1023 568 1112 596 non
1142 568 1289 596 sumus
1318 552 1456 596 noctis
1478 567 1620 612 neque
1643 561 1767 595 tene-

388 641 405 663 »
442 621 633 664 brarum.
661 640 680 662 »
709 622 790 674 Qui
820 632 921 665 sunt
943 621 1020 666 filii
1041 623 1177 667 noctis
1200 632 1243 667 et
1265 624 1544 667 tenebrarum
1562 625 1579 664 ?
1599 622 1764 682 Iniqui⁷

384 691 530 750 impii,
558 690 768 736 infideles.

442 764 517 805 IV.
548 762 630 805 Sed
656 770 698 804 et
715 761 793 820 ipsi
816 761 996 805 audiant
1014 771 1243 822 antequam
1261 762 1407 810 veniat
1428 762 1534 806 hora
1554 796 1564 816 ‚
1589 771 1632 805 et
1653 761 1765 806 dicat

382 831 464 875 illis
487 832 718 890 Apostolus
737 848 747 875 :
770 851 789 873 «
807 833 963 876 Fuistis
986 832 1223 892 aliquando
1242 833 1433 875 tenebrae
1448 867 1458 885 ‚
1485 848 1602 876 nunc
1625 844 1766 875 autem

383 920 404 943 i)
439 902 513 945 lux
530 902 574 944 in
598 902 781 946 Domino
799 906 831 946 ².
863 921 882 943 »
912 903 1029 947 Sicut
1052 904 1130 946 iste
1155 902 1346 946 Psalmus
1366 903 1521 955 habet,
1543 901 1762 959 evigilent.

382 975 476 1016 Jam
501 971 733 1016 illuminati
756 982 857 1016 sunt
878 983 1064 1027 montes,
1085 973 1188 1033 quid
1211 974 1355 1017 adhuc
1373 974 1632 1017 dormiunt?
1653 993 1668 1014 (ι
1685 977 1766 1016 Le—

382 1059 402 1084 »
436 1052 541 1086 vent
575 1042 723 1086 oculos
757 1059 854 1087 suos
891 1044 936 1087 in
976 1053 1143 1087 montes
1161 1079 1171 1094 ,
1216 1043 1333 1087 unde
1380 1044 1523 1087 veniet
1559 1043 1764 1087 auxilium

381 1130 402 1154 »
436 1112 565 1156 illisss.
591 1131 610 1153 »
637 1112 752 1165 Quid
771 1123 834 1156 est
850 1148 859 1166 ,
881 1115 970 1172 jam
986 1113 1217 1157 illuminati
1235 1123 1336 1157 sunt
1360 1116 1558 1157 montes?
1581 1117 1676 1157 Jam
1700 1129 1766 1157 or-

379 1191 452 1226 tus
470 1192 533 1225 est
551 1182 619 1227 Sol
634 1183 830 1242 justitiae,
846 1184 933 1242 jam
951 1184 1005 1226 ab
1019 1183 1235 1242 Apostolis
1250 1183 1531 1243 praedicatum
1549 1193 1610 1227 est
1630 1187 1751 1227 Evan

380 1251 539 1311 gelium
557 1288 567 1307 ‚
593 1253 839 1312 praedicatae
862 1263 961 1297 sunt
987 1255 1219 1312 Scripturae
1236 1289 1246 1308 ‚
1274 1264 1509 1313 patuerunt
1528 1255 1671 1298 omnia
1695 1270 1764 1298 sa-

377 1332 608 1377 cramenta,
625 1324 885 1367 conscissum
907 1333 968 1367 est
985 1323 1174 1378 velum4‚
1191 1325 1330 1382 patuit
1352 1335 1562 1368 secretum
1588 1324 1760 1383 templi:

374 1395 464 1454 jam
489 1394 663 1438 tandem
686 1394 832 1439 levent
853 1395 1001 1440 oculos
1023 1396 1068 1438 in
1099 1404 1289 1449 montes,
1327 1395 1444 1438 unde
1466 1395 1608 1438 veniet
1641 1395 1762 1438 auxi-

377 1464 484 1508 lium
506 1464 604 1508 illis.
633 1468 726 1508 Hoc
746 1467 862 1509 enim
886 1465 1084 1525 praecipit
1105 1465 1183 1508 iste
1206 1464 1400 1509 Psalmus
1417 1500 1428 1518 ‚
1469 1464 1682 1508 secundus
1709 1464 1763 1508 (le

376 1535 442 1579 his
465 1535 542 1594 qui
563 1535 861 1580 inscribuntur
881 1571 891 1591 ‚
931 1555 949 1577 «
976 1536 1205 1580 Canticum
1242 1534 1472 1592 graduum.
1512 1553 1530 1575 »
1567 1534 1650 1578 Sed
1673 1550 1762 1578 non

376 1620 524 1648 rursus
546 1615 810 1657 praesumant
832 1606 886 1649 de
919 1605 1141 1648 montibus
1164 1624 1172 1649 :
1199 1605 1300 1664 quia
1321 1605 1401 1663 ipsi
1431 1613 1598 1647 montes
1628 1620 1716 1647 non
1737 1620 1761 1648 a
1814 1600 1816 1608 ’

375 1690 420 1718 εθ
436 1674 585 1718 lucent
605 1709 616 1729 ‚
640 1674 714 1718 sed
737 1675 791 1718 ab
813 1675 889 1719 illo
916 1673 1090 1729 lucent,
1119 1674 1174 1718 de
1196 1690 1284 1733 quo
1307 1674 1473 1718 dictum
1496 1683 1585 1718 est:
1616 1693 1634 1715 «
1661 1677 1765 1717 Erat

378 1763 399 1786 »
434 1743 586 1788 lumen
620 1760 798 1799 verum,
840 1743 960 1804 quod
993 1743 1211 1788 illuminat
1239 1760 1414 1788 omnem
1445 1744 1665 1788 hominem
1687 1759 1765 1788 ve·
1812 1754 1815 1805 ζ

379 1833 400 1855 »
436 1815 627 1858 nientem
650 1815 695 1858 in
718 1815 836 1858 hunc
860 1813 1075 1857 mundum
1093 1816 1152 1857 ⁵.»
1167 1817 1336 1859 Montes
1362 1823 1542 1873 possunt
1564 1805 1760 1871 intelligi,

374 1886 573 1930 homines
595 1886 755 1943 magni,
772 1886 968 1929 homines
990 1885 1109 1929 clari.
1125 1888 1181 1928 Et
1199 1885 1294 1944 quis
1309 1885 1445 1943 major
1463 1887 1631 1927 Joanne
1650 1887 1763 1943 Bap-

376 1956 505 1999 tista?
526 1954 672 2008 Qualis
706 1955 779 1998 ille
801 1971 924 1998 mons
947 1964 1060 2009 erat,
1088 1955 1142 1998 de
1165 1971 1253 2014 quo
1278 1955 1485 1998 Dominus
1513 1954 1601 2012 ipse
1625 1953 1730 1997 dicit
1751 1972 1759 1997 :
1811 1952 1813 1957 ⁴

379 2045 399 2068 «
435 2029 488 2069 In
509 2026 619 2068 natis
643 2025 874 2068 mulierum
904 2040 1032 2068 nemo
1061 2024 1277 2068 exurrexit
1306 2025 1442 2083 major
1460 2026 1627 2067 Joanne
1651 2027 1763 2083 Bap-

380 2115 397 2137 »
434 2095 531 2139 tista
548 2098 562 2121 ⁶
579 2097 627 2139 Ρ»
646 2094 774 2139 Vides
788 2104 902 2138 certe
924 2095 1055 2138 istum
1076 2110 1283 2152 magnum
1307 2104 1500 2138 montem
1522 2094 1758 2148 lucentem,

375 2164 478 2209 audi
500 2166 795 2209 confitentem.
823 2164 935 2216 Quid
953 2165 1296 2208 confitenteni?«
1311 2168 1397 2209 Nos
1419 2180 1582 2217 omnes,
1598 2164 1758 2223 inquit,

377 2253 397 2275 η
433 2234 488 2278 de
514 2234 785 2293 plenitudine
808 2235 899 2292 ejus
918 2235 1201 2293 aceepimus⁷.
1232 2253 1251 2274 i)
1280 2237 1340 2277 De
1361 2236 1484 2293 cujus
1502 2249 1602 2291 ergo
1622 2233 1762 2292 pleni·
1808 2234 1811 2279 ,⁵

374 2304 526 2349 tudine
548 2313 808 2363 acceperunt
829 2314 996 2348 montes
1013 2339 1023 2357 ‚
1050 2305 1103 2347 al)
1126 2303 1199 2348 illo
1221 2313 1284 2347 est
1307 2304 1384 2347 tibi
1409 2304 1615 2347 auxilium
1638 2339 1647 2357 ‚
1670 2319 1759 2347 non

372 2390 395 2418 a
417 2374 636 2418 montibus
659 2377 748 2431 (l)·‚
772 2374 817 2417 in
847 2390 956 2433 quos
990 2383 1136 2417 tamen
1170 2374 1249 2417 nisi
1280 2373 1485 2417 levaveris
1507 2372 1655 2418 oeulos
1679 2389 1758 2431 per

373 2445 613 2504 Scripturas
634 2479 644 2499 ‚
670 2460 760 2488 non
783 2443 1080 2488 admoveberis
1097 2445 1181 2501 (2),
1209 2452 1257 2487 ut
1277 2444 1330 2487 ab
1352 2443 1427 2488 illo
1449 2443 1722 2487 illumineris.

421 2547 429 2563 ¹
449 2539 559 2572 Thess.
578 2551 611 2581 v,
635 2540 665 2571 5.
687 2556 728 2563 --
748 2546 760 2562 ²
777 2539 889 2581 Ephes.
908 2551 940 2580 v,
958 2542 989 2571 8.
1011 2555 1052 2561 —·-
1069 2537 1081 2561 3
1102 2539 1179 2571 [³3:11.
1199 2550 1272 2579 cxx,
1302 2552 1329 2571 1.
1351 2539 1418 2570 -4
1439 2539 1554 2573 Matth.
1575 2550 1673 2578 xxvu,
1693 2539 1752 2571 51.
1806 2543 1807 2563 i

374 2612 415 2618 —
435 2594 556 2628 5Joan.
576 2608 599 2638 1,
620 2607 653 2638 9.
674 2613 715 2618 —
730 2594 744 2617 ⁶
764 2596 876 2627 Matth.
899 2607 940 2637 xi,
962 2608 1011 2627 11.
1034 2613 1073 2618 -—
1093 2603 1106 2628 7
1129 2598 1219 2628 Joan.
1243 2608 1267 2637 1,
1290 2596 1339 2628 16.

1821 508 1826 692 ι
