1815 3253
328 293 384 334 74
752 306 787 336 s.
822 305 1053 337 Ancus-nm
1083 310 1267 340 EPISCOPI

327 370 579 427 sericordia‚
606 387 696 416 non
725 388 778 417 ex
807 373 970 417 meritis
997 373 1153 419 nostris
1169 410 1180 430 ‚
1211 375 1287 419 sed
1321 373 1432 420 forte
1449 390 1530 435 pro
1552 376 1706 421 merito
1775 419 1777 434 ,

328 441 527 486 desiderii
563 444 691 487 vestri
714 464 724 500 3
756 459 900 504 neque
933 459 983 487 ex
1019 443 1298 490 facultatibus
1332 447 1487 490 nostris
1508 481 1519 501 ,
1552 445 1628 490 sed
1657 462 1707 490 ex
1774 452 1775 455 ’

328 512 597 557 abundantia
615 514 832 558 donorum
848 530 1049 574 suorum3
1065 526 1113 560 ut
1125 517 1183 561 sic
1200 525 1410 561 tractetur
1427 532 1493 562 res
1510 518 1610 562 satis
1627 532 1706 562 ne-
1773 533 1775 544 ⁴

326 585 502 629 cessaria
520 585 770 630 hominibus
791 586 939 645 positis
958 587 1002 629 in
1020 589 1140 632 Novo
1154 591 1443 644 Testamento‚
1464 597 1513 632 ut
1530 588 1707 633 omnino
1772 585 1774 591 ¹

326 654 468 698 nullas
488 655 675 700 latebras
698 656 887 701 inveniat
907 657 1106 702 inimicus
1120 692 1131 714 ‚
1150 659 1226 702 ubi
1243 673 1288 702 se
1305 658 1496 703 occultet
1512 658 1567 703 ad
1587 657 1707 703 deci·
1771 678 1772 681 ¹

326 725 507 785 piendos
529 725 693 771 fideles.

330 932 470 949 mm
477 932 509 948 Ἃ
513 931 1562 949 mmmmmmmmmwmummmmmmmm
1567 932 1703 949 mm

826 1092 1209 1148 ENARRATIO

688 1273 748 1310 IN
795 1271 1100 1312 PSALMUM
1154 1270 1372 1311 CXXIV.

779 1424 929 1468 Sermo
951 1422 1007 1467 ad
1027 1423 1258 1482 populum.

385 1573 421 1614 I.
436 1573 634 1614 Psimus
655 1571 733 1614 iste
750 1570 972 1630 pertinens
995 1571 1051 1616 ad
1069 1553 1301 1615 nufnemm
1315 1570 1595 1616 Canticorum
1611 1584 1708 1628 gra·
1759 1559 1761 1594 ἒ

325 1639 487 1684 duum¹
508 1675 518 1695 ,
539 1639 618 1698 (de
639 1656 728 1700 quo
744 1639 873 1685 titulo
895 1641 939 1683 in
958 1640 1048 1685 aliis
1062 1642 1152 1701 jam
1173 1640 1312 1684 multa
1334 1640 1521 1684 diximus
1538 1675 1548 1695 ,
1575 1650 1618 1684 et
1639 1655 1708 1684 re-

262 1708 269 1713 ’
325 1720 471 1771 petere
505 1711 710 1755 nolumus
725 1746 736 1765 ‚
776 1726 831 1754 ne
867 1726 942 1754 vos
976 1710 1274 1755 obtundamus
1296 1711 1441 1770 potius
1464 1723 1596 1771 quam
1617 1711 1706 1754 ins-

326 1791 520 1826 truamus
532 1781 707 1838 ‚)docet
719 1796 797 1825 nos
814 1780 1092 1825 ascendentes
1110 1790 1153 1825 et
1170 1780 1361 1825 levantes
1379 1782 1541 1825 animas
1564 1790 1710 1825 notras

326 1851 381 1896 ad
404 1852 637 1895 Dominum
660 1854 798 1895 Deum
820 1860 1017 1895 nostrum
1040 1851 1200 1895 affectu
1222 1851 1442 1895 charitatis
1462 1860 1593 1911 atque
1613 1851 1708 1910 pie-

325 1922 424 1966 tatis
441 1957 451 1976 ‚
478 1937 567 1966 non
584 1921 811 1965 intendere
827 1922 872 1965 in
894 1922 1107 1976 homines,
1132 1921 1207 1981 qui
1229 1930 1539 1981 prosperantur
1556 1921 1602 1964 in
1623 1921 1707 1965 hoc
1753 1946 1755 1979 1

325 1992 484 2037 saeculo
506 1991 711 2037 felicitate
734 1991 838 2037 falsa
863 2001 993 2053 atque
1027 2001 1204 2037 ventosa
1236 2002 1279 2036 et
1301 2007 1475 2052 prorsus
1504 1992 1708 2036 seducto-

325 2063 412 2120 ria3
434 2063 510 2106 ubi
532 2063 641 2107 nihil
664 2062 782 2107 aliud
799 2063 999 2107 nutriunt
1019 2078 1153 2123 quam
1175 2063 1421 2122 superbiam
1437 2097 1448 2117 ‚
1474 2071 1518 2106 et
1538 2077 1613 2106 cor
1634 2077 1709 2107 eo-
1752 2069 1753 2098 l

325 2148 423 2176 rum
457 2132 717 2190 congelascit
748 2132 952 2176 adversus
984 2138 1114 2176 Deum
1134 2168 1144 2186 ,
1175 2141 1218 2176 et
1250 2132 1300 2176 fit
1322 2131 1483 2176 durum
1506 2132 1708 2176 adversus
1750 2140 1752 2175 i

326 2203 511 2246 imbrem
525 2203 672 2261 gratiae
688 2202 820 2262 ipsius
838 2219 892 2247 ne
910 2201 1101 2246 fructum
1120 2203 1244 2246 ferat.
1259 2207 1573 2247 Praesumentes
1592 2202 1707 2246 enim
1750 2212 1751 2238 1

326 2274 470 2319 omnia
492 2274 572 2318 sibi
594 2274 819 2317 abundare
835 2309 845 2328 ,
871 2289 969 2334 quae
988 2273 1190 2317 videntur
1209 2274 1309 2317 huic
1328 2274 1428 2317 vitae
1450 2273 1704 2328 necessaria,
1748 2309 1749 2315 ,

325 2354 368 2388 et
390 2346 503 2388 ultra
526 2360 658 2404 quam
682 2345 915 2388 necessaria
932 2379 942 2399 ‚
968 2343 1237 2388 extolluntur
1253 2355 1321 2388 :et
1346 2360 1448 2388 cum
1465 2345 1550 2388 sint
1570 2343 1708 2388 homi·

325 2430 400 2459 nes
417 2430 494 2473 per
515 2414 788 2474 iniquitatem
803 2412 1025 2458 inferiores
1042 2415 1245 2458 omnibus
1264 2414 1530 2468 hominibus,
1546 2428 1624 2473 per
1639 2417 1708 2457 su·-
1745 2432 1748 2479 f
1814 2451 1815 2456 ,

324 2484 520 2544 perbiam
542 2484 781 2543 superiores
804 2499 848 2528 se
869 2492 1026 2543 putant
1048 2484 1250 2528 omnibus
1272 2484 1536 2527 hominibus.
1562 2487 1706 2543 Atque
1744 2488 1746 2528 1

326 2554 494 2598 utinam
527 2553 595 2598 vel
627 2553 738 2597 sicut
775 2552 878 2597 alios
913 2554 1110 2597 homines
1132 2569 1176 2597 se
1198 2568 1287 2598 esse
1308 2552 1582 2613 deputarent.
1614 2554 1702 2596 Hos
1743 2540 1746 2598 l
1813 2599 1815 2603 ,

375 2657 383 2673 ¹
408 2649 498 2683 vide.
516 2653 552 2683 D.
573 2650 697 2684 Guillon
711 2676 719 2693 ,
735 2655 812 2683 tom.
838 2660 920 2692 xxu,
943 2660 1013 2693 Pag.
1029 2648 1151 2692 44-55.
