1815 3253
412 193 655 224 :malumno
687 198 733 224 nv
764 194 969 225 PsALMUM
999 198 1125 226 chv.
1345 188 1432 230 479

45 275 211 321 pauper
236 260 282 305 in
311 262 454 305 sinum
484 260 695 318 Abrahae,
729 271 773 307 et
800 263 969 308 transiit
991 262 1110 308 dives
1138 263 1184 307 in
1217 272 1434 312 tormenta

43 331 298 377 inferorum.
319 333 460 378 Vicini
477 348 658 393 corpore
680 334 726 378 in
744 344 880 391 terra3
900 334 974 378 ille
995 335 1040 378 in
1059 334 1214 390 domo⁷
1241 335 1313 380 ille
1334 347 1435 383 ante

37 403 216 464 januam
232 422 241 448 :
260 412 357 464 post
369 412 555 448 mortem
574 413 746 449 tantum
762 405 963 465 separati,
983 414 1034 449 ut
1049 404 1166 450 dicat
1182 407 1404 452 Abraham
1423 428 1433 454 :

44 476 164 518 Inter
185 490 264 520 nos
281 484 325 520 et
346 490 420 521 vos
435 475 565 520 chaos
586 484 794 535 magnum
820 476 1042 520 firmatum
1064 477 1166 521 est¹.
1191 480 1328 537 Ergo,
1353 480 1440 525 fra-

42 552 144 601 tres,
163 546 372 605 quoniam
401 560 496 605 spes
522 547 591 590 hic
614 547 773 605 pascit,
794 545 884 592 vita
905 555 1052 591 autem
1074 557 1222 593 nostra
1242 548 1437 608 perfecta

42 630 133 660 non
149 625 213 660 est
227 650 238 669 ,
268 616 351 660 nisi
368 614 443 660 illa
473 632 573 677 quae
590 617 861 677 promittitur
878 638 889 675 3
909 617 980 662 hic
999 618 1187 676 gemitus
1202 653 1214 674 ‚
1244 617 1314 664 hic
1337 629 1438 665 ten-

42 685 254 742 tationes,
282 686 355 730 hic
377 688 586 745 angustiae
603 723 614 743 ,
639 688 709 732 hic
737 702 969 743 moerores,
1002 688 1074 733 hic
1093 689 1286 748 pericula
1311 710 1320 736 :
1346 690 1440 735 lau-

41 755 164 802 dabit
192 757 335 802 anima
365 767 512 807 nostra
545 759 784 804 Dominum
817 759 1041 820 quomodo
1067 759 1317 806 laudandus
1345 772 1437 820 est,

40 826 282 871 secundum
306 828 426 888 quod
455 829 618 874 dicitur
639 830 684 873 in
709 829 794 874 alio
821 830 997 875 Psalmo
1022 849 1088 875 :.«
1121 832 1242 876 Beati
1269 833 1346 893 qui
1366 833 1442 878 ha-

40 896 240 942 bitantin
253 897 386 942 domo
404 908 481 944 tua
493 934 504 955 ‚
519 900 564 943 in
581 900 740 944 saecula
755 900 1015 945 saecusprum
1029 900 1278 947 laudabunt
1292 912 1334 949 te
1350 907 1368 930 ‘²
1384 925 1395 962 3
1415 921 1436 946 »

39 967 219 1027 quando
256 977 401 1012 totum
442 971 669 1029 negotium
711 981 914 1016 nostrum
955 972 1047 1031 ipsa
1084 971 1178 1017 laus
1217 974 1313 1018 erit.
1357 974 1442 1019 Sed

39 1039 218 1099 quando
234 1040 344 1084 hoc?
366 1059 387 1083 «
413 1044 465 1086 In
487 1042 575 1085 vita
592 1057 704 1086 mea.
730 1061 750 1084 »
771 1042 906 1088 Modo
923 1043 1039 1087 enim
1057 1044 1168 1104 quid
1185 1047 1275 1089 est?
1292 1048 1440 1090 Posset

39 1111 120 1154 tibi
137 1110 301 1166 dicere,
319 1126 437 1156 mors
457 1127 570 1156 mea.
599 1112 725 1156 Unde
747 1128 862 1157 mors
883 1115 986 1157 tua?
1003 1114 1114 1166 Quia
1141 1116 1396 1174 peregrinor
1416 1131 1442 1161 a

39 1181 242 1226 Domino.
270 1182 314 1227 Si
335 1181 450 1226 enim
480 1182 645 1226 haerere
674 1180 759 1238 illi,
782 1183 872 1228 vita
899 1192 989 1241 est3
1015 1185 1219 1229 recedere
1248 1186 1303 1230 ab
1332 1185 1409 1232 illo
1425 1222 1438 1244 ‚

39 1267 155 1298 mors
172 1262 250 1298 est.
273 1252 356 1298 Sed
378 1252 488 1313 quid
503 1262 545 1297 te
571 1254 849 1299 consolatur?
872 1258 991 1315 SpeS.
1013 1258 1038 1300 J
1042 1271 1112 1300 am
1125 1257 1233 1302 vivis
1254 1257 1300 1302 in
1328 1273 1404 1318 spe
1428 1277 1439 1305 :

39 1324 96 1368 de
112 1339 187 1384 spe
207 1323 354 1380 lauda,
375 1324 431 1368 de
449 1339 524 1384 spe
546 1333 690 1369 canta.
711 1325 837 1370 Unde
855 1341 972 1371 mors
990 1336 1065 1372 tua
1088 1336 1152 1372 est
1168 1343 1259 1373 non
1273 1341 1438 1388 cantes,

40 1394 160 1440 unde
179 1396 286 1441 vivis
310 1405 453 1440 canta.
483 1399 605 1441 Mors
628 1405 703 1441 tua
725 1407 790 1442 est
820 1398 875 1442 de
901 1412 1091 1444 moerore
1112 1400 1243 1460 hujus
1264 1403 1411 1447 saeculi
1426 1438 1438 1459 ‚

39 1467 147 1513 vivis
170 1467 217 1511 in
248 1483 324 1527 spe
355 1467 503 1513 saeculi
523 1466 678 1513 futuri.
708 1469 986 1527 «Laudabo,
1010 1471 1177 1532 inquit,
1203 1474 1442 1519 Dominum

42 1555 64 1580 ³)
98 1538 144 1582 in
167 1538 256 1583 Vita
276 1553 387 1583 mea.
412 1556 434 1580 »

98 1611 220 1653 VIII.
254 1611 312 1654 Et
345 1609 571 1670 quomodo
591 1608 792 1654 laudabis
817 1611 1054 1655 Dominum
1081 1615 1235 1658 tuum?
1269 1633 1290 1657 «
1319 1615 1441 1660 Psal-

43 1696 64 1721 »
99 1677 187 1723 lam
221 1681 312 1723 Deo
347 1694 444 1724 meo
485 1679 684 1740 quandiu
717 1695 829 1724 sum.
866 1699 886 1722 »
928 1681 1078 1734 Qualis
1115 1682 1190 1727 illa
1217 1683 1413 1732 laudatio
1428 1722 1441 1744 ‚

44 1767 64 1789 «
100 1749 286 1793 Psallam
304 1752 396 1794 Deo
414 1765 512 1794 meo
534 1748 734 1810 quandiu
756 1752 886 1795 sum?
907 1769 926 1793 »
946 1751 1104 1796 Videte
1119 1788 1130 1808 ‚
1155 1752 1309 1799 fratres
1335 1757 1438 1814 mei,

40 1820 171 1881 quale
193 1821 276 1865 erit
293 1820 410 1866 ,illud
432 1836 537 1865 esse.
570 1821 656 1865 Ubi
682 1822 945 1881 sempiterna
973 1822 1170 1869 laudatio
1191 1827 1273 1870 erit
1294 1847 1304 1883 3
1329 1843 1442 1872 sem-

40 1892 264 1952 piternum
289 1907 380 1936 esse
409 1892 505 1936 erit.
529 1894 645 1937 Ecce
667 1892 800 1937 modo
829 1904 873 1938 es
900 1913 909 1938 ε
936 1895 1156 1954 numquid
1182 1896 1328 1956 psallis
1350 1901 1441 1944 Deo

40 1971 119 2007 tuo
151 1962 348 2022 quandiu
370 1964 448 2006 es?
475 1964 589 2006 Eece
622 1962 865 2022 psalleba83
896 1965 1088 2009 avertisti
1118 1975 1160 2010 te
1183 1967 1238 2010 ad
1261 1967 1441 2028 aliquod

41 2033 268 2092 negotium
285 2067 297 2088 ‚
314 2034 405 2092 jam
427 2048 517 2077 non
539 2031 700 2092 psallis,
721 2042 765 2077 et
780 2048 825 2078 es
850 2052 859 2078 ;
878 2049 976 2078 ecee
994 2050 1061 2087 es,
1092 2045 1136 2080 et
1160 2052 1250 2081 non
1273 2038 1436 2098 psallis.

41 2104 252 2148 Fortassis
273 2103 405 2147 etiam
428 2103 669 2163 cupiditate
698 2103 931 2148 inclinatus
954 2104 1009 2148 ad
1032 2104 1200 2166 aliquid
1217 2143 1228 2163 ‚
1253 2124 1344 2153 non
1366 2126 1440 2155 so-

40 2174 135 2220 lum
157 2191 248 2220 non
279 2173 426 2234 psallis
442 2209 453 2229 ‚
489 2173 566 2218 sed
587 2183 631 2218 et
652 2174 841 2219 offendis
864 2175 1063 2220 auditum
1094 2179 1212 2237 ejus3
1237 2189 1280 2223 et
1303 2196 1347 2225 es
1370 2190 1440 2226 ta-

42 2257 160 2290 men.
181 2248 291 2299 Quae
307 2245 390 2289 erit
411 2244 485 2288 illa
514 2244 709 2289 laudatio
725 2281 741 2301 ,
767 2245 845 2289 ubi
866 2246 1066 2306 quandiu
1086 2263 1130 2291 es
1152 2247 1336 2295 laudes?
1355 2251 1442 2297 Sed

44 2317 154 2378 quid
172 2317 232 2361 ait
246 2352 257 2373 ‚
286 2336 307 2359 «
328 2314 536 2370 Quandiu
556 2318 682 2359 sum?
702 2316 952 2377 Aliquando
968 2316 1082 2362 forte
1105 2335 1195 2364 non
1218 2322 1327 2366 erit?
1346 2326 1441 2368 Imo

45 2396 261 2432 aeternum
278 2387 360 2431 erit
375 2387 518 2447 ipsum
541 2385 634 2442 diu,
659 2395 704 2431 et
727 2386 826 2432 ideo
847 2402 949 2432 vere
969 2386 1049 2433 diu
1070 2389 1166 2435 erit.
1186 2393 1297 2438 Nam
1314 2392 1444 2453 quid-,-

95 2491 104 2508 ¹
123 2485 202 2518 Luc.
226 2493 294 2524 xvi,
314 2483 434 2526 19-26.
454 2499 496 2506 -
516 2489 530 2506 ²
545 2481 625 2516 Psal.
643 2493 773 2524 Lxxxm,
797 2481 831 2517 5.
