1815 3253
329 227 383 267 58
748 236 782 266 s.
817 236 1048 268 AUGUSTINI
1079 240 1260 268 Enscon

330 304 429 349 ideo
460 302 581 348 illam
607 319 696 349 non
717 305 847 349 sentis
865 339 877 361 ,
914 306 1016 365 quia
1046 305 1244 366 >quotidie
1277 305 1397 350 illam
1418 321 1542 351 curas
1567 326 1577 352 ε
1601 312 1723 367 ergo·

328 389 408 418 nec
428 375 520 433 ipsa
541 375 698 420 sanitas
716 375 843 419 nobis
864 384 928 419 est
944 375 1147 435 perfecta.
1779 377 1783 379 ’

386 447 488 490 XII.
510 448 715 490 Intendat
736 446 931 491 Charitas
949 449 1098 491 Vestra
1113 482 1140 508 ,⁶
1154 445 1377 506 quomodo
1395 461 1473 491 nos
1489 445 1705 504 intelliga-

329 530 425 559 mus
442 517 662 575 inopes,et
679 517 872 561 levemus
893 515 1040 561 oculos
1061 517 1115 560 ad
1132 532 1231 561 eum
1250 516 1504 577 quihabitat
1518 517 1704 563 incoeto.

328 588 426 632 Non
459 595 561 630 sunt
582 586 666 631 illae
681 603 795 632 verae
821 586 981 631 divitiae
1000 607 1011 644 ς
1036 587 1132 646 plus
1153 597 1315 646 augent
1343 586 1626 646 cupiditatem
1648 587 1708 632 eis

329 657 404 716 qui
422 672 491 701 eas
514 657 751 716 possident.
776 661 874 703 Non
898 667 961 701 est
979 657 1052 701 illa
1073 673 1173 702 vera
1194 656 1386 717 corporis
1407 657 1587 715 sanita33
1606 658 1708 717 quia

326 736 524 787 portatur
543 728 769 773 infirmitas
789 729 952 789 ubique
974 728 1188 774 defectiva
1212 749 1220 773 :
1246 743 1527 788 quocumque
1548 743 1592 772 se
1611 744 1710 773 ver-

330 798 445 853 terit,
461 798 622 844 deficit.
639 803 690 843 In
707 800 799 859 ipso
813 800 1028 861 adjutorio
1047 816 1137 844 non
1151 800 1341 845 invenies
1354 799 1679 843 firmamentum
1696 818 1706 844 z

326 867 511 912 lassatur
531 869 686 914 stando
703 890 714 926 3
734 869 882 927 sedere
902 870 997 915 vult
1017 905 1028 925 ‚
1050 870 1267 929 numquid
1278 869 1355 915 vel·
1369 868 1561 914 sedendo
1578 868 1711 914 dura-

328 939 422 982 bit?
445 939 574 992 Quod
596 940 677 983 sibi
690 940 818 998 elegit
830 951 880 985 ut
894 956 982 985 non
996 939 1272 999 fatigaretur,
1287 940 1348 983 ibi
1360 939 1490 983 habet
1507 938 1707 984 deficere.

330 1012 528 1054 Lassatus
543 1019 608 1054 est
617 1010 839 1069 vigilando
851 1046 861 1066 ,
881 1010 1146 1055 dormiturus
1158 1020 1222 1055 est
1239 1030 1247 1055 :
1265 1009 1480 1070 numquid
1498 1010 1600 1070 quia
1613 1009 1712 1054 dor-

328 1080 472 1135 mivit,
497 1095 587 1124 non
609 1079 756 1125 deficit
773 1083 790 1122 ἰ)
809 1084 1007 1126 Lassatus
1024 1090 1087 1125 est
1102 1081 1344 1141 jejunando
1364 1115 1375 1136 ,
1402 1079 1587 1125 refectus
1609 1089 1673 1124 est
1697 1099 1706 1125 ε

324 1151 357 1195 si
380 1151 477 1210 plus
495 1150 717 1206 refecerit,
741 1152 842 1196 inde
866 1151 1027 1196 deficit.
1053 1154 1104 1195 Iu
1128 1151 1248 1196 nulla
1273 1167 1317 1194 re
1343 1159 1484 1210 potest
1506 1165 1707 1210 perseve-

323 1237 420 1271 rare
437 1222 515 1265 ista
537 1222 778 1266 infirmitas.
806 1223 978 1267 Justitia
1001 1222 1133 1282 quid?
1147 1225 1319 1276 Quanta
1332 1221 1500 1282 justitia
1517 1230 1581 1265 est
1595 1222 1708 1266 inter

326 1301 467 1337 tantas
490 1294 782 1338 tentationes?
804 1298 1033 1338 Possumus
1051 1294 1274 1338 continere
1291 1293 1346 1337 ab
1364 1292 1597 1337 homicidio
1616 1327 1628 1347 ‚
1654 1292 1707 1336 ab
1773 1331 1776 1343 ‚

325 1362 561 1419 adulterio,
586 1380 609 1408 a
631 1362 756 1408 furtis
771 1399 782 1419 ,
808 1381 832 1409 a
850 1365 1047 1424 perjuriis
1063 1399 1073 1419 ,
1098 1381 1122 1409 a
1143 1363 1371 1408 fraudibus
1389 1362 1630 1423 :numquid
1655 1363 1708 1407 ab

325 1432 485 1493 iniquis
519 1434 877 1492 cogitationibus?
899 1433 1116 1494 numquid
1133 1443 1176 1478 et
1203 1451 1226 1478 a
1254 1433 1600 1492 suggestionibus
1616 1448 1710 1477 ma-

324 1503 466 1548 larum
484 1503 799 1563 cupiditatum?
817 1508 926 1558 Quae
949 1513 1012 1549 est
1040 1520 1142 1563 ergo
1159 1505 1327 1564 justitia
1355 1505 1528 1549 nostra?
1551 1506 1709 1548 Totum

322 1590 426 1633 ergo
448 1575 685 1619 esuriamus
699 1611 710 1630 ,
737 1584 880 1620 totum
902 1576 1115 1630 sitiamus,
1142 1585 1185 1620 et
1207 1591 1327 1620 veras
1349 1575 1519 1619 divitias
1539 1609 1550 1630 ‚
1576 1584 1620 1619 et
1632 1590 1711 1619 ve·-

323 1659 416 1689 ram
437 1646 666 1690 sanitatem
682 1681 693 1700 ‚
720 1655 763 1689 et
785 1661 930 1691 veram
948 1645 1176 1705 justitiam.
1203 1648 1311 1699 Quae
1333 1654 1436 1690 sunt
1459 1660 1571 1690 verae
1595 1644 1708 1690 divi·
1774 1639 1779 1676 s

325 1717 426 1761 tiae?
449 1717 646 1761 Coelestis
664 1716 738 1760 illa
761 1718 925 1762 mansio
946 1718 992 1761 in
1014 1717 1268 1761 Jerusalem.
1295 1718 1400 1770 Quis
1419 1718 1534 1760 enim
1552 1716 1711 1760 dicitur
1766 1737 1770 1744 ·

325 1786 444 1831 dives
463 1787 508 1830 in
531 1787 612 1831 hac
625 1789 766 1831 terra?
788 1786 974 1840 Quando
994 1787 1197 1832 laudatur
1217 1787 1358 1842 dives,
1388 1787 1497 1847 quid
1520 1786 1711 1831 dieitur?
1770 1839 1772 1844 ,

326 1857 518 1902 Multum
540 1857 658 1902 dives
681 1867 744 1901 est
759 1893 769 1913 ,
806 1858 916 1902 nihil
953 1857 1016 1902 illi
1039 1857 1172 1902 deest.
1209 1861 1323 1902 Laus
1347 1867 1469 1902 certa
1489 1856 1708 1901 laudantis

330 1926 400 1971 illa
424 1936 487 1971 est
513 1947 522 1972 ;
547 1943 645 1972 nam
669 1929 747 1972 ista
776 1944 865 1973 non
894 1938 981 1983 est,
1009 1944 1108 1972 eum
1127 1928 1312 1982 dieitur,
1348 1927 1466 1973 Nihil
1486 1926 1549 1971 illi
1570 1926 1705 1972 deest.

326 1997 516 2043 Attende
538 1998 572 2042 si
593 1999 702 2042 nihil
724 1998 858 2043 deest.
899 1999 941 2044 Si
964 1999 1074 2042 nihil
1094 2000 1216 2057 cupit
1232 2033 1243 2052 ‚
1269 1997 1379 2042 nihil
1406 1996 1468 2042 illi
1502 1997 1621 2042 deest
1643 2017 1651 2042 :
1675 1999 1710 2041 si

325 2076 470 2112 autem
502 2068 645 2112 adhuc
677 2069 798 2127 cupit
830 2070 1016 2128 majora,
1047 2084 1178 2128 quam
1213 2084 1311 2128 quae
1346 2068 1500 2125 habet,
1537 2067 1593 2111 ad
1627 2068 1710 2112 hoc

328 2148 597 2182 accesserunt
618 2138 780 2183 divitiae
796 2173 806 2193 ,
830 2148 880 2182 ut
903 2148 1068 2197 egestas
1091 2147 1316 2183 cresceret.
1346 2141 1395 2181 In
1426 2137 1498 2182 illa
1521 2154 1624 2182 vero
1646 2138 1708 2182 ci-

325 2209 458 2253 vitate
479 2224 592 2252 verae
620 2219 748 2253 erunt
785 2209 945 2254 divitiae
966 2245 976 2261 ‚
1017 2210 1118 2270 quia
1155 2210 1216 2253 ibi
1249 2208 1357 2252 nihil
1390 2209 1515 2253 nobis
1538 2208 1676 2253 deerit
1695 2229 1707 2266 ς

324 2279 425 2338 quia
447 2294 526 2323 nec
548 2279 840 2337 indigebimus
858 2279 1002 2340 aliqua
1025 2295 1070 2324 re
1084 2315 1094 2334 ‚
1115 2288 1159 2323 et
1179 2295 1279 2324 vera
1301 2279 1458 2324 sanitas
1477 2279 1574 2323 erit.
1600 2281 1709 2332 Quae

326 2358 388 2393 est
406 2364 506 2393 vera
528 2349 713 2393 sanitas?
728 2369 748 2392 «
769 2352 881 2394 Cum
899 2350 1100 2408 absorpta
1120 2349 1252 2393 fuerit
1269 2364 1383 2393 mors
1398 2350 1443 2393 in
1463 2350 1705 2403 victoriam,

328 2437 348 2460 »
384 2428 428 2462 et
461 2434 560 2463 cum
591 2420 871 2479 corruptibile
907 2421 988 2464 hoc
1016 2420 1208 2463 induerit
1244 2420 1639 2479 incorruptionem,
1665 2428 1710 2463 et

330 2509 349 2531 »
384 2490 567 2534 mortale
603 2492 686 2535 hoc
719 2492 910 2535 induerit
949 2491 1319 2536 immortalitatem
1336 2494 1348 2517 ¹
1387 2510 1396 2536 ι
1437 2509 1457 2533 »
1492 2499 1594 2535 tune
1626 2490 1705 2533 erit

377 2582 384 2598 ¹
410 2587 420 2607 ι
444 2578 518 2608 Cor.
537 2586 594 2618 xv,
615 2576 670 2613 53,
690 2576 742 2617 54.
