1815 3253
17 186 21 232 Ι
342 195 585 226 nmmum-10
617 197 662 224 m
695 194 898 225 PsALMtJM
930 194 1076 224 cxxvi.
1335 185 1417 224 109

0 285 4 314 ι
29 265 198 310 dimus?
219 263 450 317 Quomodo
487 264 706 319 homines,
739 274 957 325 quantum
994 277 1245 324 pOSStthS‚
1272 279 1417 323 quan-

33 346 121 380 tum
144 335 402 395 accepimus.
429 338 486 379 Et
518 335 618 396 quia
642 350 719 379 nos
752 335 865 379 sicut
894 334 1091 379 homines
1114 333 1383 378 custodimus
1400 369 1410 388 ‚

30 417 72 452 ct
107 408 296 467 perfecte
327 405 544 450 custodire
579 421 668 449 non
702 421 951 465 possumus,
983 403 1082 448 ideo
1111 405 1202 448 sine
1237 404 1418 448 custode

30 478 331 522 remanebitis?
348 477 485 521 Absit.
504 479 610 521 Nam
630 477 706 520 uhi
729 486 792 520 cst
806 476 879 520 ille
897 475 950 519 de
972 491 1061 535 quo
1081 474 1244 519 dicitur
1260 510 1270 528 ,
1292 494 1309 516 «
1329 476 1418 520 Nisi

0 559 1 577 t
32 568 51 590 »
86 548 294 593 Dominus
311 547 564 592 custodierit
585 547 832 602 civitatem,
856 547 900 590 in
918 562 1080 590 vanum
1107 545 1321 590 laboravit
1340 546 1418 606 qui

31 638 50 660 »
84 618 273 664 custodit
295 620 417 662 eam?
443 637 462 659 »
489 617 758 662 Laboramus
775 618 820 661 in
843 616 1156 669 custodiendo,
1181 615 1254 659 sed
1277 632 1416 660 vanus

27 698 90 734 est
109 689 232 734 labor
251 699 417 743 noster,
443 688 524 733 nisi
540 687 614 732 ille
636 687 878 742 custodiat,
902 687 977 748 qui
993 687 1112 731 videt
1135 687 1418 746 cogitationes

26 770 201 805 vestras.
227 759 431 805 Custodit
459 759 532 803 ille
549 775 649 803 cum
672 758 878 817 vigilatis,
905 759 1094 803 custodit
1128 768 1171 803 et
1193 774 1294 803 cum
1317 758 1420 803 dor-

28 831 219 876 mieritis.
248 831 326 875 Ille
348 831 462 874 enim
493 829 697 876 dormivit
724 831 770 875 in
803 846 932 875 cruce
954 830 1110 886 semel,
1143 840 1186 875 et
1207 832 1416 887 surrexit,

23 905 114 964 jam
126 918 213 947 non
236 902 412 947 dormit.
444 905 594 946 Estote
623 902 786 948 Isra'e'l:
814 922 834 946 «
860 903 972 956 Quia
999 919 1089 947 non
1117 902 1279 947 dormit
1296 938 1307 958 ‚
1341 919 1421 948 ne-

32 993 52 1016 »
86 989 171 1034 que
201 972 478 1027 dormitabit‚
505 973 581 1032 qui
612 973 804 1018 custodit
836 974 1012 1018 Isra'e'lk
1039 992 1059 1015 n
1087 974 1164 1018 Eia
1187 973 1361 1029 fratres,
1387 974 1420 1018 si

29 1043 229 1089 volumus
262 1043 342 1087 sub
364 1043 518 1086 umbra
543 1042 708 1086 alarum
731 1045 808 1087 Dei
841 1043 1072 1098 custodiri,
1109 1044 1242 1087 simus
1269 1043 1416 1088 Israel.

30 1114 305 1160 Custodimus
327 1114 442 1158 enim
461 1128 535 1157 vos
557 1128 608 1157 ex
630 1113 774 1158 officio
798 1114 1152 1174 dispensationis,
1177 1113 1253 1159 sed
1274 1124 1422 1159 custo-

29 1185 110 1230 diri
132 1185 332 1230 volumus
352 1184 595 1229 vobiscum.
625 1187 852 1245 Tanquam
873 1185 999 1229 vohis
1022 1195 1213 1245 pastores
1243 1201 1416 1240 sumus,

29 1256 102 1301 sed
123 1256 204 1300 sub
221 1255 295 1301 illo
316 1260 490 1300 Pastore
506 1255 734 1300 vobiscum
753 1271 852 1300 oves
868 1272 1033 1300 sumus.
1053 1259 1279 1317 Tanquam
1297 1257 1421 1302 vobis

29 1343 78 1371 ex
98 1327 180 1372 hoc
200 1326 298 1371 loco
315 1326 514 1370 doctores
535 1341 706 1381 sumus,
730 1325 806 1370 sed
829 1327 911 1371 suh
934 1326 1010 1371 illo
1033 1343 1123 1371 uno
1145 1330 1352 1386 Magistro
1374 1328 1420 1372 in

30 1399 108 1443 hac
128 1397 274 1442 schola
292 1398 518 1442 vobiscum
541 1397 833 1456 condiscipuli
851 1414 1014 1442 sumus.

85 1473 160 1514 IV.
179 1469 435 1515 Sivolumus
449 1469 657 1513 custodiri
675 1469 729 1513 ab
747 1468 821 1513 illo
840 1470 916 1529 qui
934 1469 1190 1514 humiliatus
1203 1480 1267 1514 est
1284 1486 1420 1530 prop-

30 1551 94 1586 ter
106 1556 198 1595 nos,
211 1550 253 1584 et
264 1540 473 1585 exaltatus
486 1549 550 1584 est
562 1540 618 1584 ad
632 1540 942 1584 custodiendos
958 1556 1051 1595 nos,
1070 1541 1255 1584 humiles
1268 1542 1416 1586 simus.

29 1614 164 1658 Nemo
187 1612 268 1655 sibi
286 1621 458 1670 arroget
474 1610 654 1671 aliquid.
682 1614 820 1656 Nemo
840 1611 975 1655 habet
992 1611 1158 1672 aliquid
1180 1613 1283 1657 honi
1305 1649 1316 1668 ‚
1337 1613 1419 1658 nisi

31 1682 85 1727 ab
105 1682 181 1727 illo
207 1683 419 1742 acceperit
433 1718 444 1738 ‚
465 1683 539 1742 qui
559 1681 677 1727 solus
699 1683 842 1727 bonus
862 1691 939 1727 est.
963 1684 1049 1736 Qui
1072 1692 1218 1727 autem
1236 1684 1317 1727 sibi
1337 1700 1419 1729 vo-

30 1753 158 1798 luerit
191 1770 390 1813 arrogare
417 1754 696 1812 sapientiam,
734 1754 892 1798 stultus
925 1763 1003 1799 est.
1046 1756 1107 1799 Sit
1143 1755 1340 1811 humilis,
1370 1766 1420 1800 ut

30 1825 174 1869 veniat
203 1825 410 1884 sapientia
437 1833 480 1868 et
509 1824 728 1869 illuminet
755 1825 896 1868 illum.
933 1825 976 1870 Si
1004 1835 1149 1869 autem
1183 1835 1419 1887 antequam

19 1896 173 1941 ‘veniat
193 1896 237 1940 in
259 1896 383 1939 illum
415 1896 648 1955 sapientia,
670 1905 796 1956 putat
827 1912 871 1940 se
904 1911 993 1940 esse
1024 1897 1286 1956 sapientem3
1318 1908 1419 1943 ante

31 1965 172 2012 lucem
202 1967 360 2025 surgit,
394 1975 438 2010 et
463 1964 660 2010 ambulat
681 1967 727 2010 in
750 1967 955 2011 tenebris.
992 1970 1049 2011 Et
1078 1967 1186 2028 quid
1223 1968 1346 2012 audit
1372 1969 1419 2013 in

32 2037 112 2082 isto
135 2037 336 2082 Psalmo?
362 2057 382 2079 «
406 2040 456 2081 In
473 2053 635 2082 vanum
658 2046 722 2082 est
743 2037 866 2082 vobis
881 2047 981 2082 ante
1002 2037 1146 2083 lucem
1167 2043 1414 2098 stirgere².»

33 2108 146 2161 Quid
169 2117 252 2164 est,
282 2127 302 2151 «
327 2111 379 2152 In
400 2124 562 2152 vanum
586 2117 650 2153 est
660 2108 784 2153 vobis
806 2117 906 2152 ante
934 2108 1077 2153 lucem
1100 2113 1302 2168 surgere?
1327 2129 1347 2152 »
1376 2110 1419 2156 Si

34 2180 213 2239 surgatis
247 2189 479 2240 antequam
502 2189 651 2239 surgat
671 2178 747 2224 lux
765 2215 776 2235 ,
803 2195 975 2224 necesse
997 2190 1060 2224 est
1082 2190 1132 2225 ut
1152 2181 1199 2224 in
1228 2182 1420 2226 vanitate

35 2251 312 2305 remaneatis,
353 2251 454 2311 quia
490 2251 536 2295 in
558 2251 748 2295 tenebris
781 2250 913 2295 eritis.
942 2252 1137 2296 Surrexit
1166 2251 1242 2296 lux
1273 2262 1420 2298 nostra

36 2322 228 2367 Christus
252 2342 259 2367 ε
287 2323 453 2367 bonum
471 2332 534 2367 est
558 2322 636 2366 tibi
660 2331 710 2367 ut
741 2338 891 2382 surgas
913 2332 1011 2382 post
1044 2324 1262 2368 Christum
1280 2360 1290 2379 ,
1329 2341 1420 2370 non

37 2407 182 2453 surgas
205 2403 306 2437 ante
339 2393 582 2438 Christum.·
608 2393 694 2446 Qui
719 2403 902 2451 surgunt
927 2403 1026 2437 ante
1055 2395 1312 2439 Christum?
1334 2395 1421 2448 Qui

39 2479 82 2508 se
101 2464 255 2510 volunt
287 2479 541 2524 praeponere
567 2464 754 2510 Christo.
780 2467 837 2509 Et
858 2465 936 2524 qui
973 2475 1076 2510 sunt
1097 2466 1174 2526 qui
1197 2482 1241 2511 se
1263 2466 1421 2512 volunt

6 2539 10 2728 1
86 2555 94 2572 ¹
115 2549 196 2582 Psal.
213 2560 285 2591 cxx,
304 2548 335 2591 4.
357 2565 398 2572 -
419 2549 498 2581 ²1d.
516 2559 625 2590 cxxvi,
644 2557 678 2582 2.
