1815 3253
419 272 662 302 ENAnRAno
695 271 738 298 m
772 268 974 298 rsAmwa
1005 271 1133 296 cxxv.
1383 258 1462 296 103

86 339 327 394 attendere,
358 340 433 383 sed
467 337 677 383 attendite
714 335 956 393 indigentes
985 335 1097 379 circa
1125 349 1216 378 vos,
1259 335 1343 380 Sed
1365 337 1465 396 quia

84 426 182 456 cum
200 409 421 454 laboribus
443 420 487 453 et
507 407 711 453 {erumnis
730 406 843 450 fiunt
865 406 941 450 ista
964 406 1008 448 in
1027 405 1106 448 ista
1122 405 1225 459 vita,
1245 405 1379 450 nolite
1396 406 1467 450 dc-

83 481 223 525 fieere.
267 483 317 524 In
349 479 548 538 lacrymis
582 477 799 522 seminatis
816 512 827 531 ,
859 477 903 520 in
938 474 1097 535 gaudio
1130 476 1315 519 metetis.
1349 477 1467 529 Quid

82 552 223 605 enim,
259 549 413 595 fratres
450 551 566 594 mei?
603 552 698 609 Ipse
735 546 921 607 agricola
950 544 1127 607 quando
1148 546 1345 606 procedit
1365 563 1468 592 cum

82 630 237 677 aratro,
258 630 301 665 et
322 629 467 681 portat
484 635 648 673 semen,
668 634 815 663 nonne
833 615 1069 678 aliquando
1086 614 1270 676 frigidus
1293 626 1355 662 est
1368 633 1468 663 ven-

80 701 149 737 tus
163 727 173 746 ‚
199 700 242 736 et
263 691 403 735 imber
426 691 650 735 deterret?
671 688 871 734 Attendit
887 686 1066 742 coelum,
1087 686 1207 732 videt
1230 687 1366 742 triste,
1382 696 1466 731 tre-

77 762 157 806 mit
184 762 368 821 frigore,
408 771 451 806 et
478 770 626 806 tamen
646 757 867 820 procedit,
893 767 937 802 et
958 757 1156 802 seminat.
1186 757 1327 802 Timet
1352 759 1467 804 enim

77 848 134 877 ne
159 848 260 877 cum
289 833 453 877 tristem
486 831 601 877 diem
631 830 817 876 attendit
842 838 886 874 et
914 838 1112 890 expectat
1135 829 1252 874 diem
1284 829 1463 886 laetum,

76 910 247 963 tempus
270 911 456 946 transeat
471 938 482 957 ,
514 911 557 947 et
577 917 667 947 non
688 901 880 946 inveniat
901 899 1022 961 quod
1042 910 1192 945 metat.
1214 899 1358 946 Nolite
1375 899 1466 946 dif-

76 972 212 1028 ferre,
247 971 401 1017 fratres
422 973 507 1016 mei
533 993 543 1029 3
583 973 793 1016 seminate
821 972 867 1015 in
897 971 1057 1029 hyeme
1077 1006 1088 1027 ,
1118 972 1327 1016 seminate
1349 971 1467 1017 bona

76 1059 204 1104 opera
225 1053 268 1088 et
281 1059 381 1088 cum
398 1036 575 1104 ploratis
596 1064 607 1100 3
627 1043 728 1103 quia
746 1077 757 1098 ,
787 1060 807 1084 «
832 1042 914 1096 Qui
936 1042 1153 1087 seminant
1168 1042 1213 1086 in
1229 1042 1461 1101 lacrymis,

78 1132 99 1156 »
132 1115 178 1159 in
200 1113 357 1174 gaudio
375 1122 556 1158 metent.
585 1131 606 1155 »
626 1113 810 1159 Mittunt
830 1113 994 1158 semina
1013 1127 1106 1169 sua,
1127 1112 1289 1158 bonam
1309 1113 1463 1160 volun-

74 1194 205 1230 tatem
228 1194 271 1230 et
291 1184 407 1230 bona
424 1199 571 1244 opera.

140 1257 258 1300 XIV.
303 1275 324 1298 «
359 1258 524 1300 Euntes
554 1254 705 1309 ibant,
742 1263 786 1299 et
817 1253 984 1299 flebant
1002 1289 1014 1310 ,
1052 1254 1274 1300 mittentes
1296 1257 1462 1302 semina

76 1343 97 1367 »
131 1341 206 1370 sua
220 1327 251 1370 1.
266 1343 286 1367 n
313 1330 452 1379 Quare
475 1326 670 1370 flebant?
692 1325 803 1379 Quia
822 1325 936 1370 inter
958 1325 1133 1370 miseros
1151 1336 1291 1382 erant,
1318 1336 1361 1371 et
1381 1327 1463 1372 mi-

71 1396 151 1442 seri
177 1406 315 1441 erant.
348 1396 503 1442 Melius
536 1406 599 1441 est
615 1432 625 1452 ,
651 1396 804 1441 fratres
827 1397 938 1452 mei,
974 1406 1026 1441 ut
1048 1396 1197 1441 nullus
1217 1397 1271 1442 sit
1299 1399 1455 1455 miser,

69 1482 200 1528 quam
218 1478 268 1512 ut
289 1476 338 1511 tu
354 1466 482 1512 facias
499 1467 852 1512 misericordiam.
872 1468 954 1520 Qui
976 1468 1091 1511 enim
1107 1477 1158 1512 ut
1178 1467 1309 1513 faciat
1328 1470 1459 1515 mise-

69 1537 297 1583 ricordiam
320 1547 442 1598 optat
463 1553 553 1583 esse
574 1538 750 1583 miseros
771 1573 782 1593 ,
805 1537 1027 1582 crudelem
1049 1539 1184 1584 habet
1209 1540 1457 1588 misericor-

68 1608 216 1655 diam-z
241 1611 464 1671 quomodo
481 1611 515 1654 si
532 1610 748 1665 medicus,
769 1619 819 1654 ut
837 1619 1054 1654 exerceret
1070 1620 1208 1656 artem
1224 1627 1364 1669 suam,
1376 1629 1458 1674 op-

67 1689 176 1726 taret
198 1697 288 1726 esse
311 1681 470 1727 multos
490 1691 691 1741 aegrotos,
708 1680 895 1727 crudelis
916 1680 1129 1727 medicina
1148 1693 1273 1729 esset.
1297 1685 1456 1731 Melius

67 1760 130 1796 est
160 1760 209 1796 ut
236 1767 384 1796 omnes
417 1754 510 1797 sani
537 1754 649 1808 sint,
679 1768 812 1812 quam
835 1761 885 1796 ut
904 1762 1154 1798 exerceatur
1176 1769 1243 1799 ars
1274 1755 1449 1802 medici.

66 1821 222 1867 Melius
238 1832 301 1866 est
320 1838 422 1882 ergo
438 1832 487 1867 ut
503 1839 652 1867 omnes
669 1823 785 1867 beati
800 1832 983 1883 regnent
996 1824 1041 1868 in
1057 1823 1130 1868 illa
1150 1825 1305 1884 patria,
1321 1842 1455 1887 quam

66 1901 117 1936 ut
144 1893 230 1936 sint
251 1893 410 1952 quibus
432 1893 710 1953 impendatur
735 1893 1042 1939 misericordia.
1070 1897 1233 1939 Tamen
1256 1897 1455 1956 quandiu

66 1971 167 2006 sunt
188 1963 349 2022 quibus
377 1963 677 2023 impendatur,
703 1979 794 2008 non
814 1963 1066 2009 deficiamus
1088 1965 1134 2008 in
1155 1964 1235 2010 ista
1257 1981 1454 2013 aerumna

64 2033 236 2077 mittere
264 2035 442 2078 semina.
479 2035 571 2079 Etsi
602 2050 703 2079 cum
731 2035 840 2080 fletu
870 2036 1156 2091 seminamUS‚
1182 2045 1330 2082 tamen
1351 2053 1455 2083 cum

65 2103 223 2162 gaudio
254 2114 481 2149 metemus.
513 2108 563 2148 ln
585 2104 660 2150 illa
687 2106 804 2149 enim
839 2106 1155 2151 resurrectione
1176 2117 1453 2154 mortuorum

64 2175 239 2234 recipiet
259 2176 443 2236 quisquc
466 2175 709 2235 manipulos
731 2191 846 2232 suos,
871 2175 917 2220 id
934 2185 1018 2232 est,
1040 2175 1233 2222 fructum
1257 2180 1447 2237 seminis,

62 2259 266 2289 coronam
291 2246 549 2304 gaudiorum
572 2255 616 2290 et
637 2246 929 2291 exultationis.
963 2250 1085 2293 Tunc
1100 2248 1182 2293 erit
1202 2249 1451 2310 triumphus

62 2313 304 2358 laetantium
326 2325 369 2358 et
390 2316 472 2375 ipsi
493 2317 622 2361 morti
651 2316 954 2362 insultantium
970 2353 981 2374 ,
1007 2318 1054 2362 in
1069 2334 1156 2380 qua
1178 2321 1444 2378 gemebatur.

64 2387 186 2429 Tunc
212 2384 359 2429 dicent
380 2387 509 2431 morti
536 2406 544 2431 2
567 2406 586 2428 «
612 2387 696 2432 Ubi
716 2397 796 2443 est,
820 2403 936 2433 mors
953 2424 964 2445 ‚
984 2391 1209 2436 contentio
1231 2393 1339 2436 tua?
1362 2392 1447 2437 Ubi

65 2472 86 2495 »
121 2463 183 2498 est
199 2469 328 2510 mors,
347 2456 521 2500 aculeus
534 2461 660 2500 tuus'2
677 2459 725 2500 ?»
740 2457 824 2503 Sed
841 2475 976 2519 quare
990 2461 1079 2520 jam
1098 2461 1322 2520 gaudent?
1336 2463 1447 2516 Quia

66 2542 87 2568 «
121 2528 302 2570 Portant
321 2526 564 2586 manipulos
582 2543 733 2572 suos.»
751 2530 879 2586 Quia,
902 2549 923 2572 ι(
943 2533 1108 2577 Euntes
1125 2532 1250 2577 ibant
1264 2567 1275 2588 ,
1300 2541 1344 2578 ct
1366 2533 1447 2577 sse-

109 2615 118 2632 1
139 2609 219 2643 Psal.
245 2621 339 2651 cxxv,
361 2611 393 2644 6.
415 2627 457 2634 -—
475 2618 489 2635 ²
511 2623 523 2644 1
544 2613 615 2645 Cor,
636 2622 689 2653 xv,
708 2613 761 2645 55.
