1815 3253
313 225 368 266 44
449 267 454 271 ,
735 240 770 265 3.
805 235 1035 267 Aueusnm
1067 239 1248 268 EPISCOPI

311 302 514 347 suscitata
535 301 789 347 immortalis
804 337 815 357 ,
848 317 926 362 per
946 318 1077 363 quam
1096 303 1180 348 fuit
1202 302 1257 347 ad
1279 312 1448 362 tempus
1472 303 1690 360 mortalis,

311 381 354 416 et
375 372 485 416 nihil
506 372 552 416 iu
582 372 694 416 coelo
717 374 1068 432 persecutionum
1090 374 1278 434 patiens,
1299 373 1407 417 nihil
1428 373 1692 418 malitiarum

311 451 354 486 et
382 442 716 502 opprobriorum
734 478 749 498 ,
780 443 891 487 sicut
917 443 962 486 in
996 444 1076 487 hac
1103 453 1216 488 terra
1250 442 1426 503 quando
1456 459 1535 503 pro
1569 444 1694 488 nobis

311 513 455 558 omnia
489 514 698 557 sustinere
726 513 928 573 dignatus
956 523 1020 559 est
1045 529 1321 574 :compassus
1351 524 1498 558 tamen
1522 515 1693 574 corpori

310 599 389 628 suo
416 586 461 627 in
492 592 603 627 terra
637 583 878 639 laboranti,
914 583 1024 628 dixit
1051 604 1059 629 :
1088 604 1107 627 «
1135 584 1289 637 Saule,
1325 584 1475 640 Saule,
1499 584 1606 644 quid
1624 599 1694 628 me

314 671 333 695 »
369 654 635 713 persequeris
655 655 704 698 ¹?
729 672 747 695 »
775 656 872 697 Jam
897 654 1036 712 ipsum
1064 669 1192 698 nemo
1214 653 1449 711 tangebat,
1477 662 1520 697 et
1540 669 1584 698 se
1604 654 1694 713 pati

310 725 654 783 persecutionem
676 724 730 768 de
752 723 864 769 coelo
884 723 1113 768 clamabat.
1148 728 1244 769 Non
1273 733 1430 783 praeter
1458 738 1578 783 spem
1603 739 1694 767 esse

309 793 535 849 debemus,
553 794 641 838 imo
663 809 763 837 eum
785 809 943 852 magna
965 794 1124 838 fiducia
1147 807 1423 853 praesumere,
1441 794 1540 854 quia
1564 795 1598 837 si
1620 809 1696 853 per

308 866 562 909 charitatem
584 866 672 923 ipse
695 865 920 909 nobiscum
942 865 989 908 in
1019 875 1133 909 terra
1155 874 1241 919 est,
1267 880 1345 924 per
1367 864 1566 908 eamdem
1589 865 1696 909 cha—

309 934 480 978 ritatem
502 943 545 978 et
566 950 642 979 nos
661 950 761 979 cum
783 950 834 979 eo
852 935 897 978 in
914 935 1026 979 coelo
1048 951 1211 979 sumus.
1232 934 1316 979 Sed
1343 934 1527 978 diximus
1545 950 1698 994 quem-

308 1004 545 1050 admodum
561 1006 786 1050 nobiseum
808 1006 898 1066 ipse
919 1006 964 1049 in
986 1015 1098 1051 terra
1119 1006 1189 1060 sit,
1214 1021 1365 1050 vocem
1390 1006 1483 1065 ejus
1505 1005 1694 1049 diximus

308 1076 363 1120 de
384 1076 497 1121 coelo
519 1078 723 1132 sonantis,
753 1097 772 1119 «
792 1077 934 1132 Saule,
963 1077 1106 1132 Saule,
1132 1076 1238 1137 quid
1257 1092 1329 1120 me
1351 1076 1621 1135 persequeris
1636 1078 1654 1118 ⁶?
1670 1094 1689 1118 »

308 1149 421 1191 Cum
438 1162 539 1190 eum
564 1147 717 1191 Saulus
739 1148 917 1191 omnino
941 1163 1030 1191 non
1064 1155 1283 1206 tangeret,
1311 1144 1386 1189 sed
1407 1160 1487 1190 nec
1509 1145 1689 1190 videret.

309 1218 540 1271 Quomodo
563 1227 707 1261 autem
727 1218 991 1272 ostenditur,
1013 1218 1114 1278 quia
1136 1226 1179 1261 et
1201 1232 1279 1261 nos
1295 1231 1396 1261 cum
1413 1215 1490 1260 illo
1511 1216 1557 1260 in
1578 1216 1694 1262 coelo

308 1289 487 1332 sumus?
510 1286 675 1332 Eodem
698 1288 791 1346 ipso
814 1287 949 1332 Paulo
973 1287 1167 1347 apostolo
1192 1287 1361 1332 dicente
1380 1306 1388 1332 ε
1409 1287 1485 1331 «Si
1512 1302 1693 1331 consur-

313 1376 332 1399 »
369 1358 531 1402 rexistis
563 1373 663 1402 cum
685 1358 884 1413 Christo,
918 1374 1017 1419 quae
1050 1373 1222 1402 sursum
1256 1366 1356 1402 sunt
1385 1358 1589 1418 quaerite,
1615 1358 1693 1401 ubi

312 1446 332 1470 »
367 1429 563 1473 Christus
592 1438 654 1473 est
682 1429 728 1472 in
759 1428 934 1472 dextera
966 1428 1041 1472 Dei
1069 1429 1247 1486 sedens,
1272 1443 1370 1488 quae
1399 1443 1568 1472 sursum
1591 1437 1693 1472 sunt

310 1516 331 1540 »
366 1500 526 1558 sapite,
558 1514 647 1543 non
681 1514 780 1559 quae
801 1513 930 1558 super
960 1507 1130 1542 terram.
1157 1498 1321 1543 Mortui
1353 1498 1469 1541 enim
1491 1499 1617 1553 estis,
1649 1507 1693 1542 et

310 1587 330 1609 »
365 1569 452 1612 vita
474 1578 613 1613 vestra
636 1568 888 1613 abscondita
912 1578 975 1613 est
995 1584 1095 1612 cum
1119 1569 1290 1613 Christo
1310 1568 1355 1611 in
1377 1570 1508 1612 De02.
1532 1587 1551 1609 »
1574 1571 1691 1626 Ergo

307 1648 349 1682 et
366 1637 439 1682 ille
461 1638 604 1683 adhuc
625 1638 828 1683 deorsum
851 1647 912 1682 est
930 1674 941 1693 ,
967 1647 1010 1682 et
1025 1654 1100 1682 nos
1117 1639 1207 1698 jam
1232 1654 1403 1682 sursum
1421 1654 1583 1682 sumus.
1612 1638 1691 1683 llle

307 1709 509 1754 deorsum
527 1719 588 1754 est
602 1711 898 1770 compassione
915 1710 1149 1764 charitatis,
1170 1725 1248 1753 nos
1266 1726 1435 1753 sursum
1454 1725 1602 1754 sumus
1616 1725 1691 1769 spe

306 1780 539 1823 eharitatis.
564 1799 582 1821 «
611 1783 693 1839 Spe
716 1780 830 1823 enim
853 1779 958 1823 salvi
980 1779 1082 1823 faeti
1104 1794 1252 1823 sumus
1272 1781 1303 1822 ³.
1327 1798 1345 1820 »
1365 1779 1448 1823 Sed
1471 1779 1571 1838 quia
1595 1794 1690 1838 spes

306 1859 450 1894 nostra
473 1860 588 1894 certa
611 1860 701 1905 est,
726 1850 923 1910 quamvis
945 1850 1145 1894 futurum
1168 1851 1222 1895 sit
1237 1886 1248 1906 ,
1273 1850 1331 1895 sie
1354 1851 1409 1894 de
1433 1850 1559 1894 nohis
1581 1849 1690 1895 diei-

307 1929 398 1974 tur,
424 1921 544 1980 quasi
563 1922 652 1980 jam
677 1919 840 1964 factum
863 1920 932 1964 sit.

382 1994 439 2034 ΙῘ.
474 1992 689 2034 Ascendat
717 2005 818 2047 ergo
853 1991 933 2033 iste
965 1999 1161 2034 cantator
1194 2009 1203 2034 :
1237 1989 1313 2034 sed
1341 1989 1396 2033 de
1417 2005 1688 2049 unoquoque

304 2059 434 2104 eorde
458 2069 647 2104 vestrum
679 2068 824 2103 cantet
848 2059 919 2102 hic
946 2060 1078 2103 homo
1095 2094 1105 2114 ,
1141 2069 1184 2103 et
1204 2059 1504 2119 unusquisque
1525 2060 1579 2104 sit
1610 2061 1688 2103 iste

304 2130 450 2174 homo.
477 2132 588 2174 Cum
622 2129 738 2173 enim
758 2127 897 2172 dicitis
918 2128 1026 2172 illud
1050 2129 1231 2187 singuli,
1252 2129 1355 2188 quia
1378 2144 1526 2173 omnes
1548 2145 1686 2174 unum

305 2201 400 2244 estis
425 2201 469 2243 in
500 2200 699 2255 Christo,
730 2215 844 2243 unus
865 2200 997 2244 homo
1018 2199 1127 2243 illud
1148 2199 1253 2244 dicit
1279 2220 1287 2244 ;
1313 2210 1356 2243 et
1377 2215 1466 2245 non
1484 2235 1494 2253 ‚
1521 2201 1589 2244 Ad
1617 2211 1682 2256 te,

306 2272 511 2324 Domine,
538 2269 773 2314 levavimus
791 2268 939 2314 oeulos
963 2279 1131 2313 nostros
1150 2270 1251 2314 :sed
1269 2269 1369 2314 «Ad
1392 2279 1455 2325 te,
1485 2272 1681 2326 Domine,

307 2358 326 2381 »
361 2339 500 2383 levavi
522 2339 670 2383 oeulos
701 2355 818 2383 meos
833 2341 864 2383 4.
891 2359 907 2380 »
935 2339 1108 2383 Debetis
1132 2338 1309 2399 quidem
1343 2349 1498 2398 putare
1522 2356 1684 2384 unum-

303 2425 523 2469 quemque
543 2419 732 2454 vestrum
756 2408 878 2469 loqui
895 2444 905 2463 ,
931 2408 1005 2452 sed
1024 2424 1137 2452 unus
1163 2409 1236 2452 ille
1256 2410 1440 2453 maxime
1458 2409 1654 2470 loquitur
1669 2446 1679 2465 ,

304 2480 380 2539 qui
411 2480 540 2524 etiam
571 2479 756 2523 diffusus
784 2488 848 2523 est
876 2488 968 2523 toto
989 2480 1095 2523 orbe
1117 2489 1345 2524 terrarum.
1375 2482 1493 2524 Unus
1512 2479 1583 2523 ille
1612 2481 1681 2525 10-
1746 2466 1748 2513 ,³

353 2570 359 2585 '
382 2566 452 2596 Act.
478 2575 523 2605 1³,
543 2563 574 2605 4.
593 2581 632 2587 —
648 2571 660 2586 ²
680 2564 794 2597 Coloss.
813 2575 858 2605 in,
882 2564 946 2596 1-3.
969 2581 1009 2586 ——
1026 2563 1232 2606 ³n0u1.vn1,
1255 2564 1307 2606 24.
1326 2563 1400 2593 -4
1426 2564 1507 2595 l‘sal.
1528 2575 1628 2606 cxxii,
1651 2575 1679 2596 1.
