1815 3253
333 295 388 334 76
761 305 794 333 s.
829 303 1059 335 Avensa-1111
1092 307 1274 335 EPIScom

330 369 583 415 felicitatem
605 379 907 430 peccatorum,
933 380 976 415 et
997 372 1105 417 vidit
1126 387 1197 417 eos
1214 372 1377 416 habere
1395 386 1562 431 pacem,
1576 387 1620 416 se
1642 387 1716 416 au-

328 450 417 485 tem
434 440 646 486 laborem.
663 442 861 487 Narravit
883 451 1030 486 autem
1044 443 1144 498 hoc,
1165 458 1266 487 cum
1276 444 1366 503 jam
1384 443 1598 497 evasisset,
1615 458 1716 487 cum
1780 474 1782 496 a

321 513 411 573 jam
436 522 630 558 correcto
648 512 778 558 corde
794 517 884 558 Deo
907 514 1145 559 inhaesisset
1160 550 1171 570 ,
1190 515 1380 559 narravit
1402 514 1619 573 praeterita
1640 529 1716 573 pe-

328 583 463 628 ricula
492 599 586 628 sua.
623 587 767 643 Ergo,
798 603 818 626 «
843 586 989 628 Bonus
1028 589 1140 629 Deus
1177 585 1322 629 Isra'e'l.
1362 603 1381 626 n
1411 583 1495 629 Sed
1521 584 1716 644 quibus?

331 673 351 697 «
387 656 531 699 Rectis
553 655 727 699 corde.»
746 656 826 708 Qui
842 665 944 700 sunt
967 657 1071 700 recti
1091 655 1250 700 eorde?
1274 657 1358 709 Qui
1376 671 1465 701 non
1489 656 1716 715 reprehen-

327 723 441 769 dunt
461 729 615 770 Deum.
642 727 728 779 Qui
751 736 853 770 sunt
875 727 982 771 recti
1004 727 1165 771 corde?
1186 727 1270 779 Qui
1291 726 1563 770 voluntatem
1593 741 1715 770 suam

327 794 382 841 ad
403 796 674 840 voluntatem
707 797 785 840 Dei
808 797 1026 855 dirigunt,
1060 813 1150 841 non
1171 796 1441 841 voluntatem
1465 796 1541 839 Dei
1562 796 1617 840 ad
1638 811 1716 840 vo-
1776 813 1778 821 ⁴

325 865 541 910 luntatem
562 882 683 910 suam
706 881 887 911 curvare
917 876 1147 911 conantur.
1178 870 1313 910 Breve
1334 875 1602 927 praeceptum
1625 875 1711 921 est,

326 945 377 980 ut
396 937 530 981 homo
553 936 709 995 dirigat
730 951 804 981 cor
827 952 969 981 suum.
986 936 1060 981 Vis
1074 936 1234 980 habere
1253 945 1418 980 rectum
1438 939 1546 980 cor?
1566 939 1630 980 Tu
1648 936 1715 980 fac
1774 966 1775 978 ¹

325 1007 447 1066 quod
463 1005 558 1051 vult
577 1009 690 1051 Deus
708 1006 817 1051 :noli
830 1011 969 1051 Deum
988 1006 1100 1052 velle
1121 1005 1263 1051 facere
1283 1006 1402 1067 quod
1424 1007 1487 1051 vis
1508 1016 1571 1051 tu.
1589 1006 1715 1051 Pravi
1774 1037 1775 1041 ,

325 1077 478 1122 cordes
496 1093 599 1137 ergo
620 1087 737 1133 sunt,
762 1078 807 1122 id
825 1087 909 1134 est,
931 1078 1007 1138 qui
1030 1087 1197 1122 rectum
1219 1093 1293 1122 cor
1315 1093 1405 1122 non
1426 1077 1614 1131 habent,
1640 1078 1715 1137 qui
1773 1094 1774 1125 ᾗ

327 1146 480 1192 sedent
506 1157 549 1192 et
581 1146 806 1207 disputant
834 1147 1057 1208 quomodo
1085 1148 1239 1192 debuit
1267 1147 1408 1192 facere
1444 1150 1590 1204 Deus,
1626 1162 1715 1191 non
1771 1179 1773 1206 Ξ

327 1217 551 1263 laudando
573 1217 694 1278 quod
717 1217 834 1273 fecit,
856 1218 930 1262 sed
954 1217 1328 1277 reprehendendo.
1344 1218 1571 1276 Cot-rigere
1589 1216 1714 1261 illum
1771 1250 1772 1253 η

326 1287 483 1332 volunt
504 1307 512 1332 :
538 1304 691 1347 parum
717 1297 780 1332 est
801 1288 902 1348 quia
924 1288 1081 1347 corrigi
1103 1288 1158 1331 ab
1181 1303 1232 1333 eo
1254 1286 1413 1332 nolunt
1433 1308 1444 1344 3
1467 1296 1510 1331 et
1532 1286 1711 1332 dicunt:

326 1360 424 1403 Non
446 1357 599 1403 debuit
622 1362 736 1403 Deus
758 1357 897 1402 facere
914 1373 1140 1418 pauperes,
1154 1358 1229 1402 sed
1251 1357 1332 1402 soli
1353 1357 1506 1402 divites
1528 1372 1617 1401 esse
1635 1355 1714 1401 de-

326 1429 519 1473 >buerunt
537 1449 548 1487 3
573 1438 616 1473 et
637 1429 717 1488 ipsi
737 1428 816 1474 soli
837 1430 1047 1474 viverent.
1063 1431 1120 1473 Ut
1141 1429 1248 1489 quid
1265 1428 1405 1473 factus
1432 1437 1496 1473 est
1518 1430 1714 1488 pauper?
1768 1430 1769 1474 1

324 1508 375 1544 ut
397 1499 504 1559 quid
526 1500 634 1544 vivit
649 1501 666 1543 P
682 1499 979 1559 Reprehendit
998 1503 1136 1543 Deum
1159 1501 1604 1559 pauperum.Quanto
1625 1514 1714 1543 me·
1767 1485 1769 1536 i

322 1569 405 1614 lius
424 1579 537 1614 esset
557 1585 723 1629 pauper
746 1570 849 1625 Dei,
876 1579 919 1614 et
941 1569 1059 1614 dives
1077 1579 1186 1614 esset
1208 1568 1262 1614 de
1282 1573 1371 1614 Deo
1389 1590 1399 1627 3
1424 1570 1507 1614 hoc
1529 1578 1592 1613 est
1608 1604 1620 1625 ,
1649 1584 1714 1613 se·
1766 1559 1767 1617 J

324 1649 531 1700 queretur
563 1639 831 1684 voluntatem
857 1638 960 1695 Dei,
1001 1649 1043 1685 et
1075 1639 1240 1684 videret
1262 1649 1562 1699 paupertatem
1591 1654 1714 1683 suam
1764 1667 1765 1704 }

324 1709 607 1769 temporalem
630 1725 742 1765 esse,
768 1719 810 1754 et
831 1710 1109 1754 transituram
1130 1745 1141 1765 ,
1167 1709 1336 1754 divitias
1354 1718 1499 1754 autem
1522 1709 1605 1754 sibi
1626 1710 1715 1769 spi-

323 1779 468 1824 ritales
489 1780 548 1824 ita
569 1789 774 1825 venturas
789 1816 800 1835 ,
825 1789 875 1824 ut
902 1780 1026 1824 nullo
1049 1789 1175 1839 pacto
1197 1789 1373 1839 possent
1394 1780 1615 1840 praeterire
1634 1815 1645 1834 ,
1671 1788 1714 1824 et

325 1851 506 1896 haberet
526 1851 570 1895 in
594 1851 753 1895 divitiis
775 1850 915 1896 cordis
934 1851 1083 1906 fidem,
1106 1852 1140 1895 si
1159 1851 1304 1895 cinon
1322 1851 1535 1909 contingit
1557 1865 1713 1894 aurum

324 1921 486 1965 habere
507 1922 552 1965 in
571 1923 698 1965 arca?
716 1922 827 1975 Quia
850 1922 883 1964 si
900 1936 1055 1965 aurum
1077 1921 1258 1965 haberet
1280 1921 1326 1965 in
1349 1937 1445 1965 arca
1463 1956 1474 1976 ,
1495 1920 1636 1964 furem
1658 1921 1716 1964 ti-

323 2002 485 2048 meret,
514 2001 558 2036 et
591 2007 747 2036 aurum
774 1992 829 2036 de
863 2008 960 2037 arca
983 1993 1114 2036 etiam
1148 1991 1299 2036 nolens
1322 1991 1524 2051 perderet
1549 2012 1557 2037 :
1581 1991 1713 2035 fidem

322 2072 468 2107 autem
491 2061 546 2106 de
578 2061 709 2106 corde
733 2078 822 2106 non
845 2062 1067 2122 perderet,
1093 2062 1127 2105 si
1148 2062 1238 2121 ipse
1262 2062 1381 2106 illam
1403 2061 1506 2106 inde
1527 2077 1616 2106 non
1635 2077 1711 2105 ex-

321 2133 515 2193 pelleret.
550 2133 648 2177 Cito
671 2143 815 2177 autem
844 2132 1094 2193 responderi
1118 2141 1261 2192 potest
1277 2167 1287 2187 ,
1313 2133 1564 2177 charissimi.
1592 2132 1712 2176 Fecit
1756 2142 1758 2178 Α

325 2207 436 2248 Deus
457 2218 693 2262 pauperem
711 2239 722 2258 ,
749 2213 800 2248 ut
823 2204 980 2262 probet
1001 2203 1221 2247 hominem
1241 2223 1251 2256 ς
1277 2211 1320 2246 et
1341 2202 1444 2247 fecit
1466 2208 1575 2246 Deus
1597 2202 1711 2245 divi·
1756 2216 1757 2237 i

327 2283 439 2329 tem,
474 2282 524 2317 ut
555 2274 713 2332 probet
738 2273 862 2317 illum
896 2273 950 2317 de
985 2288 1190 2333 paupere.
1218 2275 1276 2316 Et
1299 2273 1442 2317 omnia
1477 2289 1574 2332 quae
1609 2271 1712 2317 fecit

322 2346 436 2387 Deus
457 2378 467 2398 ,
499 2352 616 2387 recte
644 2343 760 2388 fecit.
798 2343 889 2387 Etsi
918 2359 1007 2387 non
1037 2357 1266 2402 possumus
1298 2341 1446 2387 videre
1482 2343 1711 2387 eonsilium

321 2414 453 2473 ipsius
474 2448 484 2468 ,
505 2429 639 2473 quare
661 2413 771 2457 illud
793 2415 852 2458 sic
875 2412 977 2457 fecit
998 2422 1041 2457 et
1061 2413 1173 2458 illud
1190 2413 1249 2458 sic
1276 2432 1284 2458 ε
1314 2414 1480 2458 bonum
1503 2423 1565 2458 est
1584 2413 1710 2458 nobis

321 2493 372 2527 ut
385 2483 626 2527 subdamur
640 2484 860 2543 sapientiae
879 2484 1028 2543 ipsius,
1051 2494 1093 2528 et
1111 2483 1338 2528 credamus
1351 2485 1453 2544 quia
1473 2483 1706 2538 benefecit,

323 2555 401 2598 etsi
422 2554 620 2599 nondum
642 2555 844 2599 novimus
861 2570 994 2615 quare
1018 2554 1121 2600 fecit
1146 2575 1155 2600 :
1179 2564 1222 2599 et
1239 2555 1498 2599 habebimus
1520 2570 1594 2599 cor
1613 2570 1708 2599 rcc-
1750 2551 1751 2561 ¹

324 2633 415 2669 tum
435 2660 446 2680 ,
482 2634 531 2670 ut
558 2641 871 2685 praesumamus
892 2635 935 2671 et
956 2625 1228 2672 confidamus
1253 2626 1299 2670 in
1316 2625 1502 2672 Domino
1517 2661 1529 2683 ‚
1554 2634 1598 2672 et
1617 2640 1707 2671 non
1748 2666 1749 2685 2
