1815 3253
0 330 6 392 'h

0 423 4 478 ὲ

0 556 5 615 i

0 688 7 756 k

335 204 576 235 ENARRATIO
609 207 654 234 IN
687 204 889 234 PsALMUM
920 208 1134 234 CXXXNHI·
1337 195 1421 235 305

40 279 199 317 nostrae
217 271 501 326 mortalitatis,
527 287 617 316 non
639 270 693 315 de
714 287 808 325 suo,
835 271 910 316 sed
932 271 987 316 de
1004 280 1151 316 nostro
1178 291 1186 317 :
1211 280 1261 316 ut
1281 281 1324 316 et
1346 287 1425 317 nos

41 342 312 386 essiceremur
329 342 557 403 participes
578 342 814 387 divinitatis
831 343 938 402 ejus,
963 357 1052 387 non
1074 341 1129 386 de
1151 351 1299 388 nostro
1313 377 1324 399 ,
1349 342 1427 387 sed

40 413 94 458 de
114 413 263 472 ipsius.

99 486 179 528 111.
209 503 229 526 «
249 483 450 539 Domine,
475 484 668 544 probasti
689 500 759 528 me
775 520 786 540 ,
807 493 850 529 et
866 483 1108 544 cognovisti
1124 498 1194 528 me
1208 485 1238 528 ¹.
1254 501 1274 524 »
1300 483 1425 528 Dicat

39 555 122 600 hoc
134 554 225 614 ipse
237 555 447 600 Dominus
461 558 584 600 Jesus
597 556 808 610 Christus,
827 555 942 600 dicat
958 555 1117 614 etipse,
1139 573 1159 596 «
1177 554 1376 608 Domine,
1401 571 1422 594 »

41 625 170 670 Patri.
195 627 293 671 Non
310 626 425 670 enim
449 627 659 671 Dominus
676 628 766 687 ejus
790 626 1054 685 Paterejus,
1090 625 1172 669 nisi
1201 624 1304 685 quia
1332 624 1428 683 dig-

40 705 167 740 natus
180 705 244 741 est
259 697 376 742 nasci
389 697 632 742 secundum
649 713 839 742 carnem.
863 701 990 742 Pater
1009 706 1073 741 est
1097 697 1189 750 Dei,
1216 696 1428 740 Dominus

39 766 241 811 hominis.
260 767 334 812 Vis
351 783 475 813 nosse
492 769 563 813 cui
580 772 706 813 Pater
721 769 811 813 est?
826 766 1022 829 AEqualis
1042 767 1124 812 sibi
1142 766 1268 812 Filio.
1294 769 1428 826 Apos-

38 838 152 884 tolus
174 838 304 895 dicit,
337 859 356 882 «
382 841 464 893 Qui
485 856 585 885 cum
603 842 649 884 in
673 841 812 886 forma
830 841 908 885 Dei
941 848 1072 894 esset,
1113 854 1204 883 non
1231 838 1429 898 rapinam

41 926 62 951 »
97 909 331 954 arbitratus
367 919 431 954 est
463 926 552 955 esse
582 911 761 971 aequalis
786 914 891 956 Deo.
921 929 941 952 »
978 910 1091 955 Huic
1120 909 1274 954 formae
1302 912 1430 953 Pater

39 988 103 1024 est
123 982 238 1024 Deus
255 1015 266 1035 ,
292 980 450 1041 aequali
461 982 542 1025 sibi
557 980 730 1038 formae,
746 981 974 1041 unigenito
996 980 1107 1025 Filio
1126 990 1229 1024 nato
1249 979 1304 1024 de
1321 979 1430 1024 sub-

39 1050 194 1095 stantia
217 1066 309 1096 sua.
337 1055 520 1111 Propter
541 1068 620 1097 nos
650 1063 796 1106 autem
814 1088 824 1108 ,
853 1062 903 1096 ut
925 1053 1203 1096 reficeremur
1217 1086 1228 1105 ,
1267 1059 1311 1094 et
1332 1051 1431 1094 effi-

40 1136 237 1167 ceremur
273 1123 505 1182 participes
539 1122 777 1167 divinitatis
813 1124 904 1183 ejus
925 1157 936 1177 ,
975 1122 1161 1181 reparati
1199 1120 1254 1165 ad
1294 1120 1431 1165 vitam

39 1201 244 1237 aeternam
263 1228 273 1247 ,
299 1193 400 1252 quia
420 1193 510 1253 ipse
528 1229 538 1249 ,
564 1203 614 1238 ut
635 1193 746 1247 dixi,
774 1191 913 1237 factus
936 1201 1000 1236 est
1021 1192 1236 1252 particeps
1263 1199 1430 1235 morta-

38 1260 170 1306 litatis
191 1272 350 1307 nostrae
372 1284 383 1320 3
412 1263 520 1323 quid
543 1264 597 1307 de
615 1263 691 1308 illo
713 1265 771 1308 ait
787 1262 1022 1323 Apostolus
1044 1261 1119 1317 ibi,
1144 1262 1223 1306 ubi
1245 1261 1428 1316 dixerat,

43 1351 63 1375 (ι
97 1335 181 1386 Qui
204 1350 305 1378 cum
332 1335 377 1378 in
401 1333 539 1379 forma
560 1335 638 1380 Dei
651 1343 776 1390 esset,
794 1350 885 1378 non
898 1334 1095 1393 rapinam
1119 1333 1354 1377 arbitratus
1367 1340 1432 1375 est

41 1421 61 1445 ν)
97 1419 187 1448 esse
208 1404 386 1465 aequalis
404 1408 524 1449 Deo?
550 1405 635 1450 Sed
657 1405 956 1464 semetipsum,
978 1403 1136 1463 inquit,
1159 1403 1425 1458 exinanivit,

41 1491 62 1515 »
96 1474 282 1518 formam
295 1476 406 1519 servi
423 1476 653 1535 accipiens,
668 1476 714 1519 in
727 1475 1011 1519 similitudine
1024 1475 1254 1518 hominum
1267 1474 1426 1527 factus,

41 1562 61 1586 »
97 1553 140 1588 et
162 1545 316 1589 habitu
351 1546 555 1590 inventus
577 1556 628 1590 ut
654 1547 844 1590 hom02?
865 1564 884 1587 »
905 1549 1011 1590 Erat
1041 1554 1188 1589 autem
1220 1545 1267 1588 in
1288 1545 1430 1588 forma

39 1616 115 1659 Dei
134 1615 313 1675 aequalis
337 1616 479 1674 Patri,
516 1625 559 1660 et
588 1616 756 1676 accepit
777 1615 963 1660 formam
996 1615 1139 1669 servi,
1165 1631 1251 1675 qua
1286 1615 1431 1658 minor

39 1695 144 1730 esset
166 1689 308 1730 Patre.
330 1686 456 1731 Unde
477 1696 716 1747 utrumque
733 1687 839 1732 dicit
855 1687 902 1730 in
918 1685 1158 1745 Evangelio
1172 1721 1182 1740 ,
1204 1695 1268 1741 et,
1293 1704 1313 1728 «
1334 1688 1429 1744 Ego

40 1775 61 1799 n
96 1766 139 1802 et
162 1761 286 1802 Pater
308 1774 449 1802 unum
462 1761 629 1803 sumus3
646 1778 655 1803 z
675 1777 696 1800 η
717 1768 776 1814 et,
796 1777 814 1801 «
832 1758 1049 1812 Quoniam
1061 1762 1189 1802 Pater
1205 1758 1344 1817 major
1357 1772 1428 1800 me

42 1845 63 1870 »
96 1831 203 1873 est⁴.
229 1832 322 1888 Ego
353 1839 396 1873 et
418 1833 697 1874 Paterunum
725 1845 873 1874 sumus
893 1864 904 1885 ,
932 1848 952 1870 »
979 1828 1223 1873 secundum
1240 1827 1430 1873 formam

40 1900 114 1943 Dei
140 1915 149 1940 ε
178 1919 200 1942 «
224 1903 351 1944 Pater
390 1900 528 1961 major
561 1917 630 1945 me
653 1910 743 1956 est,
772 1919 792 1943 »
814 1900 1058 1945 secundum
1087 1898 1272 1944 formam
1299 1899 1425 1943 servi.

41 1972 154 2029 Ergo
177 1971 278 2030 quia
299 1980 343 2015 et
365 1974 492 2015 Pater
508 1981 552 2015 et
571 1972 782 2016 Dominus
797 1981 882 2026 est,
908 1975 1035 2015 Pater
1052 1969 1206 2015 formae
1220 1970 1321 2024 Dei,
1349 1973 1432 2014 Do·
1448 1970 1457 1981 “

24 2041 182 2085 'minus
205 2041 357 2086 formae
389 2043 498 2087 servi
535 2062 543 2087 ε
566 2043 686 2088 dicat
708 2059 813 2103 ergo
833 2042 925 2103 ipse
945 2078 955 2098 ,
981 2058 1062 2087 nec
1090 2042 1320 2097 miremur,
1351 2055 1431 2085 nec

42 2111 406 2169 scandalizemur,
428 2114 530 2174 quia
564 2115 697 2158 Filius
721 2114 800 2158 Dei
831 2114 988 2157 unicus
1020 2112 1126 2158 dicit
1146 2147 1156 2167 ,
1188 2112 1428 2166 «Domine,

45 2200 67 2224 »
99 2184 289 2243 probasti
307 2199 398 2240 me,
415 2193 461 2229 et
470 2184 708 2244 cognovisti
725 2200 810 2229 me.
833 2185 1046 2238 Probasti,
1063 2194 1106 2228 et
1118 2184 1357 2242 cognovisti
1379 2202 1387 2227 :
1408 2201 1428 2224 »

44 2265 130 2300 non
147 2256 249 2315 quia
272 2271 360 2300 non
380 2266 581 2312 noverat,
606 2256 681 2301 sed
695 2257 797 2317 quia
814 2266 969 2301 notum
984 2255 1076 2299 aliis
1087 2254 1264 2299 fecerat.
1295 2274 1315 2297 «
1333 2258 1433 2298 Pro-

0 2324 2 2345 ²
47 2341 68 2366 n
101 2325 212 2369 hasti
234 2341 304 2369 me
324 2361 334 2380 ,
362 2326 506 2386 inquit
523 2362 533 2379 ,
559 2336 603 2370 et
624 2327 864 2385 cognovisti
886 2341 971 2370 me.
995 2343 1017 2367 »

0 2429 1 2435 ,
103 2397 177 2440 lV.
208 2415 228 2438 «
257 2399 323 2439 Tu
345 2398 584 2456 cognovisti
602 2398 834 2441 sessionem
850 2411 994 2440 meam
1011 2405 1054 2440 et
1074 2395 1435 2440 resurrectionem

10 2553 21 2638 ξ

30 2816 33 2856 l

91 2497 101 2515 ¹
130 2492 212 2524 Psal.
241 2502 375 2525 cxxxvni
391 2517 400 2535 ,
435 2504 464 2526 1.
486 2510 528 2515 —-
551 2499 563 2516 ²
589 2493 703 2535 Philip.
722 2504 767 2531 11,
788 2492 822 2534 6,
843 2503 874 2535 7.
895 2509 938 2515 —
968 2490 982 2515 3
1013 2495 1106 2525 Joan.
1131 2503 1170 2534 x,
1202 2492 1255 2525 30.
1286 2508 1328 2514 —-
1350 2490 1432 2523 41d.

49 2557 100 2580 xiv
116 2573 124 2589 ‚
154 2548 210 2580 28.

235 2613 355 2643 cxxx.
1225 2601 1277 2640 20
