1815 3253
360 224 604 256 numan-10
635 226 682 254 IN
715 223 919 255 PsALMUM
948 224 1115 253 cxxvu.
1364 208 1448 248 123

68 307 131 342 tas
161 297 314 340 Vestra
330 328 341 350 ,
366 308 466 338 cum
496 291 763 352 superiorem
787 290 1007 335 Psalmum
1032 287 1158 333 vobis
1189 295 1420 348 tractarem
1436 319 1448 340 ‚

68 367 144 428 q'ui
157 374 220 410 est
235 374 334 409 ante
351 365 497 418 istum,
514 363 743 406 incurrisse
760 377 837 406 nos
854 362 900 405 in
917 359 1151 420 quemdam
1167 372 1340 401 versum
1358 357 1452 401 obs·

68 451 220 482 curum
235 471 245 490 ,
277 435 354 479 ubi
388 433 554 477 dictum
576 443 639 476 est
660 468 669 488 ,
700 453 718 474 «
749 434 867 478 Sicut
887 431 1054 489 sagittae
1075 428 1120 472 in
1141 443 1275 472 manu
1296 436 1456 486 poten-

69 509 121 552 tis
141 542 152 562 ,
175 507 233 550 sic
254 506 330 549 filii
351 519 628 548 excussorum
648 506 657 529 ²
684 523 691 548 :
713 522 732 544 »
753 513 797 547 et
818 517 917 546 cum
937 514 1231 561 quaereremus
1242 496 1350 558 quid
1372 497 1457 541 sint

69 577 144 622 filii
175 590 450 620 excussorum
466 610 476 628 ,
510 574 652 618 visum
674 589 762 617 esse
785 573 934 626 nobis,
961 579 1219 629 suggerente
1242 577 1457 628 quantum

69 646 284 691 credimus
307 645 516 697 Domino,
541 643 651 687 filios
674 657 950 688 excussorum
969 640 1199 701 Apostolos
1217 638 1354 682 dictos
1369 652 1458 680 esse

72 718 181 762 filios
202 717 517 776 Prophetarum
539 734 548 758 2
577 716 679 774 quia
697 715 926 774 Prophetae
947 713 992 756 in
1008 710 1312 771 {enigmatibus
1327 708 1462 753 locuti
1520 710 1523 711 ⁷

73 796 174 832 sunt
188 796 230 830 et
244 786 390 844 figuris
406 800 549 828 rerum
568 794 774 844 tanquam
788 784 1097 842 mysteriorum
1118 780 1350 826 involucris
1363 795 1460 824 coo·

70 865 310 917 peruerunt
330 854 600 898 intellectum
623 874 630 899 :
652 856 726 915 qui
742 853 990 899 intellectus
1011 852 1188 913 prodire
1210 867 1299 896 non
1319 850 1466 910 potuit

71 926 126 972 ad
146 926 342 970 homines
358 961 368 980 ,
394 925 475 968 nisi
497 925 723 969 involucra
746 926 819 969 illa
841 933 1149 969 excuterentur
1175 942 1184 967 2
1209 921 1329 966 unde
1362 921 1468 965 dicti

72 1005 172 1042 sunt
195 995 255 1039 illi
276 994 354 1038 filii
387 1010 663 1038 excussorum
682 1030 692 1049 ,
720 996 795 1055 qui
818 994 872 1038 de
894 994 1121 1053 Prophetis
1143 992 1328 1036 excussis
1362 1006 1468 1049 pro-

73 1067 284 1112 fecerunt.
307 1069 424 1124 Ergo
440 1075 482 1109 et
500 1080 579 1109 nos
599 1067 870 1109 excutiamus
887 1065 1020 1108 istum
1041 1099 1051 1118 ,
1071 1078 1127 1106 ne
1143 1078 1221 1122 per
1242 1061 1468 1106 involucra

74 1137 279 1182 fallamur
295 1172 306 1190 ,
331 1147 375 1181 et
396 1146 626 1195 tangentes
646 1137 768 1196 quod
789 1137 906 1180 intus
928 1145 992 1179 est
1012 1143 1055 1178 et
1066 1150 1156 1178 non
1168 1133 1380 1186 videntes,
1398 1131 1468 1175 di-

75 1223 221 1252 camus
254 1206 368 1251 forte
407 1206 575 1264 lignum
608 1222 688 1265 pro
720 1222 826 1250 auro
841 1241 851 1256 ,
887 1214 963 1249 aut
988 1214 1143 1249 testam
1161 1218 1242 1263 pro
1269 1211 1463 1260 argento.

74 1277 360 1322 Excutiamus
372 1311 383 1331 ,
403 1276 436 1319 si
450 1276 625 1321 videtur
642 1277 852 1321 Charitati
869 1278 1034 1320 Vestrae
1054 1294 1063 1319 2
1085 1273 1224 1318 aderit
1237 1272 1466 1327 Dominus,

75 1356 126 1390 ut
145 1346 355 1406 procedat
375 1345 493 1405 quod
529 1347 646 1390 intus
675 1356 739 1390 est
765 1365 773 1391 :
800 1345 1012 1400 maxime,
1033 1345 1188 1389 fratres
1226 1343 1335 1397 mei,
1364 1344 1467 1402 quia

74 1419 318 1474 Martyrum
337 1416 531 1460 natalitia
554 1415 839 1460 celebramus.
865 1418 1038 1469 Quanta
1080 1414 1195 1458 mala
1223 1413 1334 1473 passi
1366 1421 1469 1456 sunt

76 1490 305 1545 Martyres,
325 1497 487 1547 quanta
511 1488 655 1542 exitia,
684 1496 848 1547 quanta
865 1495 1098 1540 tormenta,
1130 1484 1353 1545 squalores
1378 1499 1469 1528 cara

78 1572 242 1611 cerum,
263 1558 510 1601 stricturam
528 1566 798 1612 catenarum,
818 1557 1028 1601 saevitiam
1043 1555 1250 1610 ferarum,
1269 1554 1469 1598 ardorem

80 1627 353 1671 flammarum
371 1662 381 1681 ,
415 1625 589 1670 aculeos
632 1626 1013 1670 contumeliarum.
1052 1629 1137 1669 Ista
1177 1625 1323 1669 omnia
1359 1624 1470 1683 passi

80 1705 220 1741 essent
234 1731 246 1750 ,
271 1696 352 1740 nisi
373 1697 516 1740 nescio
539 1695 647 1756 quid
667 1695 866 1740 viderent
887 1712 976 1756 quo
998 1711 1042 1740 se
1070 1695 1302 1739 tenderent
1320 1730 1330 1750 ,
1350 1694 1471 1755 quod

83 1767 138 1812 ad
158 1768 288 1828 hujus
302 1767 448 1811 saeculi
472 1766 722 1811 felicitatem
738 1783 828 1811 non
845 1767 1063 1827 pertinet?
1082 1769 1226 1825 Turpe
1245 1775 1309 1810 est
1325 1775 1470 1810 autem

80 1846 131 1882 ut
149 1838 343 1882 natalitia
366 1841 613 1895 Martyrum
629 1837 915 1892 celebremus,
933 1838 1090 1882 horum
1107 1835 1310 1881 videlicet
1326 1852 1473 1881 servo-

83 1923 179 1953 rum
201 1908 277 1952 Dei
302 1909 680 1952 contemnentium
701 1906 918 1974 mundum
940 1907 1071 1951 istum
1102 1915 1281 1966 propter
1313 1907 1474 1966 sempi-

86 1987 248 2022 ternam
262 1977 528 2033 felicitatem,
545 1988 589 2022 et
604 1978 866 2037 accipiamus
884 1976 1005 2037 quod
1017 1977 1086 2020 hic
1098 1976 1308 2035 scriptum
1320 1985 1384 2020 est
1394 1987 1473 2036 pro

83 2049 284 2108 praesenti
299 2048 507 2093 felicitate
519 2085 529 2104 ,
562 2058 613 2093 ut
629 2049 891 2108 cuicumque
909 2047 1021 2092 forte
1038 2048 1206 2092 homini
1224 2048 1302 2091 Dei
1325 2047 1444 2091 fideli
1461 2083 1471 2102 ,

84 2118 167 2162 civi
180 2118 294 2161 illius
308 2118 546 2162 Jerusalem
559 2154 570 2172 ,
589 2119 814 2178 contingat
828 2119 956 2162 etiam
970 2117 1102 2162 ducta
1117 2132 1249 2161 uxore
1262 2117 1373 2161 filios
1385 2131 1475 2161 non

86 2187 270 2241 habere,
287 2187 502 2233 dicamus:
520 2191 618 2234 Non
635 2189 756 2232 timet
785 2189 918 2233 homo
935 2189 1014 2232 iste
1044 2188 1300 2244 Dominum,
1318 2202 1420 2231 nam
1443 2188 1477 2231 si

86 2257 258 2300 timeret
272 2257 522 2312 Dominum,
540 2274 649 2302 uxor
663 2260 754 2318 ejus
770 2268 978 2317 tanquam
993 2258 1119 2302 vinea
1134 2256 1288 2301 fertilis
1304 2266 1414 2301 esset
1431 2257 1477 2300 in

87 2325 219 2370 domo
231 2327 431 2385 ejus,non
443 2327 611 2381 sterilis,
624 2337 674 2371 ut
686 2328 858 2372 nullum
871 2337 1107 2386 generaret:
1119 2336 1162 2371 et
1171 2327 1205 2371 si
1216 2327 1386 2371 timeret
1397 2329 1478 2370 Do-

87 2395 255 2439 minum
269 2397 400 2440 homo
414 2397 493 2441 iste
505 2433 515 2451 ,
535 2397 612 2441 filii
627 2398 761 2456 ipsius
779 2397 1101 2442 circumdarent
1116 2412 1310 2440 mensam
1323 2397 1472 2456 ipsius,

89 2474 295 2526 tanquam
307 2467 481 2512 arbores
493 2467 719 2512 olivarum.
745 2468 788 2512 Si
799 2469 916 2513 enim
933 2467 1036 2514 talia
1049 2467 1300 2522 dixerimus,
1318 2467 1478 2510 anima=

137 2556 146 2573 ¹
166 2550 246 2584 Psal.
267 2561 371 2592 cxxvi,
390 2549 425 2592 4.
