1815 3253
327 228 382 266 80
757 238 792 266 s.
827 235 1059 267 Auens-nm
1091 238 1272 267 Emscom

321 304 444 348 cuitu
466 302 603 363 plebis
619 317 730 362 suae3
750 304 892 364 etipse
905 304 1091 349 muravit
1105 304 1279 364 plebem
1296 319 1418 349 suam
1435 304 1710 350 munimento

321 372 529 433 spiritali,
552 388 608 417 ne
628 383 855 418 moveatur
875 374 921 418 in
941 383 1169 419 aeternum.
1204 378 1263 420 At
1281 390 1385 420 vero
1401 373 1455 420 de
1475 374 1560 420 illis
1580 390 1710 420 mon·

324 443 440 488 tibus
461 443 584 488 malis
606 443 782 505 quando
799 443 995 504 loquitur
1019 445 1238 505 Scriptura
1255 480 1266 501 ,
1291 460 1381 490 non
1404 445 1462 490 eis
1483 445 1604 490 addit
1626 448 1708 490 Do-

321 514 505 558 minum.
520 512 642 558 Tales
661 523 853 569 montes,
863 515 952 574 jam
967 530 1079 574 saepe
1096 514 1281 560 diximus
1299 516 1421 560 vobis
1433 550 1444 571 ‚
1464 516 1710 575 significant

321 600 497 644 magnas
505 584 713 645 quasdam
729 585 908 639 animas,
922 585 998 629 sed
1015 585 1162 630 malas.
1176 589 1273 632 Non
1288 586 1401 630 enim
1415 586 1593 646 putetis⁷
1611 589 1709 630 Fra-

318 655 527 715 tres‚quia
540 656 883 715 potueruiit,fieri
898 656 1082 700 haereses
1096 672 1172 716 per
1181 656 1344 717 aliquas
1359 672 1510 716 parvas
1526 655 1703 701 animas.

318 728 416 771 Non
436 725 636 770 fecerunt
657 726 859 781 haereses,
886 726 966 770 nisi
983 727 1129 785 magni
1145 727 1342 771 homines
1361 746 1369 771 :
1393 726 1469 770 sed
1492 736 1709 786 quantum
1776 748 1777 751 ¹

317 796 484 855 magni,
503 805 676 841 tantum
693 795 795 839 mali
816 805 999 841 montes.
1023 799 1120 842 Non
1143 797 1258 840 enim
1275 804 1444 840 montes
1463 804 1586 840 erant
1603 794 1710 841 tales
1776 803 1777 810 ’

316 867 394 928 qui
410 869 678 927 susciperent
698 882 847 927 pacem
859 902 870 922 ,
886 876 935 911 ut
956 867 1086 912 colles
1103 868 1369 927 susciperent
1379 867 1591 927 justitiam
1606 886 1616 911 ε
1632 865 1709 911 sed
1774 906 1775 912 ,

316 937 379 981 illi
401 937 710 982 dissensionem
727 946 1012 996 susceperunt
1034 953 1057 981 a
1075 937 1251 982 diabolo
1268 947 1390 997 patre
1417 953 1510 982 suo.
1537 939 1708 981 Montes
1774 943 1775 946 ’

317 1023 420 1068 ergo
436 1017 558 1065 erant
583 1027 593 1053 :
619 1007 674 1052 ad
691 1007 797 1052 tales
811 1017 980 1052 montes
1002 1024 1106 1053 cave
1128 1024 1183 1052 ne
1206 1007 1361 1067 fugias.
1384 1008 1569 1052 Venturi
1590 1007 1707 1052 enim

316 1088 420 1123 sunt
435 1079 653 1133 homines,
674 1087 717 1122 et
733 1077 894 1122 dicturi
916 1079 994 1122 tibi
1008 1114 1020 1133 ‚
1042 1081 1226 1137 Magnus
1248 1077 1322 1122 ille
1339 1078 1428 1132 vir,
1454 1087 1498 1122 et
1526 1093 1709 1137 magnus

316 1149 389 1194 ille
402 1150 535 1193 homo
552 1148 716 1209 :qualis
736 1147 820 1192 fuit
837 1147 910 1192 ille
929 1151 1146 1193 Donatus?
1167 1148 1306 1208 qualis
1320 1156 1383 1191 est
1399 1148 1709 1192 Maximianus?
1770 1172 1771 1178 =

317 1228 361 1263 et
382 1219 526 1263 nescio
540 1218 636 1278 quis
649 1218 861 1262 Photinus
874 1218 1013 1278 qualis
1030 1217 1138 1262 fuit?
1151 1227 1194 1262 et
1211 1217 1284 1261 ille
1297 1217 1424 1262 Arius
1446 1215 1586 1277 qualis
1599 1217 1709 1261 suit?
1770 1216 1771 1220 ’

317 1292 479 1334 Omnes
501 1290 603 1334 istos
628 1298 797 1333 montes
830 1289 1050 1333 nominavi
1068 1324 1079 1344 ‚
1116 1288 1191 1333 sed
1221 1287 1518 1347 naufragosos.
1546 1287 1710 1332 Videtis
1768 1290 1769 1328 1

316 1362 419 1422 quia
451 1360 569 1405 lucet
591 1359 645 1403 de
665 1359 748 1403 illis
771 1359 916 1420 aliqua
941 1360 1115 1404 flamma
1137 1359 1367 1414 sermonis,
1406 1367 1450 1404 et
1480 1358 1634 1418 aliquis
1654 1357 1708 1402 de

316 1432 416 1491 ipsis
438 1431 549 1490 ignis
572 1430 840 1475 accenditur.
860 1431 902 1475 Si
920 1430 1129 1488 navigatis
1152 1430 1196 1474 in
1216 1429 1336 1488 ligno
1352 1464 1363 1485 ,
1383 1439 1427 1474 et
1437 1439 1610 1474 noctem
1627 1444 1708 1489 pa-

316 1501 485 1556 timim,
504 1500 551 1544 id
572 1510 657 1556 est,
683 1500 911 1558 caliginem
925 1501 1053 1560 hujus
1076 1500 1199 1558 vitae3
1223 1516 1312 1544 non
1333 1514 1407 1544 vos
1429 1498 1605 1554 fallant,
1627 1514 1707 1545 nec

315 1572 511 1631 dirigatis
533 1571 637 1616 illuc
663 1572 805 1615 navim
831 1589 841 1614 ι
866 1571 927 1615 ibi
949 1581 1052 1615 sunt
1072 1587 1168 1615 saxa
1186 1606 1196 1626 ‚
1222 1571 1284 1615 ibi
1302 1571 1526 1630 naufragia
1549 1586 1706 1630 magna
1764 1579 1765 1590 ¹

317 1643 445 1687 fiunt.
459 1644 570 1687 Cum
586 1657 689 1700 ergo
704 1641 782 1684 tihi
799 1640 964 1685 laudati
986 1639 1148 1685 fuerint
1170 1641 1239 1685 isti
1256 1650 1441 1696 montes,
1459 1650 1501 1685 et
1523 1641 1708 1701 coeperit
1740 1686 1742 1689 .

316 1713 395 1757 tibi
418 1711 589 1757 suaderi
605 1720 654 1755 ut
673 1710 819 1755 venias
841 1710 897 1754 ad
919 1712 1031 1770 ipsos
1054 1720 1238 1765 montes,
1257 1711 1377 1770 quasi
1400 1710 1456 1755 ad
1478 1710 1703 1765 auxilium,

316 1792 360 1827 et
382 1782 444 1826 ibi
467 1781 730 1842 requiescas3
767 1780 1002 1840 responde,
1029 1801 1047 1823 (ι
1078 1784 1128 1824 In
1151 1781 1336 1825 Domino
1359 1780 1562 1839 confido3
1592 1796 1707 1841 quo-

322 1874 340 1896 »
365 1853 497 1897 modo
520 1851 661 1896 dicitis
683 1851 838 1894 animae
859 1866 966 1894 meae
987 1885 999 1901 ‚
1037 1851 1311 1909 Transmigra
1342 1851 1388 1895 in
1410 1860 1579 1895 montes
1595 1851 1707 1896 sicut

320 1942 341 1966 >›
367 1924 562 1984 passer1‘?
590 1943 606 1963 »
633 1924 803 1965 Bonum
819 1930 883 1965 est
901 1921 1015 1964 enim
1038 1920 1134 1975 tibi,
1155 1929 1204 1964 ut
1225 1920 1270 1964 in
1293 1919 1387 1965 illos
1408 1929 1576 1965 montes
1589 1920 1705 1966 leves
1758 1919 1759 1945 ³

318 1993 492 2049 oculos,
519 1991 637 2036 unde
655 1991 733 2035 tibi
753 1990 960 2035 auxilium
980 2007 1003 2034 a
1022 1991 1206 2035 Domino
1234 1990 1313 2045 sit,
1342 2000 1392 2034 ut
1420 1991 1574 2035 evadas
1595 1991 1706 2036 sicut

316 2079 459 2124 passer
477 2062 533 2106 de
551 2060 791 2119 muscipula
812 2060 1065 2103 venantium
1081 2094 1093 2114 ⁷
1119 2075 1207 2103 non
1220 2060 1493 2118 transmigres
1510 2061 1555 2105 in
1577 2076 1705 2105 mon-

318 2144 395 2179 tes.
423 2137 570 2178 Passer
587 2131 701 2174 enim
722 2130 930 2174 instabilis
945 2145 1010 2173 res
1027 2142 1119 2183 est‚·
1133 2130 1219 2174 cito
1236 2139 1436 2174 movetur
1449 2165 1459 2185 ,
1485 2133 1570 2176 cito
1585 2130 1704 2176 volat

316 2206 418 2250 hinc
441 2212 485 2247 ct
505 2201 621 2246 inde,
645 2199 729 2245 Sed
747 2209 795 2244 tu
817 2200 988 2244 confide
1010 2200 1054 2243 in
1070 2200 1273 2256 Domino,
1288 2209 1331 2244 et
1351 2202 1432 2244 eris
1449 2201 1559 2245 sicut
1580 2217 1704 2247 mons

318 2276 437 2328 Sion,
451 2288 540 2318 non
553 2270 894 2317 commoveberis
911 2270 956 2314 in
973 2279 1202 2325 aeternum,
1218 2279 1261 2314 et
1277 2285 1366 2314 non
1383 2271 1704 2330 transmigrabis
1752 2298 1753 2301 =

314 2347 362 2391 in
379 2355 548 2390 montes
562 2344 674 2388 sicut
690 2357 847 2402 passer.
864 2341 1089 2402 Numquid
1101 2342 1161 2386 ibi
1183 2342 1242 2386 sic
1257 2343 1497 2388 nominavit
1515 2353 1698 2400 montes,

315 2426 366 2461 ut
382 2415 437 2460 de
454 2414 637 2459 Domino
657 2412 850 2456 diceret?

374 2489 449 2531 VI.
468 2485 552 2530 Sed
570 2492 739 2529 montes
754 2482 857 2527 tales
871 2496 966 2527 ama
982 2516 994 2538 ,
1012 2481 1058 2526 in
1080 2481 1240 2542 quibus
1255 2482 1464 2528 Dominus
1479 2492 1557 2528 est.
1579 2486 1700 2529 Tunc
1748 2498 1749 2515 ³

361 2577 370 2596 ¹
392 2570 474 2605 Psal.
494 2581 528 2613 x,
543 2579 574 2602 2.
