1815 3253
386 265 630 296 ENARRATIO
661 269 709 297 IN
740 266 946 297 PsALMUM
977 271 1108 298 CXXV·
1386 261 1442 300 89

50 333 258 395 quasdam
278 332 495 388 dedimus,
517 343 567 378 ut
583 334 793 393 primitias
808 343 974 379 nostras
996 349 1230 395 sequamur
1258 355 1266 381 :
1287 338 1441 396 «Ergo

6 431 8 459 t
52 424 72 448 »
107 415 149 458 et
169 420 247 450 nos
274 404 354 464 ipsi
376 405 422 447 in
444 404 763 464 nobismetipsis
788 405 1110 465 ingemiscimus
1128 441 1139 460 ,
1159 407 1440 465 adoptionem

6 471 7 538 J
52 494 72 518 »
106 481 376 536 expectantes
393 511 403 531 ,
425 475 769 535 redemptionem
788 477 979 536 corporis
1002 476 1155 521 nostri.
1185 495 1206 517 η
1227 478 1441 523 Gemebat

6 559 8 598 l
49 562 150 606 ergo
172 556 215 592 et
236 547 326 606 ipse
345 582 355 601 ,
377 555 420 590 et
453 556 634 605 gemunt
665 548 815 592 omnes
847 547 1020 602 fideles,
1055 546 1337 607 adoptionem
1371 564 1441 592 ex-

48 626 288 677 pectantes,
322 617 665 676 redemptionem
692 618 882 677 corporis
912 617 993 662 sui.
1039 617 1123 662 Ubi
1159 620 1370 676 gemunt?
1389 622 1440 662 In

50 689 126 732 ista
149 687 423 732 mortalitate.
445 690 589 740 Quam·
608 688 953 748 redemptionem
980 691 1245 748 expectant?
1268 691 1440 749 Corpo-

49 759 101 802 ris
123 759 215 812 sui,
243 774 341 818 quae
360 759 573 817 praecessit
594 759 639 802 in
667 759 853 803 Domino
875 794 886 814 ,
919 759 996 819 qui
1021 759 1256 803 resurrexit
1278 776 1300 804 a
1321 775 1441 805 mor-

50 830 132 873 tuis
147 864 157 882 ,
176 838 219 872 et
240 829 433 873 ascendit
450 829 495 873 in
509 829 687 874 coelum.
707 832 799 874 Hoc
817 831 943 875 nobis
956 839 1192 891 antequam
1211 830 1437 887 reddatur,

47 914 217 942 necesse
236 908 299 943 est
317 913 556 956 gemamus,
574 901 703 944 etiam
727 900 877 945 fideles
892 936 903 957 ,
928 901 1058 945 etiam
1076 911 1312 961 sperantes.
1333 901 1439 947 Ideo

47 969 242 1028 sequitur
261 969 338 1022 ibi,
366 978 408 1012 et
423 968 553 1027 dicit,
575 986 675 1013 cum
699 970 886 1026 diceret,
916 973 1008 1015 «Et
1026 972 1107 1030 ipsi
1131 971 1175 1015 in
1196 972 1439 1017 nobismet-

8 1026 11 1062 3
51 1058 70 1081 »
104 1040 203 1099 ipsis
230 1040 551 1098 ingemiscimus
581 1041 858 1100 adoptionem
891 1051 1168 1101 expectantes
1188 1073 1216 1098 ,A
1236 1044 1440 1102 redemp-

50 1128 70 1151 »
104 1112 265 1155 tionem
284 1110 476 1169 corporis
500 1111 635 1155 nostri
657 1131 665 1155 :
695 1129 714 1152 n
739 1112 861 1171 quasi
885 1111 1104 1155 diceretur
1126 1112 1164 1155 ei
1180 1148 1191 1167 ,
1217 1112 1334 1166 Quid
1359 1113 1437 1157 tibi

47 1195 147 1239 ergo
162 1180 327 1241 profuit
339 1181 551 1236 Christus,
568 1182 601 1225 si
615 1180 759 1226 adhuc
777 1182 910 1240 gemis
923 1203 934 1239 3
949 1191 992 1226 et
1006 1182 1226 1242 quomodo
1242 1182 1440 1228 Salvator

47 1252 210 1297 salvum
234 1262 275 1297 te
298 1252 430 1297 fecit?
449 1254 532 1306 Qui
560 1253 707 1311 gemit,
730 1252 874 1297 adhuc
893 1263 1089 1312 aegrotat.
1118 1255 1369 1315 Subjunxit,
1396 1265 1440 1300 et

48 1325 126 1379 ait,
156 1343 176 1366 «
198 1326 280 1383 Spe
300 1324 417 1367 enim
442 1323 547 1368 salvi
563 1324 667 1369 facti
689 1340 838 1369 sumus
864 1341 873 1366 z
900 1341 994 1385 spes
1013 1336 1159 1370 autem
1183 1343 1282 1387 quae
1310 1327 1438 1371 vide-

48 1403 118 1439 tur
133 1430 143 1449 ,
169 1411 258 1439 non
280 1403 344 1439 est
365 1411 460 1454 spes
488 1414 496 1440 :
517 1394 638 1455 quod
655 1397 771 1440 enim
790 1395 909 1441 videt
925 1398 1022 1457 quis
1041 1434 1051 1450 ,
1078 1397 1185 1458 quid
1205 1401 1376 1458 sperat?
1396 1399 1438 1443 Si

12 1487 14 1522 Ξ
49 1483 70 1506 »
96 1475 241 1509 autem
264 1466 385 1525 quod
407 1481 495 1509 non
510 1464 707 1510 videmus
730 1482 973 1526 speramus,
1000 1483 1077 1527 per
1094 1465 1350 1527 patientiam
1363 1484 1438 1512 ex-

12 1549 14 1580 !
49 1555 69 1577 »
87 1538 372 1595 pectamus¹.>›
385 1539 499 1580 Ecce
516 1552 651 1596 quare
664 1538 893 1596 gemimus,
909 1547 951 1582 et
968 1538 1191 1598 quomodo
1206 1539 1436 1598 gemimus,

47 1607 146 1668 quia
161 1607 280 1668 quod
294 1623 531 1667 speramus,
542 1608 631 1667 jam
647 1607 824 1667 quidem
838 1619 1133 1668 expectamus,
1150 1610 1224 1654 sed
1241 1609 1440 1654 nondum

48 1687 265 1733 tenemus,
294 1687 337 1722 et
369 1677 509 1723 donec
541 1687 766 1722 teneamus
786 1714 796 1733 ,
830 1679 877 1722 in
912 1689 1108 1739 tempore
1145 1681 1436 1740 suspiramus,

48 1749 148 1808 quia
169 1748 461 1793 desideramus
483 1748 604 1809 quod
626 1748 824 1793 nondum
848 1759 1062 1794 tenemus.
1090 1753 1262 1804 Quare?
1284 1770 1303 1793 «
1328 1752 1439 1805 Quia

50 1837 70 1860 »
105 1834 178 1878 spe
197 1818 302 1864 salvi
332 1819 436 1863 facti
460 1835 622 1863 sumus.
652 1837 672 1861 »
696 1822 794 1863 Jam
829 1836 930 1864 caro
960 1829 1132 1880 sumpta
1166 1820 1222 1865 de
1250 1821 1377 1866 nobis
1394 1822 1439 1866 in

14 1886 16 1922 ἶ
49 1889 233 1933 Domino
248 1925 258 1940 ,
279 1905 369 1933 non
389 1905 486 1948 spe,
513 1889 588 1934 sed
610 1905 655 1933 re
678 1890 793 1934 salva
815 1889 930 1934 facta
947 1899 1024 1934 est.
1048 1892 1301 1936 Resurrexit
1324 1893 1440 1935 enim

14 2004 17 2018 Ι,
49 1969 90 2003 et
113 1959 304 2004 ascendit
323 1960 367 2003 in
391 1961 532 2020 capite
557 1970 707 2005 nostro
731 1977 831 2005 caro
846 1970 992 2006 nostra
1008 1961 1124 2006 salva
1141 1997 1151 2016 ,
1174 1962 1219 2005 in
1233 1962 1440 2006 membris

15 2041 17 2047 ⁴
50 2030 190 2074 adhuc
213 2029 416 2074 salvanda
434 2039 511 2074 est.
541 2033 700 2075 Secura
721 2031 941 2090 gaudeant
957 2033 1177 2087 membra,
1203 2033 1304 2093 quia
1323 2049 1346 2077 a
1368 2049 1441 2078 ca·-

16 2150 18 2159 .
48 2100 137 2158 pite
157 2115 234 2144 suo
256 2116 344 2144 non
367 2109 468 2144 sunt
490 2099 671 2144 deserta.
700 2101 814 2145 Dixit
848 2101 963 2145 enim
998 2102 1203 2146 membris
1231 2102 1440 2148 laboran-

50 2170 188 2225 tibus,
218 2189 237 2212 «
258 2173 369 2214 Ecce
391 2186 471 2230 ego
493 2171 719 2216 vobiscum
746 2187 842 2216 sum
856 2188 997 2233 usque
1023 2172 1077 2217 ad
1097 2175 1440 2219 consummatio-

17 2292 19 2300 γ
53 2257 73 2280 »
108 2254 208 2282 nem
239 2240 424 2284 saeculi2.
454 2259 473 2282 »
511 2244 576 2286 Ita
613 2241 780 2286 sactum
818 2251 882 2286 est
909 2252 960 2286 ut
997 2253 1354 2288 converteremur
1385 2244 1441 2289 ad

51 2312 202 2354 Deum.
226 2313 352 2370 Spem
376 2312 490 2355 enim
508 2329 597 2356 non
618 2313 889 2357 habebamus
908 2349 918 2368 ,
940 2313 1021 2358 nisi
1041 2315 1096 2358 ad
1125 2314 1362 2374 saeculum3
1397 2325 1441 2360 et

17 2428 20 2439 ,
51 2379 151 2424 inde
173 2381 283 2425 servi
307 2382 475 2437 miseri,
497 2392 540 2426 et
562 2383 625 2427 bis
648 2383 813 2438 miseri,
835 2384 937 2444 quia
962 2393 1005 2428 et
1026 2385 1070 2428 in
1094 2385 1174 2430 hac
1197 2386 1285 2430 vita
1319 2401 1440 2445 spem

17 2445 20 2468 ²
52 2465 355 2508 posueramus,
395 2460 438 2495 et
464 2450 618 2496 faciem
652 2454 862 2498 habentes
895 2455 949 2499 ad
986 2455 1193 2499 saeculum
1212 2492 1223 2512 ,
1262 2457 1440 2500 dorsum

53 2530 200 2565 contra
216 2524 370 2565 Deum.
397 2523 509 2567 Cum
522 2538 625 2567 vero
646 2526 909 2570 converterit
927 2542 1006 2571 nos
1024 2528 1234 2572 Dominus
1251 2562 1262 2583 ,
1288 2536 1338 2571 ut
1350 2528 1439 2586 jam

103 2611 111 2628 ¹
128 2607 218 2638 Rom.
235 2616 304 2645 vm,
319 2606 437 2638 ‘zo-25.
458 2624 499 2629 —
519 2613 532 2631 ²
551 2607 664 2640 Matth.
692 2620 802 2650 xxviii,
817 2618 871 2641 20.
