1815 3253
0 2145 9 2222 ,ί

0 2209 8 2276 ἰ

345 250 586 281 ENARRATIO
619 254 663 281 IN
696 249 909 280 PSALMUM
931 251 1108 279 CXXXVI.
1342 236 1425 275 277

42 339 64 364 n
97 317 448 374 communicent,
475 319 767 363 thesaurizent
790 317 869 361 sibi
899 315 1237 361 fundamentum
1260 314 1429 358 bonum

39 392 84 436 in
106 391 306 435 futurum
324 425 334 444 ,
360 399 410 434 ut
436 389 768 449 apprehendant
790 403 936 433 veram
956 387 1088 431 vitam
1112 388 1142 428 ¹.
1167 403 1187 425 »
1215 387 1308 429 Hoc
1326 400 1430 428 can-

39 463 173 508 ticum
208 461 263 505 de
292 461 469 505 canticis
505 462 606 506 Sion
641 460 796 505 divites
837 466 1124 518 acceperunt,
1164 456 1304 516 primo
1338 472 1427 500 non

39 532 224 592 superbe
235 547 398 591 sapere.
421 531 649 576 Extollunt
672 531 786 575 enim
801 529 964 574 divitiae
981 548 989 573 ε
1008 538 1050 572 θῖ
1065 543 1175 589 quos
1193 525 1425 580 extollunt,

40 603 221 650 flumina
243 602 316 647 illa
340 602 518 648 tollunt.
544 602 661 656 Quid
681 618 784 661 ergo
807 601 873 645 his
895 600 1176 661 praecipitur}>
1198 602 1311 643 Ante
1334 613 1431 642 om-

39 675 109 720 nia
133 689 222 718 non
237 675 421 734 superbe
433 689 596 734 sapere.
620 673 749 727 Quod
766 672 934 717 faciunt
951 671 1128 726 divitiae,
1144 671 1229 715 hoe
1251 677 1434 714 caveant

38 745 84 790 in
117 744 276 788 divitiis
307 764 317 789 :
349 754 531 789 caveant
565 745 610 788 in
639 743 798 788 divitiis
834 742 1098 802 superbiam.
1140 745 1287 800 Ipsum
1316 740 1432 784 enim

37 815 202 861 malum
221 824 308 869 est,
335 814 704 875 quodimportant
726 813 914 857 maxime
946 813 1109 856 divitiae
1141 811 1328 856 incautis
1356 810 1434 853 ho-

38 886 242 931 minibus.
262 887 358 929 Non
381 886 496 929 enim
516 901 670 929 aurum
693 884 857 929 malum
876 893 940 928 est
959 919 970 939 ,
997 883 1117 943 quod
1140 886 1254 927 Deus
1276 879 1434 926 eondi-

40 957 103 1002 dit
127 976 135 1001 :
161 957 236 1001 sed
264 956 404 1000 malus
433 965 496 1000 est
524 957 656 1000 homo
690 972 843 1000 avarus
877 955 1126 1015 relinquens
1152 956 1401 998 Creatorem
1421 987 1432 1007 ,

40 1045 270 1076 conversus
298 1027 354 1072 ad
378 1037 638 1072 creaturam.
666 1031 760 1071 Hoc
787 1043 891 1086 ergo
927 1027 989 1077 ibi
1012 1035 1277 1085 praecaveat,
1303 1039 1359 1067 ne
1381 1023 1437 1068 sit

39 1101 275 1162 superbus,
313 1109 356 1144 et
393 1115 522 1159 super
561 1099 747 1143 fluvium
784 1098 1020 1156 Babylonis
1052 1098 1215 1142 sedeat.
1249 1099 1343 1140 Hoc
1372 1094 1436 1139 illi

41 1173 155 1217 enim
173 1172 337 1217 dictum
355 1181 433 1226 est,
452 1174 549 1216 Non
568 1171 753 1231 superbe
776 1185 950 1229 sapere:
974 1184 1076 1227 ergo
1098 1168 1262 1213 sedeat.
1283 1170 1436 1227 Neque

41 1259 209 1304 sperare
228 1244 272 1286 in
294 1244 461 1287 incerto
484 1241 736 1286 divitiarum
767 1261 776 1286 ε
799 1257 904 1300 ergo
933 1256 1064 1300 super
1085 1240 1266 1283 flumina
1290 1238 1437 1296 Baby-

40 1314 150 1359 lonis
167 1314 328 1358 sedeat.
358 1314 399 1358 Si
423 1313 538 1357 enirn
563 1313 750 1372 speravit
776 1313 822 1355 in
844 1312 1011 1355 incerto
1035 1310 1286 1354 divitiarum
1301 1346 1311 1364 ,
1348 1318 1438 1353 tra-

41 1384 161 1429 hitur
179 1401 201 1428 a
223 1385 408 1428 flumine
429 1382 682 1441 Babylonis.
703 1383 745 1427 Si
767 1398 871 1426 vero
887 1381 1182 1425 humiliaverit
1203 1396 1247 1424 se
1263 1415 1273 1434 ,
1291 1389 1334 1424 et
1348 1395 1440 1424 non

41 1455 322 1513 superbierit,
350 1463 392 1498 et
412 1470 499 1498 non
519 1454 754 1512 speraverit
771 1454 816 1496 in
834 1453 1002 1497 incerto
1024 1452 1272 1496 divitiarum
1287 1487 1297 1506 ,
1319 1450 1442 1495 sedet

41 1540 170 1584 super
213 1525 396 1569 fluvium
416 1560 426 1578 ,
466 1524 654 1583 suspirat
690 1533 865 1567 aeternae
905 1521 1145 1566 Jerusalem
1188 1520 1440 1566 recordatus

45 1595 145 1642 Sion
165 1616 176 1652 3
200 1604 242 1639 et
260 1605 309 1639 ut
333 1595 558 1654 perveniat
581 1593 637 1638 ad
663 1596 786 1649 Sion,
814 1603 979 1652 erogat.
1006 1597 1119 1637 Ecce
1140 1592 1275 1636 habes
1298 1592 1439 1636 canti-

43 1680 165 1721 cum,
192 1665 312 1726 quod
351 1665 506 1710 divites
529 1675 793 1724 aeceperunt
816 1663 870 1708 de
894 1663 1070 1713 canticis
1097 1664 1215 1708 Sion.
1243 1665 1440 1722 Operen-

44 1746 135 1793 tur,
161 1745 345 1796 tangant
367 1752 606 1796 organum,
632 1752 721 1781 non
751 1745 932 1791 vacent,
959 1751 1057 1780 cum
1088 1736 1335 1779 invenerint
1355 1735 1439 1779 ho-

45 1809 207 1854 minem
225 1809 444 1853 dicentem
469 1808 549 1852 sibi
563 1844 574 1863 ,
596 1809 713 1861 Quid
730 1817 793 1852 est
811 1807 930 1868 quod
946 1806 1237 1851 facisPPerdis
1258 1822 1324 1850 res
1345 1816 1441 1850 tuas

46 1888 164 1925 tanta
188 1879 412 1939 erogando
440 1898 448 1924 ε
479 1879 720 1923 thesauriza
743 1877 841 1922 filiis
874 1879 970 1922 tuis.
998 1880 1111 1923 Cum
1140 1876 1332 1922 viderint
1352 1893 1442 1922 non

45 1965 195 2010 capere
213 1986 224 2005 ,
250 1960 293 1994 et
311 1948 604 1994 intellexerint
626 1949 796 2008 lignum
821 1964 909 1993 esse
926 1947 1087 1992 salicis:
1111 1963 1201 1992 non
1223 1946 1349 1991 facile
1371 1946 1441 1991 di-

7 2060 9 2066 ,
48 2031 145 2066 cant
162 2037 297 2082 quale
320 2030 473 2079 agant,
510 2029 554 2064 et
579 2019 693 2080 quid
720 2029 880 2077 agant,
912 2017 1180 2078 suspendant
1211 2033 1260 2062 oi
1263 2033 1372 2076 gana
1396 2018 1442 2062 in

47 2091 246 2136 salicibus
277 2090 529 2148 Babylonis.
570 2094 733 2134 Praeter
755 2090 903 2134 salices
937 2099 1084 2134 autem
1117 2098 1321 2143 cantent,
1352 2105 1443 2133 non

49 2172 227 2218 cessen·,t
244 2171 494 2222 operentur
512 2164 611 2206 Non
623 2163 739 2205 enim
755 2161 944 2222 perdunt
959 2160 1080 2222 quod
1096 2169 1292 2220 erogant.
1309 2163 1441 2205 Servo

50 2234 384 2288 commendant,
419 2241 463 2276 et
489 2242 638 2277 tutum
665 2242 760 2290 est,
800 2234 972 2279 Christo
1016 2232 1359 2287 commendant,
1398 2241 1442 2276 et
