1815 3253
379 211 460 248 388
805 222 837 247 s.
873 219 1103 250 AUGUSTINI
1136 224 1316 252 13121500121

377 297 444 330 tus
463 285 596 329 intrat
622 304 631 330 :
656 300 733 345 per
754 285 955 331 timorem
977 303 1208 348 poenarum
1225 289 1530 349 temporalium
1552 289 1767 335 diabolusv

372 357 531 412 intrat,
568 372 646 416 per
673 358 874 401 timorem
903 359 1015 418 ignis
1047 361 1198 404 aeterni
1224 361 1421 406 Christus
1459 361 1605 405 intrat.
1641 364 1755 405 Ecce

371 430 583 485 Martyres
611 427 860 472 clauserunt
886 430 1067 489 januam
1104 439 1254 475 contra
1293 430 1516 475 diabolum
1538 466 1549 486 ,
1582 431 1755 475 Christo

372 507 650 558 aperuerunt.
679 498 882 543 Promisit
916 500 974 544 eis
1007 500 1145 545 multa
1177 501 1367 546 mundus
1390 502 1502 546 iste:
1543 502 1751 557 riserunt,

372 568 621 614 clauserunt
646 568 816 614 valvam
839 568 1087 629 cupiditatis
1120 569 1323 615 adversus
1346 570 1585 616 diabolum.
1612 572 1754 617 Mina-

370 648 441 684 tus
471 648 535 684 est
565 638 758 684 mundus
787 639 866 684 iste
897 640 1081 697 bestias,
1120 641 1259 699 ignes,
1283 656 1431 686 cruces
1456 661 1465 687 z
1491 658 1581 687 non
1602 642 1757 686 timue-

370 721 489 767 runt,
514 710 763 756 clauserunt
785 712 949 757 timoris
970 711 1142 757 valvam
1159 723 1309 758 eontra
1330 713 1569 758 diabolum.
1594 713 1755 759 Videa-

368 799 465 827 mus
504 783 540 827 si
571 792 837 843 aperuerunt
868 799 937 828 eas
969 784 1142 829 Christo
1173 803 1182 830 z
1227 803 1248 827 «
1282 785 1369 838 Qui
1400 783 1620 830 confessus
1657 800 1752 840 me,

372 871 393 895 »
428 853 571 913 inquit
589 888 601 909 ,
636 853 770 898 fuerit
791 869 938 899 coram
975 854 1253 911 hominihus,
1289 855 1531 900 confitebor
1561 854 1687 899 illum
1711 863 1756 899 et

372 941 393 965 »
428 938 508 982 ego
529 940 676 969 coram
698 928 825 969 Patre
848 941 967 982 meo,
988 926 1065 986 qui
1100 934 1163 970 est
1182 926 1228 970 in
1250 925 1411 971 coelis1.
1440 944 1460 967 »
1486 929 1755 971 Amaverunt

368 1009 471 1053 ergo
503 1010 688 1054 regnum
721 994 958 1052 coelorum,
1003 996 1082 1040 ubi
1121 1011 1193 1041 eos
1223 997 1505 1041 confitebitur
1537 997 1749 1041 Christus.

368 1065 601 1119 Quomodo
631 1082 702 1112 eos
724 1066 999 1112 confessurus
1017 1070 1108 1112 est?
1134 1087 1154 1111 «
1175 1069 1330 1112 Venite
1348 1103 1358 1124 ,
1379 1068 1600 1112 benedicti
1618 1069 1755 1112 Patris

370 1155 391 1178 »
426 1138 539 1193 mei,
565 1138 773 1198 percipite
794 1154 976 1197 regnum
997 1138 1119 1199 quod
1138 1138 1261 1183 vobis
1282 1148 1481 1198 paratum
1505 1148 1569 1183 est
1593 1138 1646 1182 ab
1668 1139 1756 1183 ori-

369 1225 390 1248 »
427 1207 525 1265 gine
546 1207 701 1252 mundi
715 1212 748 1251 2.
776 1225 796 1250 ³)
817 1209 1110 1253 Confitebitur
1131 1208 1228 1253 illos
1250 1208 1306 1252 ad
1327 1208 1547 1252 dexteram
1569 1209 1748 1268 positos,

366 1277 601 1321 Videamus
623 1277 657 1321 si
678 1287 720 1322 et
741 1278 906 1322 timoris
927 1277 1097 1323 valvam
1115 1279 1286 1324 Christo
1306 1288 1594 1338 aperuerunt,
1620 1295 1753 1339 quani

365 1347 541 1392 diabolo
563 1347 827 1393 clauserunt.
854 1350 951 1393 Uno
972 1348 1215 1409 eodemque
1244 1349 1342 1393 loco
1375 1349 1582 1393 Dominus
1602 1359 1752 1394 monet

365 1419 472 1474 hoc,
496 1427 547 1462 ut
575 1427 618 1463 et
639 1417 814 1463 diabolo
837 1418 1066 1463 claudatur
1081 1454 1092 1475 ,
1116 1428 1158 1463 et
1171 1419 1249 1463 sibi
1271 1419 1502 1478 aperiatur.
1533 1438 1552 1461 «
1573 1419 1716 1465 Nolite
1735 1455 1747 1476 ,

367 1509 387 1532 »
424 1490 583 1552 inquit,
604 1491 757 1535 timere
777 1507 849 1536 eos
871 1491 946 1551 qui
969 1507 1124 1551 corpus
1147 1490 1367 1546 occidunt,
1394 1491 1582 1535 animam
1604 1500 1751 1535 autem

368 1579 389 1604 »
424 1578 514 1607 non
535 1571 717 1622 possunt
744 1562 955 1607 occidere.
986 1580 1006 1604 »
1031 1563 1204 1607 Monuit
1225 1571 1276 1606 ut
1295 1562 1460 1606 timoris
1482 1561 1605 1606 valva
1627 1562 1672 1605 in
1691 1562 1752 1606 fa-

363 1633 474 1677 ciem
502 1631 679 1678 diabolo
702 1633 949 1677 elideretur.
981 1635 1098 1692 Ergo
1121 1631 1231 1676 nihil
1265 1641 1329 1677 est
1359 1631 1632 1676 timendum?
1654 1635 1753 1678 Non

364 1718 467 1762 ergo
489 1704 682 1763 aperitur
704 1703 845 1748 aditus
874 1703 1038 1747 timoris
1060 1703 1232 1748 Christo
1250 1737 1260 1758 ,
1288 1703 1363 1762 qui
1381 1701 1552 1746 clausus
1571 1712 1634 1746 est
1655 1701 1752 1746 dia-

363 1773 500 1818 holo?
519 1775 672 1819 Statim
689 1774 873 1834 subjecit
889 1809 900 1830 ,
925 1783 1136 1834 tanquam
1159 1772 1323 1829 dicens,
1348 1771 1580 1817 Exclusisti
1596 1772 1722 1816 illum
1736 1807 1748 1829 ,

364 1843 482 1905 aperi
504 1844 611 1888 mihi
632 1864 641 1889 :
666 1864 686 1887 «
709 1844 794 1890 Sed
816 1860 917 1889 eum
930 1845 1096 1899 timete,
1119 1843 1288 1904 inquit,
1314 1844 1390 1903 qui
1408 1843 1540 1887 habet
1558 1852 1750 1903 potesta-
1813 1879 1815 1882 Α

365 1934 386 1957 »
422 1925 511 1960 tem
532 1925 576 1960 et
597 1917 786 1961 animam
806 1928 847 1960 et
867 1931 1023 1976 corpus
1046 1914 1243 1960 occidere
1266 1915 1311 1958 in
1338 1914 1536 1973 gehenna
1554 1913 1705 1973 ignis&
1724 1933 1746 1957 υ

363 1988 461 2031 Jam
483 2002 585 2046 ergo
608 1987 642 2031 si
678 1986 926 2042 credidisti,
953 1995 996 2030 et
1016 1986 1220 2046 aperuisti
1248 1984 1420 2030 Christo
1439 2019 1449 2039 ,
1475 1983 1628 2028 claude
1650 1999 1750 2028 con-

361 2065 428 2102 tra
450 2055 690 2102 diabolum.
734 2061 857 2102 Intus
892 2066 955 2101 est·
991 2057 1187 2102 Christus
1206 2091 1217 2112 ,
1248 2055 1308 2099 ibi
1341 2055 1537 2100 habitat:
1568 2055 1748 2099 effunde

361 2136 463 2172 ante
483 2142 582 2171 eum
604 2143 778 2187 precem
799 2137 937 2182 tuam,
957 2126 1047 2170 noli
1065 2141 1261 2186 quaerere
1277 2135 1328 2169 ut
1345 2124 1399 2169 de
1415 2124 1546 2184 longe
1560 2134 1601 2168 te
1621 2140 1750 2169 exau-

361 2197 466 2242 diat.
491 2201 590 2243 Non
612 2199 728 2242 enim
744 2198 872 2255 longe
894 2206 957 2241 est
981 2197 1198 2256 Sapientia
1220 2197 1323 2251 Dei,
1353 2215 1373 2238 «
1399 2198 1506 2249 Quae
1529 2195 1750 2255 pertendit

361 2286 383 2310 >›
419 2285 443 2313 a
470 2268 557 2312 fine
581 2284 721 2328 usque
739 2267 793 2312 ad
814 2269 947 2312 finem
968 2267 1162 2323 fortiter,
1195 2276 1238 2310 et
1268 2266 1461 2326 disponit
1483 2266 1626 2310 omnia
1648 2282 1748 2310 sua-

360 2357 381 2380 »
415 2340 524 2383 viter
539 2339 570 2382 ⁴.
599 2357 620 2380 »
645 2342 760 2396 Ergo
775 2339 891 2382 intus
915 2337 1032 2398 apud
1050 2347 1091 2382 te
1114 2346 1214 2382 ante
1236 2353 1336 2381 eum
1373 2336 1551 2380 effunde
1571 2352 1744 2396 precem

360 2419 479 2454 tuam
521 2429 529 2454 :
560 2410 622 2453 ibi
654 2419 755 2454 sunt
782 2425 904 2453 aures
939 2410 1044 2469 ejus.
1086 2427 1106 2450 «
1138 2408 1245 2461 Quia
1268 2423 1410 2467 neque
1449 2407 1503 2451 ab
1538 2407 1741 2463 Oriente,

360 2498 380 2521 »
416 2494 559 2540 neque
581 2479 636 2523 ab
658 2478 916 2534 Occidente,
941 2493 1085 2538 neque
1107 2493 1130 2521 a
1151 2477 1327 2521 desertis
1349 2477 1570 2520 montibus
1589 2511 1598 2532 ,
1626 2493 1743 2536 quo-

407 2571 416 2588 ¹
445 2564 558 2597 Matth.
596 2575 614 2596 x
629 2588 639 2606 ‚
658 2564 710 2596 32.
732 2580 762 2587 -
794 2570 806 2585 ²
842 2564 888 2596 Id.
908 2573 984 2604 xxv,
1005 2562 1059 2605 34.
1082 2579 1124 2585 -
1152 2560 1165 2585 3
1185 2562 1229 2594 Id.
1249 2572 1279 2600 x,
1296 2562 1409 2602 23-37.
1430 2578 1471 2583 —
1492 2559 1507 2591 4
1526 2562 1598 2603 Sap.
1618 2571 1688 2603 vin,
1710 2572 1739 2594 1.
1782 2577 1785 2593 z
