1815 3253
430 242 671 272 munitm-10
704 245 749 273 IN
781 242 985 272 PsALMnM
1015 243 1108 270 ch.
1352 228 1437 268 375

51 309 462 368 casinlingua?non
485 308 723 368 prolaberis
743 309 789 352 in
812 309 995 352 verbum
1016 306 1209 351 durum?
1233 304 1317 351 Sed
1333 305 1441 366 quid

50 395 258 439 magnum
272 379 404 424 dicis?
422 378 538 432 Quid
552 394 758 437 magnum
769 381 787 422 P
799 397 818 421 «
833 379 919 432 Qui
938 377 1092 422 dixerit
1107 375 1230 421 fratri
1242 392 1337 431 suo,
1354 379 1440 420 Fa-

54 469 76 493 »
94 459 184 504 tue,
200 465 298 494 reus
311 450 391 493 erit
406 449 617 507 gehennae
636 449 744 506 ignis
757 451 785 491 ¹.
796 447 1128 493 »Contremiscit
1148 447 1233 506 jam
1254 455 1346 490 tota
1368 445 1443 490 illa

27 565 36 571 ,
51 520 270 579 superbia.
288 522 401 563 Ecce
408 519 499 579 jam
515 534 605 563 non
619 517 746 562 valde
759 516 861 562 facit
881 517 998 561 unde
1016 519 1132 561 Deus
1152 515 1351 560 videatur
1368 516 1444 561 im-

52 591 212 650 pietate
232 589 377 649 aliqua
398 588 712 648 blasphemari3
736 603 825 632 non
847 588 974 632 irruit
996 587 1041 630 in
1065 586 1255 646 aliquem
1276 584 1444 630 laeden-

53 660 279 714 dum‚non
294 658 396 707 facit
418 658 541 702 alteri
557 657 676 719 quod
690 658 780 717 pati
797 673 887 702 non
905 657 1000 702 vult
1026 676 1035 701 ι
1056 656 1166 716 quid
1187 656 1241 700 de
1262 656 1445 715 lingua?

52 730 149 790 quis
165 729 282 773 illam
294 729 469 774 domat?
481 729 563 773 Sed
576 744 674 773 ecce
679 729 769 789 jam
778 737 821 772 et
833 728 969 786 ipsam
983 727 1156 773 frenasti
1168 741 1444 786 3quanquam

51 801 151 861 quis
166 810 313 844 tantus
329 809 379 844 ut
392 800 476 844 hoc
489 800 608 844 omni
624 798 756 843 modo
774 799 994 858 perficiat?
1015 799 1099 843 Sed
1113 813 1213 842 ecce
1222 799 1313 858 jam
1329 797 1446 856 etip-

51 886 141 927 ,sam
159 870 333 914 frenasti
354 889 362 914 :
380 870 488 929 quid
502 868 605 914 facis
618 868 673 913 de
686 868 1021 927 cogitationibus
1036 867 1260 928 tuiquuid
1275 865 1378 912 facis
1392 866 1447 911 de

52 940 248 989 tumultu
277 949 322 984 et
353 950 524 984 caterva
553 939 862 984 rebellantium
899 938 1239 997 desideriorum?
1270 954 1360 986 non
1387 939 1447 982 eis

51 1013 127 1062 das
149 1011 372 1056 membra?
391 1014 457 1055 Ita
473 1010 626 1066 credo,
653 1020 696 1054 et
719 1010 868 1056 video:
894 1009 969 1054 sed
991 1019 1141 1054 tamen
1163 1009 1447 1068 cogitationes

52 1082 288 1143 aliquando
305 1081 518 1126 inclinant
535 1091 578 1125 et
593 1080 800 1125 auferunt
816 1090 858 1125 te
870 1116 880 1136 ‚
899 1080 1160 1141 plerumque
1180 1081 1227 1124 in
1251 1080 1448 1124 oratione

53 1153 238 1213 genibus
261 1152 372 1196 fixis.
399 1153 570 1211 Corpus
591 1151 828 1210 prosternis
845 1185 856 1205 ‚
881 1150 1046 1195 collum
1068 1165 1245 1205 curvaS,
1268 1150 1449 1194 confite-

53 1223 109 1275 ris
131 1232 308 1284 peccata
320 1258 331 1277 ‚
358 1226 497 1267 Deum
514 1221 668 1266 adoras
689 1221 842 1266 :video
859 1237 1016 1281 corpus
1028 1221 1107 1268 ubi
1122 1222 1281 1282 jaceat,
1297 1236 1449 1281 quaero

52 1294 131 1341 ubi
155 1292 309 1337 volitet
336 1293 520 1337 animus.
547 1292 687 1336 Video
709 1292 904 1340 membra
921 1293 1109 1353 jacentia
1137 1308 1146 1332 ε
1170 1291 1394 1336 videamus
1415 1291 1449 1336 si

51 1373 135 1416 stat
157 1364 442 1419 conscientia,
471 1362 696 1408 videamus
716 1363 750 1407 si
779 1364 864 1408 fixa
890 1363 1018 1407 estin
1047 1379 1148 1407 eum
1181 1378 1314 1423 quem
1345 1362 1449 1408 ado-

54 1444 120 1478 rat
135 1455 145 1491 3
165 1434 197 1478 si
210 1449 299 1478 non
313 1433 654 1493 cogitationibus
668 1433 929 1493 plerumque
939 1468 950 1488 ,
969 1442 1178 1493 tanquam
1193 1441 1301 1480 aestu
1319 1432 1448 1481 maris

52 1504 283 1564 abripitur,
300 1513 342 1547 et
364 1512 620 1562 tempestate
636 1502 803 1547 tollitur
817 1503 861 1546 in
875 1502 995 1547 aliud
1011 1511 1142 1563 atque
1159 1501 1294 1546 aliud.
1311 1501 1446 1547 Modo

53 1575 86 1619 si
99 1589 270 1618 mecum
286 1574 540 1634 loquereris,
555 1582 598 1617 et
610 1573 753 1617 subito
767 1582 980 1618 averteres
996 1583 1037 1617 te
1050 1572 1106 1617 ad
1117 1587 1289 1617 servum
1299 1581 1444 1628 tuum,

53 1654 96 1691 et
113 1645 352 1690 dimitteres
386 1660 455 1687 me
473 1679 485 1699 ‚
525 1659 615 1688 non
647 1642 746 1695 dico
776 1659 799 1687 a
823 1658 912 1703 quo
946 1642 1111 1703 aliquid
1133 1643 1334 1702 petebas,
1369 1641 1447 1687 sed

52 1731 151 1761 cum
176 1731 265 1775 quo
286 1730 335 1759 ex
353 1730 482 1775 aequo
502 1714 774 1774 loquebaris3
800 1729 890 1766 non
928 1714 1035 1757 mihi
1058 1714 1262 1773 injuriam
1285 1711 1445 1758 factam

52 1786 340 1847 deputarem?
359 1789 473 1830 Ecce
494 1785 601 1846 quid
623 1783 726 1829 facis
748 1783 946 1845 quotidie
976 1787 1081 1829 Deo.
1108 1783 1290 1845 Qualem
1311 1783 1445 1828 modo

52 1856 139 1902 dixi
157 1892 168 1912 ,
196 1857 375 1900 fratres?
399 1859 496 1900 Jam
514 1871 615 1899 eum
636 1856 713 1916 qui
734 1855 876 1899 solum
895 1857 1035 1899 Deum
1053 1853 1157 1899 colit
1177 1889 1188 1909 ,
1209 1854 1286 1914 qui
1303 1854 1446 1902 Chris-

52 1935 148 1970 tum
171 1927 426 1981 confitetur,
445 1926 520 1986 qui
534 1929 706 1973 Patrem
719 1934 762 1968 et
785 1924 944 1968 Filium
965 1933 1009 1968 et
1023 1924 1233 1984 Spiritum
1243 1933 1445 1969 sanctum

54 2013 192 2041 unum
215 2001 353 2044 Deum
373 1997 509 2051 novit,
528 1996 713 2056 quinon
736 2004 836 2055 post
856 2010 955 2040 eum
978 1994 1237 2052 fornicatur,
1263 1995 1444 2055 quinon

53 2069 206 2112 adorat
227 2068 446 2112 daemones
462 2102 472 2121 ,
499 2067 575 2127 qui
600 2066 759 2110 auxilia
782 2066 863 2110 sibi
882 2082 906 2110 a
922 2065 1101 2110 diabolo
1126 2082 1216 2110 non
1234 2066 1440 2126 requirit,

53 2138 129 2198 qui
151 2147 269 2181 tenet
292 2136 528 2187 Ecclesiam
562 2137 821 2181 catholicam
838 2157 849 2193 3
885 2136 939 2180 de
973 2137 1096 2196 cujus
1123 2135 1279 2180 fraude
1312 2150 1443 2181 nemo

53 2200 357 2268 conqueritur,
393 2207 448 2251 de
470 2208 592 2267 cujus
621 2222 818 2266 pressura
851 2222 939 2250 non
962 2207 1096 2264 gemit
1128 2206 1295 2253 vicinus
1316 2206 1442 2250 infir-

53 2293 170 2332 mus,
195 2277 271 2338 qui
294 2292 469 2321 uxorem
502 2277 685 2321 alienam
713 2293 802 2321 non
825 2285 965 2321 tentat
985 2312 996 2331 ‚
1021 2276 1098 2337 qui
1129 2285 1361 2321 contentus
1380 2285 1443 2320 est

53 2363 127 2397 sua
146 2384 156 2403 ,
183 2357 258 2392 aut
279 2348 355 2408 qui
377 2363 457 2391 nec
478 2348 567 2406 ipsa
591 2363 667 2391 sua
682 2383 693 2401 ,
713 2347 789 2391 sed
807 2347 1028 2407 quomodo
1044 2347 1147 2391 licet
1161 2356 1204 2391 et
1217 2346 1442 2408 quomodo

53 2418 263 2478 permittit
297 2417 532 2477 apostolica
554 2416 802 2477 disciplina,
828 2418 906 2463 ubi
941 2432 1176 2466 consensus
1199 2426 1264 2462 est
1284 2417 1441 2462 ambo-

103 2533 111 2549 ¹
131 2526 245 2559 Matth.
268 2537 304 2568 v,
324 2534 378 2559 22.
