1815 3253
379 241 620 272 ENARRATIO
652 245 697 273 IN
730 241 934 273 PsALMUM
965 245 1113 273 CXLIII.
1355 232 1438 272 4⁵25)

22 299 23 303 Ἰ
52 311 237 372 plicibus
254 309 608 356 holocaustorum
627 311 1024 371 sacrificiorumque
1056 310 1300 368 generibus.
1335 313 1440 355 Haec

53 381 190 427 David
212 390 358 426 noster
384 390 591 440 tanquam
621 397 739 426 arma
761 382 1000 442 prementia
1016 416 1027 436 ‚
1050 396 1140 426 non
1164 381 1437 440 adjuvantia,

50 452 211 512 posuit.
242 471 262 494 «
290 452 333 497 Si
356 451 473 496 enim
506 451 606 496 data
628 462 737 497 esset
760 455 867 507 Lex,
892 468 992 512 quae
1013 460 1158 511 posset
1187 451 1406 496 vivificare
1424 486 1436 507 ,

55 541 77 566 »
110 539 210 568 vere
224 539 276 567 ex
294 526 409 582 Lege
424 532 534 568 esset
541 524 724 583 justitia.
740 525 830 568 »Ut
844 522 952 584 quid
961 538 1065 582 ergo
1080 523 1192 566 Lex?
1206 523 1412 582 Sequitur
1427 542 1437 568 :

54 612 76 636 «
112 593 198 639 Sed
232 593 446 639 conclusit
483 594 704 654 Scriptura
740 593 886 639 omnia
919 593 1000 637 sub
1032 601 1236 653 peccato,
1271 601 1320 637 ut
1343 608 1441 652 pro-

18 666 20 722 ζ
53 682 74 707 »
109 665 252 709 missio
270 680 322 709 ex
342 665 429 709 fide
444 667 548 709 Jesu
569 665 730 710 Christi
752 664 930 709 daretur
951 663 1231 708 credentibus
1245 665 1275 707 1.
1305 681 1326 704 »
1352 666 1438 708 De-

49 734 184 795 nique
206 736 286 780 iste
309 735 469 790 David,
495 735 658 780 scilicet
679 736 876 781 Christus
898 744 1031 795 caput
1052 744 1096 780 et
1116 749 1299 794 corpus,
1328 743 1442 778 tem-

47 819 154 864 pore
170 804 445 850 revelationis
471 806 573 850 novi
598 806 861 851 Testamenti
884 841 894 861 ,
938 815 1132 865 tempore
1165 803 1441 849 insinuandae

16 882 17 885 ’
48 883 92 919 et
113 875 473 919 commendandae
503 877 650 933 gratiae
673 877 777 932 Dei,
814 877 922 936 quid
955 877 1086 921 fecit?
1106 879 1238 921 Arma
1263 876 1438 935 posuit,

15 938 17 942 ¹
48 946 246 1006 quinque
267 945 433 1005 lapides
451 946 576 990 tulit2
602 966 611 992 ε
632 962 751 991 arma
768 982 778 1002 ,
804 956 854 991 ut
882 947 1091 1001 diximus,
1112 946 1336 991 onerantia
1358 961 1441 1005 po-

47 1017 135 1061 suit
155 1038 166 1075 3
187 1032 287 1075 ergo
307 1027 573 1062 sacramenta
591 1019 717 1077 Legis
734 1054 744 1074 ,
767 1028 1033 1063 sacramenta
1062 1017 1135 1062 illa
1164 1018 1309 1076 Legis,
1341 1033 1442 1077 quae

14 1087 15 1090 ’
47 1102 137 1131 non
151 1096 253 1131 sunt
267 1088 466 1147 imposita
485 1088 721 1142 Gentibus,
744 1090 905 1147 posuit,
923 1105 1023 1149 quae
1040 1104 1131 1133 non
1143 1088 1437 1133 observamus.

14 1187 15 1190 =
47 1158 302 1202 Meministis
326 1159 442 1202 enim
462 1168 627 1218 quanta
647 1159 691 1202 in
723 1159 858 1203 veteri
895 1162 1010 1218 Lege
1031 1159 1250 1218 legamus,
1276 1167 1319 1203 et
1352 1173 1442 1202 non

11 1276 13 1280 ,
47 1228 350 1283 observemus,
368 1228 443 1272 sed
460 1238 608 1272 tamen
627 1229 683 1272 ad
710 1229 900 1289 aliquam
924 1229 1286 1288 significationem
1325 1244 1440 1288 prae-

13 1311 15 1356 j
49 1300 176 1344 missa
196 1308 239 1344 et
252 1300 474 1360 proposita
496 1299 814 1358 intelligamus:
836 1316 925 1344 non
943 1309 992 1344 ut
1007 1300 1261 1360 abjiciamus
1282 1302 1443 1358 Legem

11 1415 13 1418 Α
47 1371 146 1426 Dei,
172 1371 247 1415 sed
272 1381 322 1415 ut
343 1380 612 1416 sacramenta
625 1371 946 1430 promittentia,
963 1370 1142 1430 impleta
1157 1370 1442 1430 promissione

46 1456 138 1485 non
159 1441 443 1486 celebremus.
472 1441 602 1494 Quod
623 1442 739 1485 enim
767 1441 1105 1501 promittebant,
1135 1442 1268 1485 venit.
1296 1440 1443 1485 Gratia

11 1509 13 1564 ξ
47 1512 164 1556 enim
190 1513 300 1557 Novi
332 1513 598 1556 Testamenti
631 1513 676 1556 in
697 1516 810 1571 Lege
842 1512 1101 1567 velabatur,
1136 1512 1181 1555 in
1203 1510 1443 1570 Evangelio

11 1579 13 1643 J
46 1581 278 1626 revelatur.
298 1581 456 1627 Velum
475 1583 755 1637 removimus,
772 1581 894 1642 quod
913 1582 1141 1627 velabatur
1155 1581 1412 1640 agnovimus
1430 1599 1439 1625 ε

11 1647 13 1665 ³
47 1653 302 1712 agnovimus
331 1663 477 1698 autem
514 1653 561 1697 in
592 1656 728 1712 gratia
762 1654 938 1698 Domini
958 1653 1094 1698 nostri
1118 1655 1222 1696 Jesu
1251 1652 1440 1707 Christi,

10 1777 11 1781 Ἰ
46 1725 198 1783 capitis
213 1734 256 1769 et
281 1724 512 1770 Salvatoris
543 1725 680 1769 nostri
700 1760 710 1780 ,
747 1725 823 1785 qui
845 1741 925 1784 pro
948 1725 1074 1769 nobis
1096 1724 1332 1769 crucifixus
1350 1732 1441 1780 est,

9 1787 12 1843 f
46 1809 136 1854 quo
158 1796 363 1840 crucifixo
381 1795 512 1839 etiam
526 1795 674 1839 velum
699 1795 852 1855 templi
875 1795 1139 1840 conscissum
1174 1795 1279 1838 est3.
1307 1812 1327 1835 n
1355 1797 1441 1838 De-

46 1865 180 1925 nique
211 1882 330 1910 arma
369 1865 442 1910 ille
464 1866 631 1925 posuit,
660 1875 870 1926 tanquam
902 1881 1034 1910 onera
1073 1873 1445 1909 sacramentorum

9 1966 11 1976 ,
46 1935 204 1980 veteris
226 1937 349 1995 Legis
367 1957 378 1994 3
404 1945 448 1980 et
461 1936 597 1995 ipsam
615 1939 778 1994 Legem
795 1936 976 1995 accepit.
1007 1935 1214 1995 Quinque
1236 1935 1353 1979 enim
1375 1934 1443 1979 la-

46 2005 167 2065 pides
199 2006 395 2066 quinque
422 2006 558 2050 libros
595 2007 738 2064 Moysi
773 2006 1034 2064 significant.
1066 2005 1184 2049 'l'ulit
1213 2020 1314 2063 ergo
1347 2004 1444 2049 illos

46 2077 242 2137 quinque
253 2076 420 2137 lapides
437 2076 492 2121 de
507 2077 705 2121 flumine.
722 2078 864 2123 Nostis
877 2077 986 2137 quid
1001 2078 1053 2121 sit
1067 2077 1241 2121 fluvius.
1262 2076 1445 2120 Labitur

5 2154 7 2158 '
48 2147 163 2191 enim
186 2147 369 2191 mortale
391 2147 626 2202 saeculum,
653 2157 696 2192 et
716 2148 976 2207 praeterfluit
1003 2146 1222 2207 quidquid
1247 2147 1367 2191 venit
1397 2147 1445 2190 in

8 2247 9 2250 =
47 2217 282 2262 mundum.
299 2221 436 2262 Erant
461 2233 562 2276 ergo
584 2218 630 2262 in
655 2218 860 2274 flumine,
880 2227 1089 2278 tanquam
1113 2217 1159 2260 in
1180 2217 1346 2277 populo
1368 2216 1444 2262 illo

47 2290 189 2348 primo
209 2324 220 2344 ,
244 2289 432 2348 lapides3
452 2289 539 2334 illic
562 2299 686 2334 erant
712 2289 911 2345 inutiles,
945 2289 1181 2344 vacabant,
1207 2289 1319 2333 nihil
1341 2305 1445 2348 pro-

49 2358 227 2415 derant,
264 2359 510 2404 transibant
536 2375 664 2419 super
700 2361 884 2416 fluvios,
921 2360 1039 2413 Quid
1072 2358 1175 2403 fecit
1208 2358 1370 2415 David,
1394 2368 1444 2404 ut

6 2436 8 2442 ’
49 2431 136 2473 Lex
156 2430 247 2489 ipsa
267 2429 385 2474 utilis
407 2432 540 2474 esset?
563 2431 742 2490 Accepit
764 2431 962 2490 gratiam.
983 2433 1072 2474 Lex
1090 2430 1207 2474 enim
1229 2429 1321 2474 sine
1343 2445 1440 2489 gra-

98 2532 108 2549 ¹
129 2525 197 2559 Gal.
216 2537 263 2568 ιιι,
280 2535 338 2565 21,
357 2535 412 2561 22.
435 2543 477 2550 -
498 2534 511 2551 ²
535 2538 547 2560 1
569 2528 647 2569 Reg.
665 2538 744 2567 xvn,
765 2527 819 2569 39,
839 2526 890 2569 4ο.
914 2544 955 2552 --
973 2525 986 2551 3
1002 2527 1116 2560 Matth.
1131 2537 1236 2569 xxvn,
1257 2526 1314 2559 51.
