1856 3268
364 248 417 286 16
799 255 832 285 s.
870 256 1098 288 Auousnm
1130 259 1311 288 13121500121

359 323 464 368 facis
497 323 664 367 bonum
687 338 822 382 opus,
852 333 1028 384 propter
1060 325 1193 370 vitam
1218 334 1426 369 aeternam
1451 323 1535 368 sac.
1560 326 1670 370 Nam
1707 324 1741 367 si

362 408 470 453 opus
504 393 671 437 bonum
706 393 752 436 in
785 403 897 438 terra
932 404 1160 454 propterea
1195 393 1346 439 feceris
1367 429 1378 450 ,
1402 403 1452 438 ut
1473 403 1644 438 terrena
1660 393 1742 437 tibi

362 461 618 520 abundent3
644 462 723 507 scit
744 464 911 508 sinistra
935 474 1008 508 tua
1030 465 1137 524 quid
1164 463 1293 509 faciat
1313 465 1487 509 dextera
1510 473 1584 508 tua
1599 498 1611 519 ‚
1635 463 1742 507 mis-

362 532 738 592 cuistifidexteram
765 533 961 578 sinistrae.
997 534 1095 579 Noli
1128 533 1270 579 facere
1298 534 1378 578 nisi
1404 543 1584 594 propter
1608 535 1744 578 vitam

361 612 582 647 aeternam.
611 603 716 647 Ideo
738 602 827 659 sac,
848 613 890 648 et
909 619 1084 649 securus
1102 603 1254 649 facies:
1275 604 1359 648 hoc
1381 604 1498 648 enim
1521 602 1745 647 mandavit

361 675 491 717 Deus.
520 673 563 718 Si
590 683 769 732 propter
789 674 899 718 solas
922 690 986 719 res
1007 675 1218 719 humanas
1240 684 1283 718 et
1305 673 1440 719 solam
1462 674 1596 718 vitam
1618 673 1744 717 istam

362 742 465 787 facis
483 742 603 802 quod
625 742 729 787 facis
749 778 759 799 ‚
784 744 952 788 sinistra
974 744 1063 789 sola
1085 753 1290 804 operatur
1315 764 1324 788 ;
1350 745 1383 787 si
1405 753 1550 787 autem
1568 752 1745 803 propter

361 813 494 857 vitam
516 823 722 857 aeternam
745 815 948 873 operaris,
974 814 1147 859 dextera
1169 814 1258 858 sola
1281 823 1484 873 operatur
1511 833 1519 859 :
1543 814 1576 858 si
1599 822 1745 857 autem

362 884 495 928 habes
531 884 821 928 intentionem
854 886 909 929 ad
941 886 1073 930 vitam
1101 894 1330 940 aeternam,
1356 884 1430 928 sed
1449 884 1645 944 subrepit
1667 883 1746 928 tibi

362 953 574 1013 cupiditas
591 953 691 998 vitae
710 954 972 1014 temporalis,
991 964 1040 999 ut
1053 954 1248 999 attendas
1264 955 1390 999 etiam
1410 954 1552 1010 istam,
1567 954 1745 1014 quando

361 1023 466 1068 facis
484 1039 592 1083 opus
614 1024 780 1068 bonum
798 1059 808 1079 ‚
827 1034 877 1069 ut
897 1025 966 1069 hic
989 1026 1070 1069 tibi
1092 1025 1259 1085 aliquid
1281 1025 1546 1069 retribuatur
1560 1060 1571 1080 ‚
1597 1025 1747 1069 miscet

363 1110 406 1139 se
428 1095 597 1138 sinistra
618 1095 819 1154 operibus
842 1094 1028 1140 dexterae
1051 1115 1060 1140 ι
1084 1096 1167 1140 hoc
1190 1105 1307 1140 vetat
1330 1099 1458 1140 Deus.

420 1168 500 1210 XI.
525 1165 759 1210 Veniamus
779 1183 896 1210 nunc
918 1166 973 1212 ad
994 1166 1106 1211 illud
1127 1166 1247 1227 quod
1275 1167 1333 1212 ait
1355 1167 1549 1212 Psalmus
1575 1186 1582 1211 :
1612 1185 1632 1208 «
1657 1169 1746 1211 Do-

367 1255 387 1277 »
422 1235 565 1279 minus
582 1244 886 1294 tegumentum
902 1246 1027 1280 tuum
1050 1252 1179 1296 super
1200 1251 1379 1280 manum
1401 1236 1588 1282 dexterae
1609 1245 1743 1280 tuae.»

363 1309 543 1351 Manum
565 1315 823 1365 potestatem
845 1307 965 1357 dicit.
981 1306 1105 1352 Unde
1127 1307 1387 1366 probamus?
1404 1308 1512 1361 Quia
1530 1317 1574 1351 et
1593 1310 1746 1351 manus

363 1378 456 1433 Dei,
474 1386 660 1436 potestas
675 1378 754 1421 Dei
775 1377 889 1422 dicta
910 1387 987 1422 est.
1013 1381 1122 1423 Nam
1139 1376 1337 1422 diabolus
1354 1378 1430 1438 qui
1447 1379 1629 1423 tentavit
1641 1381 1666 1422 J
1670 1377 1744 1432 ob,

363 1449 447 1492 hoc
467 1448 526 1491 ait
545 1451 634 1491 Deo
661 1467 668 1491 :
699 1467 719 1489 ‹<
745 1449 868 1492 Mitte
887 1464 1066 1492 manum
1088 1458 1209 1493 tuam
1225 1483 1236 1503 ,
1261 1457 1303 1492 et
1322 1458 1451 1507 tange
1473 1449 1618 1493 omnia
1649 1463 1748 1508 quae

369 1538 387 1560 »
423 1518 582 1575 habet·⁷
607 1526 650 1561 et
670 1516 769 1561 vide
790 1553 800 1572 ,
825 1518 860 1562 si
879 1519 924 1561 in
945 1517 1100 1563 faciem
1123 1518 1352 1563 benedicet
1373 1518 1520 1562 tibi1.»
1533 1517 1647 1571 Quid
1667 1526 1745 1573 est,

368 1608 389 1631 «
419 1589 544 1633 Mitte
566 1603 748 1632 manum
764 1597 884 1633 tuam
903 1623 913 1644 ,
943 1607 963 1630 »
985 1589 1086 1643 nisi,
1110 1588 1165 1633 da
1186 1591 1475 1648 potestatem?
1492 1587 1749 1633 Evidentius

365 1659 487 1714 audi,
513 1657 666 1714 fratem
692 1674 747 1702 ne
777 1659 889 1703 forte
911 1657 1074 1702 carnali
1108 1673 1236 1703 sensu
1269 1658 1412 1703 adhuc
1434 1659 1595 1717 cogites
1611 1693 1621 1713 ,
1647 1658 1750 1718 quia

363 1729 570 1774 membris
593 1728 823 1773 distinctus
844 1738 907 1773 est
923 1732 1057 1786 Deus3
1079 1728 1180 1773 audi
1198 1729 1420 1774 evidenter
1437 1727 1658 1788 quomodo
1680 1728 1750 1771 di-

1844 0 1856 112 *Ἦ

366 1809 489 1844 catur
511 1815 664 1844 manus
686 1808 889 1858 potestas.
915 1800 987 1843 Ait
1009 1798 1200 1859 quodam
1221 1799 1318 1843 loco
1343 1800 1578 1858 Scriptura,
1597 1801 1750 1843 «Mors
1816 1815 1817 1839 1

370 1888 390 1912 »
426 1879 469 1914 et
490 1870 642 1914 vitain
664 1869 866 1913 manibus
894 1869 1099 1928 linguae?
1135 1887 1154 1910 »
1181 1869 1389 1915 Novimus
1410 1869 1578 1928 linguas
1613 1866 1750 1912 frusta

367 1939 566 2000 quaedam
590 1939 745 1994 carnis,
765 1939 811 1982 in
830 1954 904 1984 ore
927 1948 1173 1994 moventur,
1189 1948 1233 1983 et
1249 1938 1533 1998 percutiendo
1555 1937 1749 1997 palatum

368 2020 412 2054 et
434 2010 584 2054 dentes
606 2009 881 2068 distinguunt
902 2024 1029 2053 sonos
1051 2009 1210 2068 quibus
1237 2008 1473 2068 loquimur.
1500 2006 1750 2052 Ostendan-

370 2089 441 2124 tur
462 2079 569 2124 mihi
595 2093 749 2122 manus
776 2078 955 2137 linguae.
982 2078 1149 2136 Lingua
1173 2092 1274 2135 ergo
1306 2078 1549 2122 nonhabet
1570 2092 1746 2132 manus,
1810 2100 1811 2119 ι

370 2160 414 2195 et
435 2150 568 2194 habet
594 2164 762 2193 manus.
789 2153 894 2201 Quae
916 2157 1019 2192 sunt
1046 2162 1200 2192 manus
1231 2147 1426 2206 linguae?
1450 2151 1640 2192 Potestas
1661 2147 1746 2191 lin-
1808 2168 1810 2190 e

371 2237 483 2280 guae.
508 2220 622 2273 Quid
643 2228 721 2274 est,
742 2239 761 2261 «
785 2222 901 2264 'Mors
925 2227 968 2263 et
988 2219 1075 2262 vita
1096 2218 1141 2262 in
1162 2218 1360 2262 manibus
1380 2219 1575 2278 linguae?
1597 2222 1659 2264 Ex
1676 2233 1749 2263 ore
1807 2229 1809 2272 ς

375 2309 393 2334 »
429 2301 506 2336 tuo
517 2290 839 2351 justifical)eri8‚
865 2299 909 2334 et
930 2305 979 2333 ex
1001 2305 1074 2334 ore
1091 2298 1168 2334 tuo
1189 2289 1620 2334 condemnaberis3.»
1635 2292 1750 2347 Ergo
1806 2309 1807 2316 ¹

369 2363 404 2406 si
423 2377 576 2406 manus
599 2370 800 2421 potestas,
817 2360 925 2421 quid
943 2370 1007 2405 est
1024 2375 1176 2404 manus
1194 2359 1411 2405 dexterae?
1426 2360 1543 2406 Nihil
1565 2360 1750 2404 arbitror

370 2433 553 2493 intelligi
586 2432 917 2490 congruentius,
944 2432 1024 2475 nisi
1048 2440 1097 2475 ut
1128 2430 1423 2490 intelligamus
1445 2446 1624 2476 manum
1646 2430 1750 2475 dex·
1802 2433 1805 2475 J

375 2515 497 2560 terte,
522 2511 778 2563 potestatem
801 2517 932 2562 quam
950 2501 1029 2545 tibi
1052 2500 1173 2546 dedit
1197 2505 1332 2557 Deus,
1358 2511 1408 2546 ut
1440 2503 1474 2546 si
1505 2501 1636 2557 velis,
1667 2500 1749 2546 do·
1802 2543 1803 2546 ,

419 2595 427 2611 ¹
451 2588 523 2622 Job.
548 2599 572 2626 1,
598 2598 647 2619 11.
672 2604 709 2609 —-
731 2594 743 2610 ²
765 2588 857 2618 Prov.
880 2595 968 2627 xvm,
988 2595 1040 2617 21.
1063 2601 1103 2608 —-
1124 2583 1136 2607 3
1154 2585 1266 2617 matth.
1295 2596 1352 2628 xn,
1369 2585 1421 2628 39.
