1815 3253
369 221 451 259 252
796 231 830 260 s.
866 232 1096 261 Auens'nm
1126 235 1306 262 EPISCOP!

424 299 586 341 XXIV.
613 299 650 341 Ο
671 297 804 342 homo
820 333 830 353 ‚
850 298 962 341 rides
971 299 1060 358 jam
1087 299 1239 358 procul
1259 299 1393 344 dubio
1421 299 1543 360 quod
1574 298 1737 355 fecisti,
1796 287 1799 323 ἶ

366 367 400 411 si
422 383 444 411 a
462 383 550 427 quo
572 368 711 412 factus
734 383 777 412 es
795 368 1020 427 agnovisti.
1042 371 1104 412 De
1120 368 1201 413 illis
1223 379 1368 414 autem
1390 370 1465 429 qui
1493 385 1580 413 non
1603 383 1740 427 agno-

364 447 549 493 verunt,
574 437 681 498 quid
698 438 880 482 dicitur?
901 457 920 480 «
944 438 1109 483 Similes
1126 438 1189 483 illi
1209 441 1295 484 sint
1311 455 1459 484 omnes
1479 440 1555 500 qui
1576 439 1742 483 faciunt

366 525 388 549 »
423 524 497 564 ea,
524 517 567 552 et
581 524 729 552 omnes
750 508 825 568 qui
846 508 1076 552 confidunt
1095 509 1141 552 in
1155 508 1240 554 illis
1257 512 1288 553 1.
1316 528 1336 551 »
1363 513 1419 554 Et
1440 505 1612 554 creditis
1628 544 1639 564 ,
1655 507 1743 552 fra-

365 587 466 633 tres,
483 579 662 637 exprimi
679 580 724 622 in
743 579 800 622 eis
818 578 1051 638 quamdam
1063 578 1386 624 similitudinem
1399 579 1631 632 idolorum,
1653 594 1742 623 non

365 648 542 709 quidem
563 649 608 692 in
630 664 758 692 carne
782 664 933 693 eorum
952 684 963 703 ,
984 648 1059 693 sed
1079 649 1125 692 in
1152 649 1355 694 interiore
1378 650 1554 693 homine
1571 663 1737 693 eorum.
1788 649 1790 662 ²

363 722 483 763 Nam·
495 734 617 762 aures
640 719 830 768 hahent,
851 730 889 761 el
913 734 1001 762 non
1024 718 1207 763 audiunt
1227 738 1236 763 z
1263 718 1318 763 ad
1346 718 1441 766 illos
1469 719 1632 778 quippe
1650 717 1741 762 cla-
1786 760 1788 763 .

364 799 454 833 mat
476 792 614 844 Deus,
647 808 667 830 «
692 789 772 842 Qui
799 789 932 833 habet
955 805 1078 833 aures
1107 789 1313 833 audiendi
1342 790 1488 834 audiat
1512 793 1544 833 2.
1583 789 1742 833 Oculos

366 877 387 901 »
410 859 594 911 hahent⁷
628 869 672 903 et
687 875 776 904 non
792 859 942 904 vident
969 880 977 905 ;
1001 879 1021 902 »
1041 860 1206 904 habent
1224 863 1339 905 enim
1358 860 1506 905 oculos
1523 860 1713 919 corporis
1727 894 1739 915 ‚

363 930 438 974 sed
460 946 548 974 non
571 930 733 974 habent
766 930 915 975 oculos
933 930 1050 974 fidei.
1076 932 1270 992 Denique
1298 931 1504 991 impletur
1526 931 1620 974 haec
1642 946 1744 990 pro-

362 1001 508 1060 phetia
531 1017 607 1060 per
628 1016 777 1045 omnes
800 1011 962 1060 gentes.
988 1001 1144 1046 Videte
1166 1001 1387 1062 quomodo
1405 1001 1570 1045 dictum
1594 1001 1646 1045 sit
1667 1016 1744 1060 per

365 1072 641 1130 Prophetam.
674 1071 791 1116 Nihil
825 1071 1130 1130 allegoricum,
1163 1072 1272 1115 nihil
1296 1073 1532 1130 figuratum
1554 1086 1744 1116 comme·
1812 1130 1814 1135 V

362 1157 500 1186 moro.
526 1141 766 1200 Propriam,
787 1157 1044 1201 expressam,
1062 1141 1300 1202 simplicem
1313 1141 1582 1186 manifestam
1599 1141 1744 1186 audite
1778 1191 1780 1193 ,
1813 1179 1815 1187 ,

362 1211 662 1270 propheticam
685 1211 936 1270 praedictam
957 1247 967 1266 ,
987 1211 1130 1255 videte
1152 1212 1427 1271 completam.
1450 1211 1741 1268 «Praevaluit,
1776 1238 1779 1243 ·

364 1299 385 1322 »
420 1282 562 1342 inquit
577 1317 588 1337 ,
612 1283 822 1326 Dominus
842 1282 1044 1326 adversus
1062 1298 1133 1327 eos
1155 1302 1163 1326 :
1188 1301 1208 1323 »
1229 1283 1446 1342 Propheta
1463 1282 1569 1327 dicit
1583 1283 1743 1341 Sopho·
1773 1300 1779 1323 ε
1809 1319 1815 1337 2

361 1351 467 1395 nias.
494 1351 710 1395 Adversus
738 1361 1053 1411 repugnantes,
1085 1352 1288 1396 adversus
1317 1351 1574 1396 rebellantes
1591 1387 1602 1407 ‚
1628 1361 1671 1395 et
1691 1352 1744 1396 de
1774 1341 1778 1347 ι
1809 1342 1815 1395 .-

359 1421 575 1466 occisione
597 1422 791 1465 fidelium
811 1432 1021 1480 martyres
1042 1422 1273 1480 facientes,
1289 1422 1365 1466 scd
1387 1431 1532 1466 tamen
1554 1422 1744 1466 nescien-

360 1502 445 1549 tes,
480 1511 499 1533 «
532 1492 764 1536 Praevaluit
794 1493 1002 1536 Dominus
1025 1491 1229 1535 adversus
1263 1507 1349 1536 eos.
1385 1511 1404 1533 »
1431 1495 1488 1536 Et
1522 1492 1744 1552 quomodo

358 1561 616 1621 praevaluit?
641 1581 660 1603 «
688 1565 739 1605 In
759 1562 949 1605 Ecclesia
967 1577 1039 1605 sua
1057 1596 1068 1615 ‚
1086 1561 1284 1619 videmus
1302 1562 1403 1621 quia
1421 1561 1650 1620 praevaluit
1667 1561 1745 1605 ad·
1770 1595 1771 1598 η

362 1649 384 1673 »
418 1648 564 1677 versus
587 1635 699 1676 eos3.
729 1650 749 1673 »
776 1632 995 1676 Volebant
1012 1648 1171 1691 paucos
1186 1633 1450 1677 Christianos
1472 1633 1740 1691 extinguere,
1776 1670 1778 1673 ,
1805 1659 1815 1676 η

360 1703 579 1755 occidere;
615 1703 870 1761 sanguinem
902 1702 1134 1757 fuderunt,
1166 1703 1221 1746 de
1257 1704 1467 1762 sanguine
1504 1703 1744 1747 occisorum
1805 1694 1815 1749 ’ᾖ

359 1773 468 1817 tanti
493 1782 823 1826 exurrexerunt‚
848 1789 870 1816 a
892 1773 1055 1833 quibus
1086 1771 1149 1815 illi
1183 1771 1479 1817 interfectores
1501 1776 1742 1830 Martyrum
1805 1761 1810 1768 i

359 1852 680 1902 superarentur.
708 1845 870 1885 Tamen
902 1851 945 1886 et
978 1841 1108 1886 modo
1137 1853 1341 1901 quaerunt
1371 1843 1447 1886 ubi
1476 1842 1746 1886 abscondant
1803 1831 1815 1910 Ξ

358 1911 474 1956 idola
488 1928 584 1966 sua,
604 1912 680 1972 qui
695 1912 835 1971 primo
847 1912 1111 1957 Christianos
1125 1921 1303 1971 propter
1317 1912 1431 1956 idola
1447 1911 1739 1956 trucidabant.

358 1984 513 2027 Nonne
530 1982 757 2041 praevaluit
770 1982 973 2026 adversus
992 1998 1063 2026 eos
1084 1983 1319 2026 Dominus?
1338 1981 1446 2026 Vide
1460 1983 1492 2025 si
1506 1981 1609 2026 facit
1623 1981 1742 2042 quod

362 2053 559 2112 sequitur
575 2087 586 2107 ,
619 2071 639 2094 «
663 2052 898 2096 Praevaluit
920 2053 1129 2096 Dominus
1152 2053 1354 2096 adversus
1377 2067 1462 2095 cos.
1499 2070 1519 2092 »
1554 2055 1609 2096 Et
1636 2050 1743 2111 quid
1809 2103 1814 2117 ff

359 2122 487 2167 fecit?
508 2142 528 2164 «
553 2122 864 2185 Exterminavit
882 2138 1031 2166 omnes
1055 2122 1157 2166 deos
1180 2122 1386 2165 Gentium
1398 2131 1546 2176 terrae,
1578 2131 1620 2166 et
1635 2123 1742 2166 ado·

362 2210 381 2233 »
408 2192 569 2235 rabunt
600 2207 700 2235 eum
731 2192 1029 2251 unusquisque
1063 2191 1117 2234 de
1150 2191 1247 2235 loco
1279 2207 1379 2245 suo,
1412 2207 1560 2235 omnes
1590 2191 1742 2235 insulae

362 2279 382 2302 »
419 2261 658 2304 Gentium4.
674 2279 692 2302 »
711 2260 827 2314 Quid
843 2271 905 2305 est
916 2262 998 2305 hoc
1007 2264 1024 2304 P
1034 2263 1187 2306 Nonne
1200 2260 1456 2320 praedictum
1471 2262 1584 2304 erat?
1598 2275 1742 2305 nonne

360 2330 626 2390 completum
649 2333 738 2375 est?
760 2347 906 2375 nonne
924 2340 974 2375 ut
995 2331 1175 2390 legitur,
1201 2332 1260 2375 sic
1282 2331 1478 2375 videtur?
1501 2334 1556 2375 Et
1584 2330 1644 2374 illi
1666 2331 1741 2391 qui
1803 2319 1815 2390 ‘mi

359 2411 674 2456 remanserunt,
693 2401 840 2445 oculos
854 2402 1034 2455 habent,
1053 2410 1097 2444 et
1110 2416 1198 2445 non
1215 2401 1362 2444 vident
1380 2421 1390 2458 3
1415 2416 1538 2444 nares
1559 2401 1736 2456 habent,
1804 2397 1813 2404 “

358 2481 400 2516 et
421 2487 510 2516 non
530 2471 728 2516 odorant.
748 2475 845 2518 Non
862 2472 1051 2516 sentiunt
1071 2471 1194 2515 illum
1215 2470 1415 2515 odorem:
1438 2489 1458 2512 «
1477 2471 1636 2516 Christi
1658 2471 1748 2548 b0-3
1791 2477 1813 2530 l]

1792 2535 1813 2549 ,,

408 2563 416 2579 ¹
437 2557 515 2589 Psal.
540 2566 666 2599 cxxxlv,
687 2558 737 2589 18.
760 2574 800 2580 —-
821 2564 833 2580 ²
852 2556 965 2589 Matth.
987 2568 1034 2599 xi,
1057 2556 1107 2589 15.
1129 2573 1169 2579 -—
1191 2554 1203 2578 3
1223 2557 1364 2598 Sophon.
1386 2568 1418 2598 n,
1442 2568 1491 2589 11.
1514 2573 1553 2578 ——-
1571 2554 1587 2586 l,
1605 2555 1685 2588 Ibid.

1740 2550 1746 2693 i

1736 2700 1742 2859 ,1⁴
1790 2823 1791 2826 ,

1735 2871 1739 2967 ³

1731 2994 1736 3144 5¹

1726 3239 1749 3253 .λ
1787 3242 1790 3253 ι
