1815 3253
334 197 420 237 446
773 207 808 237 s.
842 207 1073 238 AUGUSTINI
1094 211 1276 238 Enscom

333 284 376 318 et
398 273 615 318 dederunt
630 274 669 317 ei
690 274 953 319 manducare
972 296 983 332 3
1009 275 1154 330 sitivit,
1170 285 1324 335 potum
1345 273 1561 320 dederunt
1581 295 1591 332 3
1615 276 1717 320 hos-

332 359 406 404 pes
429 343 513 388 fuit
528 379 540 399 ‚
576 354 859 403 susceperunt
880 366 891 403 3
923 343 1173 393 nudusfuit
1189 380 1200 400 ,
1223 345 1508 390 vestierunt1.
1534 348 1628 390 Hoc
1649 354 1718 390 to-

332 424 427 458 tum
444 413 498 458 de
519 414 689 459 sinistra
707 414 1005 471 abstulerunt,
1025 424 1070 459 et
1090 414 1145 459 ad
1167 414 1354 460 dexterae
1372 430 1501 474 opera
1524 423 1718 460 transtu-

331 484 505 540 lerunt,
537 494 586 529 ut
623 485 679 530 ad
710 486 929 531 dexteram
959 495 1240 546 ponerentur.
1278 506 1298 529 «
1326 487 1538 531 Dixerunt
1561 506 1579 527 »
1614 501 1718 545 ergo

332 554 557 615 vaniloqui
578 556 656 599 filii
677 555 827 614 alieni3
849 575 867 597 «
891 560 1072 601 Beatum
1092 554 1303 616 populum
1323 556 1394 601 cui
1413 557 1508 601 haec
1530 564 1631 600 sunt
1657 575 1666 601 :
1695 576 1715 598 »

332 642 408 672 vos
434 625 563 671 dieite
590 627 822 672 nobiscum
856 647 866 674 z
900 645 920 669 «
955 630 1112 673 Beatus
1143 627 1330 688 populus
1360 629 1486 690 cujus
1509 627 1720 673 Dominus

339 716 357 738 »
392 700 507 741 Deus
525 697 674 756 ipsius.
696 715 718 739 »

838 1043 1223 1093 ENARRATIO

693 1215 753 1254 IN
797 1208 1098 1256 PSALMUM
1143 1215 1352 1256 CXLIV.

797 1359 946 1403 Sermo
967 1357 1022 1402 ad
1043 1355 1218 1418 plebem
1231 1360 1264 1401 ².

393 1492 427 1533 Ι.
441 1492 649 1534 LAunAnE
668 1490 896 1536 vobiscum
913 1491 1149 1535 Dominum
1165 1492 1257 1550 (13)
1274 1489 1612 1535 desideravimus
1626 1492 1663 1536 3:
1681 1495 1724 1536 et

332 1560 542 1619 quoniam
563 1561 646 1606 hoc
672 1561 912 1607 concedere
942 1560 1147 1620 dignatus
1173 1570 1261 1616 est,
1296 1570 1347 1606 ut
1377 1560 1473 1605 laus
1508 1576 1639 1621 quam
1661 1561 1723 1605 itti

331 1629 516 1675 dicimus
538 1632 699 1676 habeat
735 1631 933 1676 ordinem
961 1647 1088 1676 suum
1106 1667 1117 1687 ‚
1151 1647 1206 1676 ne
1243 1631 1355 1676 forte
1378 1631 1525 1692 aliquo
1549 1646 1724 1676 excessu

333 1716 463 1761 quem
486 1702 637 1747 laudat
653 1703 852 1747 offendat
867 1738 877 1758 ,
900 1702 1054 1747 melius
1075 1703 1161 1747 iter
1179 1701 1319 1747 laudis
1343 1703 1388 1746 in
1409 1703 1628 1762 Scriptura
1645 1701 1723 1746 Dei

331 1774 592 1832 quaerimus,
619 1789 674 1817 ne
695 1774 751 1817 ab
773 1774 863 1833 ipsa
895 1773 963 1817 via
983 1808 994 1828 ,
1025 1788 1106 1818 nec
1124 1773 1171 1817 in
1188 1772 1407 1818 dexteram
1430 1788 1510 1817 nec
1532 1773 1577 1816 in
1599 1772 1724 1816 sinis-

335 1851 443 1886 tram
468 1842 779 1903 digrediamur.
804 1844 957 1887 Audeo
979 1843 1095 1887 enim
1114 1842 1258 1887 dicere
1280 1844 1493 1889 Charitati
1517 1845 1684 1888 Vestrae
1711 1862 1718 1888 :

331 1922 381 1957 ut
402 1914 514 1958 bene
532 1914 586 1958 ab
608 1915 786 1958 homine
804 1913 1009 1958 laudetur
1030 1917 1170 1970 Deus,
1195 1913 1392 1960 laudavit
1412 1930 1456 1959 se
1478 1915 1568 1974 ipse
1584 1917 1718 1959 Deus:

329 1995 371 2029 et
393 1985 494 2045 quia
513 1985 713 2043 dignatus
736 1994 799 2029 est
814 1984 994 2029 laudare
1016 2000 1081 2041 se,
1102 1984 1202 2030 ideo
1223 1986 1390 2031 invenit
1413 1987 1544 2030 homo
1563 1999 1720 2044 quem-

327 2056 566 2100 admodum
587 2055 737 2101 laudet
757 2072 873 2100 eum.
898 2059 1051 2117 Neque
1074 2057 1188 2099 enim
1213 2056 1295 2100 hoc
1319 2065 1460 2115 potest
1488 2056 1574 2100 dici
1596 2059 1687 2100 Deo
1707 2091 1717 2110 ‚

326 2127 448 2186 quod
465 2126 633 2171 dictum
656 2136 720 2171 est
740 2126 932 2171 homini:
962 2145 983 2168 «
1004 2129 1101 2171 Non
1117 2133 1159 2169 te
1181 2126 1332 2170 laudet
1353 2143 1398 2171 os
1421 2136 1547 2171 tuum
1565 2126 1596 2169 ⁴.
1627 2144 1645 2167 »
1669 2128 1722 2170 Ut

327 2198 443 2240 enim
467 2212 511 2241 se
529 2198 662 2241 homo
678 2197 851 2251 laudet,
878 2196 1123 2255 arrogantia
1141 2205 1205 2240 est
1228 2216 1236 2241 ε
1266 2206 1315 2241 ut
1337 2199 1452 2241 Deus
1473 2211 1517 2241 se
1542 2195 1717 2250 laudet,

326 2266 621 2311 misericordia
639 2277 716 2312 est.
731 2261 914 2312 Prodest
935 2282 1078 2310 amare
1093 2302 1103 2320 ‚
1124 2282 1256 2327 quem
1278 2266 1508 2312 laudamus
1525 2287 1534 2312 ε
1550 2267 1718 2312 bonum

327 2336 529 2393 amando,
554 2352 632 2382 nos
653 2337 852 2382 meliores
874 2336 1104 2381 efficimur.
1131 2339 1287 2398 Itaque
1310 2338 1517 2398 quoniam
1539 2338 1623 2382 hoc
1642 2352 1718 2382 no-

373 2441 383 2457 ¹
404 2433 519 2466 Matth.
542 2445 619 2475 xxv,
640 2435 693 2466 35.
726 2451 767 2457 —
787 2441 800 2457 ²
816 2435 928 2466 Sermo
946 2433 1007 2465 iste
1025 2433 1064 2466 ad
1083 2433 1211 2476 plebem
1235 2434 1414 2467 Uticensem
1432 2460 1441 2475 ‚
1471 2434 1599 2466 habitus
1619 2435 1716 2466 estin

326 2491 456 2524 basilica
484 2493 590 2524 Massae
617 2491 770 2525 candidae.
799 2508 842 2513 —
870 2489 882 2514 3
906 2490 985 2523 Vide
1009 2492 1046 2523 D.
1079 2491 1227 2531 Guillon,
1256 2502 1330 2534 pag.
1355 2489 1473 2534 74-75.
1502 2507 1543 2514 -—
1573 2489 1591 2520 4
1619 2490 1726 2523 prov.⁶

325 2556 429 2589 xxvn,
447 2555 480 2579 2.
