1815 3253
342 245 426 284 362
774 260 806 286 s.
842 257 1074 289 Aucusnm
1102 260 1284 289 muscum

346 339 367 363 »
401 321 592 366 vidimus
613 331 656 368 te
674 322 960 367 esurientem?
973 341 993 364 »
1010 326 1067 368 Et
1079 323 1152 368 ille
1169 339 1449 384 responsurus
1463 333 1547 379 est,
1571 342 1591 366 «
1611 325 1724 373 Cum

346 409 366 432 »
401 391 479 435 uni
500 407 550 435 ex
570 393 756 437 minimis
774 393 878 437 meis
901 392 1058 437 fecistis
1073 428 1084 448 ,
1116 394 1224 438 mihi
1257 394 1435 439 fecistis.
1463 412 1482 435 »
1505 395 1574 439 Sic
1595 394 1724 438 ethic

344 460 534 508 dicamus
567 464 739 513 Christo
763 464 879 507 intus
909 464 954 507 in
976 463 1178 511 interiore
1213 466 1388 509 homine
1427 474 1598 520 nostro,
1624 465 1724 524 quia

343 532 405 576 ibi
427 548 504 591 per
524 533 656 578 fidem
677 533 873 577 habitare
905 533 1109 591 dignatur
1125 536 1154 577 ¹.
1175 537 1271 583 Non
1305 536 1420 585 enim
1443 535 1595 579 absens
1617 543 1681 579 est
1701 551 1725 584 a

346 621 366 643 η
403 603 528 647 nobis
546 638 557 657 ,
583 613 627 647 et
648 619 737 647 non
755 612 819 647 est
834 604 905 647 cui
923 603 1115 648 dicamus
1134 639 1146 659 ,
1166 620 1267 651 cum
1288 605 1378 664 ipse
1400 604 1517 650 dicat
1534 640 1545 659 ,
1575 624 1594 647 «
1613 607 1726 652 Ecce
1790 657 1791 662 ¹

347 691 368 714 »
403 689 483 731 ego
497 674 724 718 vobiscum
742 690 835 718 sum
851 689 989 734 usque
1006 673 1060 718 ad
1077 676 1492 722 consummationem
1506 674 1722 719 saeeuli2.»

344 743 547 787 Dicamus
559 758 660 801 ergo
672 743 734 787 illi
750 752 792 787 et
809 759 901 798 nos,
918 744 1124 803 quoniam
1138 760 1287 788 vocem
1302 745 1446 803 ejusin
1459 745 1542 789 hoc
1558 743 1726 790 Psalmo
1790 736 1793 785 .’

345 813 601 872 accepimus.
623 815 728 873 Ejus
749 815 863 857 enim
888 829 970 857 vox
991 823 1077 868 est,
1102 813 1223 873 quod
1249 830 1378 858 nemo
1401 823 1555 873 negat,
1583 833 1604 856 «
1623 814 1726 858 Ele·
1786 870 1791 873 -

348 902 368 925 »
403 884 520 928 vatio
537 899 747 928 manuum
776 900 970 928 mearum
991 885 1250 929 sacrificium
1267 886 1575 944 vespertinum.
1604 903 1624 925 »
1650 885 1728 929 Dic

345 969 447 1012 ergo
468 964 807 1014 consequenter,
832 974 852 997 «
872 959 1012 1010 Pone,
1038 956 1222 1000 Domine
1237 991 1248 1011 ,
1269 955 1509 1000 custodiam
1530 955 1593 1000 ori
1611 970 1724 1010 meo,
1784 987 1786 1015 ss

347 1041 368 1064 »
395 1032 438 1075 et
459 1024 616 1068 ostium
631 1025 910 1073 continentiae
923 1026 1086 1070 circum
1098 1025 1212 1070 labia
1229 1041 1322 1072 mea
1341 1045 1349 1070 ε
1371 1035 1419 1070 ut
1433 1041 1521 1069 non
1539 1024 1728 1074 declines
1784 1048 1785 1051 =

348 1113 368 1136 »
403 1110 477 1145 cor
498 1111 643 1141 meum
667 1096 711 1141 in
741 1096 872 1140 verba
906 1096 1091 1155 maligna
1109 1132 1120 1152 ,
1153 1096 1209 1141 ad
1247 1097 1511 1148 excusandas
1547 1111 1726 1140 excusa-
1782 1095 1783 1098 ’

347 1182 367 1206 n
404 1166 541 1210 tiones
562 1166 606 1209 in
621 1167 821 1225 peccatis.
847 1184 866 1207 »
888 1169 1032 1219 Quare
1045 1167 1104 1211 sic
1124 1182 1218 1211 oras
1235 1202 1245 1222 ,
1271 1167 1478 1214 Domine?
1501 1168 1610 1219 Quae
1627 1181 1729 1224 pec÷

344 1243 439 1278 cata
461 1245 535 1279 tua
556 1246 838 1281 excusaturus
861 1238 930 1280 es?
945 1237 1196 1295 Respondet
1209 1271 1220 1290 ,
1237 1238 1349 1281 Cum
1366 1251 1504 1280 unum
1523 1251 1573 1279 ex
1590 1251 1729 1284 mem-.

344 1304 432 1348 bris
449 1306 554 1350 meis
572 1307 631 1350 sic
647 1315 765 1360 orat,
788 1321 866 1364 ego
881 1306 940 1350 sic
959 1322 1035 1354 oro
1061 1326 1070 1350 :
1090 1307 1202 1350 sicut
1217 1306 1279 1349 ibi
1302 1306 1549 1364 respondit,
1574 1325 1594 1348 «
1615 1308 1727 1351 Cum

346 1392 366 1415 ι)
403 1374 480 1418 uni
501 1390 551 1418 ex
574 1376 761 1419 minimis
777 1376 880 1419 meis
903 1374 1062 1419 fecistis
1082 1411 1092 1429 ,
1116 1376 1224 1419 mihi
1239 1374 1440 1419 fecistis³.
1466 1393 1486 1416 n

402 1447 523 1488 VIII.
545 1448 656 1490 Cum
681 1456 825 1490 autem
854 1462 943 1490 non
963 1445 1228 1491 declinatum
1250 1446 1383 1492 fuerit
1417 1462 1492 1491 cor
1523 1455 1650 1490 tuum
1666 1481 1677 1501 ,
1703 1462 1730 1498 o

342 1516 589 1561 membrum
607 1517 766 1561 Christi
785 1552 796 1571 ,
822 1512 922 1561 cuin
949 1533 1023 1561 cor
1045 1526 1172 1561 tuum
1199 1533 1289 1562 non
1309 1516 1439 1562 fuerit
1462 1516 1729 1561 declinatum

347 1605 367 1627 «
404 1589 456 1629 In
478 1587 609 1631 verba
635 1587 841 1645 maligna,
867 1587 923 1632 ad
951 1588 1213 1632 excusandas
1239 1588 1533 1632 excusationes
1558 1588 1599 1632 in
1625 1603 1729 1647 pec—

346 1675 366 1698 »
402 1658 506 1701 catis
522 1693 533 1712 ,
559 1674 659 1702 cum
683 1659 934 1703 hominibus
958 1659 1242 1718 operantibus
1257 1660 1530 1719 iniquitatem
1549 1694 1559 1713 ‚
1580 1668 1624 1702 et
1640 1674 1729 1704 non
1784 1692 1785 1696 ,
1811 1674 1814 1677 ·

343 1728 614 1774 combinabis
631 1744 731 1773 cum
754 1729 899 1774 electis
921 1745 1088 1774 eorum.
1112 1748 1132 1770 »
1155 1732 1248 1774 Hoc
1264 1731 1381 1773 enim
1400 1730 1616 1790 sequitur,
1637 1732 1730 1774 «Et

346 1816 366 1838 »
401 1813 490 1841 non
512 1799 776 1849 combinabo
809 1815 910 1844 cum
945 1799 1090 1843 electis
1111 1815 1279 1843 eorum.
1307 1817 1328 1840 »
1361 1801 1446 1852 Qui
1481 1809 1583 1843 sunt
1604 1799 1729 1847 ,electi
1791 1798 1793 1805 '

342 1871 520 1913 eorum?
538 1870 622 1923 Qui
656 1885 699 1914 se
725 1870 839 1929 ipsos
859 1870 1116 1929 justificant.
1146 1870 1230 1923 Qui
1260 1879 1363 1914 sunt
1394 1870 1520 1914 electi
1546 1871 1730 1914 eorum?
1787 1887 1796 1913 ε

344 1939 425 1994 Qui
459 1940 539 1984 sibi
565 1941 671 2000 justi
703 1940 938 1995 videntur,
982 1950 1026 1984 et
1057 1950 1347 1985 contemnunt
1385 1950 1584 1994 caeterOS,
1620 1940 1730 1991 sicut

345 2010 587 2054 Pharisaeus
613 2010 686 2055 ille
712 2012 756 2054 in
778 2010 942 2070 templo
971 2010 1106 2066 dixit,
1133 2031 1151 2053 «
1175 2014 1287 2055 Deus
1303 2046 1313 2065 ,
1340 2011 1491 2069 gratias
1513 2027 1594 2069 ago
1616 2011 1726 2065 tibi,

347 2097 366 2119 »
403 2080 611 2139 quianon
631 2097 726 2126 sum
749 2082 860 2125 sicut
880 2081 1025 2124 caeteri
1045 2081 1241 2127 homines
1262 2081 1293 2124 4.
1323 2099 1342 2120 n
1380 2081 1463 2133 Qui
1485 2090 1588 2125 sunt
1604 2080 1729 2126 electi

344 2153 551 2193 eorumP«
572 2152 652 2195 Hic
671 2152 802 2195 homo
824 2151 856 2194 si
874 2152 1085 2209 propheta
1104 2159 1228 2204 esset,
1241 2151 1368 2201 sciret
1382 2166 1480 2210 quae
1495 2149 1651 2193 mulier
1667 2149 1728 2194 illi

346 2237 366 2261 »
388 2221 562 2267 accessit
583 2220 638 2264 ad
661 2221 789 2280 pedes
804 2223 863 2264 ⁵.»
878 2221 1115 2278 Agnoscitis
1137 2237 1288 2265 vocem
1312 2218 1493 2266 alterius·
1506 2221 1726 2276 Pharisaei,

342 2290 417 2350 qui
441 2291 673 2334 Dominum
709 2292 967 2335 invitaverat
986 2326 997 2345 ,
1022 2291 1200 2351 quando
1236 2291 1391 2335 mulier
1412 2290 1485 2335 illa
1517 2307 1616 2350 quae
1638 2301 1729 2336 erat

343 2361 388 2403 in
410 2361 583 2413 civitate
604 2361 840 2420 peccatrix,
861 2361 980 2406 venit
996 2371 1039 2405 et
1061 2361 1237 2405 accessit
1263 2361 1319 2404 ad
1347 2364 1476 2420 pedes
1498 2362 1621 2421 ejus?
1650 2360 1726 2405 Illa

342 2431 561 2490 impudica
582 2467 592 2485 ,
624 2432 847 2491 quondam
880 2430 1072 2476 frontosa
1095 2431 1150 2476 ad
1174 2430 1525 2485 fornicationem,
1559 2431 1723 2475 fronto-

391 2532 399 2548 ¹
419 2527 534 2568 Ephcs.
566 2539 599 2558 ιιι
614 2553 623 2569 ‚
655 2539 704 2569 ¹7·
725 2544 768 2549 -
800 2533 811 2548 ²
850 2527 962 2558 Matth.
984 2538 1094 2566 xxvm,
1114 2537 1154 2559 20
1193 2544 1233 2549 —
1257 2525 1270 2549 3
1295 2527 1342 2558 Id.
1364 2538 1448 2568 xxv,
1472 2526 1524 2568 40,
1547 2543 1589 2549 —-
1606 2524 1622 2556 4
1642 2528 1722 2559 Luc.

343 2593 432 2624 xviii,
462 2594 511 2615 11.
532 2600 572 2605 —
591 2581 605 2605 ⁵
624 2585 700 2615 Luc.
723 2593 781 2621 vn,
803 2583 855 2624 39.

1800 2296 1815 2336 ii

1799 2378 1815 2406 ιη

1798 2449 1815 2483 ΤΞ
