1815 3253
359 263 412 302 84
781 275 814 304 s.
850 276 1080 306 Auous'nm
1113 279 1292 308 EPISCOPl

356 341 475 383 mino
494 340 739 400 temporali:
757 350 799 385 et
820 350 965 386 tamen
983 342 1145 388 subditi
1167 353 1289 389 erant
1310 353 1486 404 propter
1500 344 1734 389 Dominum
1794 342 1797 397 f

355 421 567 456 aeternum
584 447 594 467 ,
615 412 743 457 etiam
762 413 940 458 domino
960 415 1196 475 temporali.
1792 459 1793 463 ,

412 485 533 527 V111.
563 483 648 527 Sed
668 483 884 544 numquid
906 485 963 529 sic
982 485 1062 528 erit
1084 501 1273 545 semper,
1293 494 1343 529 ut
1363 485 1500 545 iniqui
1521 484 1735 543 imperent
1792 491 1793 497 ’

347 552 507 612 justis?
530 555 627 599 Non
650 554 707 597 sic
731 555 825 598 erit.
852 554 1006 599 Videte
1016 555 1130 599 enim
1152 555 1260 616 quid
1275 555 1390 600 dicat
1411 556 1489 599 iste
1508 553 1701 598 psalmus
1721 571 1730 597 ε
1788 606 1790 613 k

354 642 373 664 κ
409 623 623 675 Quoniam
643 639 730 667 non
749 623 1022 685 derelinquet
1040 625 1248 672 Dominus
1271 625 1433 683 virgam
1456 633 1735 684 peccatorum
1788 628 1789 631 ’

352 711 372 734 »
408 708 536 752 super
555 703 713 738 sortem
732 694 966 754 justorum.
995 713 1014 736 »
1041 696 1234 740 Sentitur
1247 694 1301 738 ad
1315 704 1486 753 tempus
1503 695 1622 752 virga
1636 708 1734 752 pec-

347 773 544 808 catorum
566 780 695 824 super
717 774 879 809 sortem
895 766 1135 824 justorum,
1161 765 1236 809 sed
1258 780 1348 809 non
1374 765 1435 808 ibi
1456 764 1730 824 relinquitur,

346 850 436 879 non
457 835 597 879 eritin
618 844 846 879 aeternum.
869 835 1023 879 Veniet
1039 844 1231 894 tempus,
1253 834 1430 895 quando
1452 850 1566 878 unus
1578 849 1732 891 agnos·
1781 840 1783 880 1

346 913 469 948 catur
491 907 604 948 Deus
626 926 636 962 3
661 906 806 949 veniet
824 914 1015 964 tempus,
1043 905 1219 965 quando
1242 905 1438 951 Christus
1466 904 1512 948 in
1540 904 1732 948 claritate

349 991 425 1018 sua
448 990 658 1035 apparens
681 984 914 1033 congreget
933 984 1033 1019 ante
1060 990 1104 1019 se
1126 991 1274 1020 omnes
1302 984 1472 1034 gentes,
1498 984 1541 1018 et
1567 973 1733 1018 dividat
1777 987 1779 1028 1

346 1060 438 1100 eas,
461 1045 571 1089 sicut
597 1043 751 1089 dividit
773 1054 917 1104 pastor
935 1044 1091 1089 hoedos
1112 1046 1167 1089 ab
1190 1047 1342 1091 ovibus
1366 1065 1375 1090 ε
1401 1061 1501 1090 oves
1522 1053 1656 1104 ponet
1677 1043 1732 1088 ad
1775 1035 1778 1087 Ῐ

345 1116 591 1170 dexteram,
624 1114 779 1160 hoedos
812 1116 868 1159 ad
902 1116 1161 1161 sinistram1.
1193 1118 1251 1160 Et
1281 1115 1447 1161 videbis
1476 1115 1539 1159 ibi
1571 1113 1732 1159 multos
1774 1136 1775 1171 i

346 1201 490 1231 servos
509 1186 622 1230 inter
643 1201 765 1241 oves,
786 1195 829 1230 et
851 1185 1010 1230 multos
1032 1185 1230 1231 dominos
1247 1187 1359 1231 inter
1373 1187 1556 1243 hoedos,
1581 1194 1624 1229 et
1636 1200 1731 1228 rur·
1772 1212 1774 1240 1

349 1272 421 1301 3113
440 1256 602 1301 multos
624 1257 823 1301 dominos
838 1256 952 1300 inter
968 1271 1084 1312 oves,
1099 1255 1259 1301 multos
1276 1272 1418 1301 servos
1434 1257 1547 1301 inter
1558 1254 1727 1300 hoedos.
1770 1247 1773 1313 1

346 1329 444 1372 Non
467 1327 584 1370 enim
617 1327 719 1386 quia
740 1327 800 1371 sic
827 1325 1037 1370 consolati
1072 1341 1220 1370 sumus
1250 1342 1414 1382 servos,
1451 1341 1600 1371 omnes
1622 1325 1732 1370 servi
1768 1326 1771 1381 ξ

346 1397 452 1441 boni
472 1406 601 1455 sunt3
624 1406 698 1441 aut
727 1397 830 1457 quia
862 1397 921 1441 310
954 1396 1233 1455 repressimus
1259 1397 1504 1456 superbiam
1530 1396 1732 1441 domino-
1766 1440 1767 1444 ,

347 1483 461 1523 rum,
475 1483 625 1512 omnes
643 1468 809 1512 domini
830 1467 932 1511 mali
949 1476 1066 1511 sunt.
1081 1469 1191 1511 Sunt
1207 1467 1313 1511 boni
1331 1467 1478 1511 fideles
1496 1467 1676 1522 domini,
1688 1475 1732 1511 et

345 1548 447 1582 sunt
460 1538 559 1582 mali
575 1547 696 1582 :sunt
709 1538 812 1582 boni
825 1537 973 1581 fideles
988 1537 1114 1592 servi,
1126 1546 1169 1580 et
1191 1546 1293 1581 sunt
1304 1537 1419 1581 mali.
1435 1536 1519 1582 Sed
1535 1536 1731 1597 quandiu
1762 1523 1765 1587 1

345 1609 454 1654 servi
467 1609 570 1653 boni
584 1609 776 1653 serviunt
793 1607 915 1651 malis
933 1607 1131 1663 dominis,
1148 1607 1287 1652 ferant
1305 1607 1359 1652 ad
1374 1617 1542 1667 tempus
1557 1627 1565 1652 :
1583 1607 1730 1661 «Quia
1760 1595 1763 1672 1

346 1698 366 1720 »
403 1694 493 1723 non
524 1678 798 1738 derelinquet
836 1678 1046 1722 Dominus
1079 1678 1243 1735 virgam
1282 1676 1560 1737 peccatorum
1599 1693 1729 1737 super
1758 1690 1760 1722 1

350 1768 369 1791 »
405 1759 562 1794 sortem
594 1751 827 1810 justorum.
866 1767 887 1790 »
916 1751 1059 1802 Quare
1086 1749 1199 1793 hoc?
1236 1768 1256 1791 «
1288 1752 1344 1794 Ut
1371 1765 1460 1794 non
1495 1748 1729 1794 extendant
1756 1742 1759 1807 J

348 1838 379 1862 n*
400 1821 505 1880 justi
523 1820 574 1863 ad
594 1820 868 1880 iniquitatem
886 1834 1040 1862 manus
1056 1834 1177 1863 suas:
1200 1837 1220 1860 »
1247 1828 1297 1863 ut
1322 1818 1377 1863 ad
1399 1829 1569 1879 tempus
1586 1818 1728 1864 ferant

338 1891 443 1947 Justi
463 1891 635 1951 iniquos
653 1890 947 1944 dominantes,
973 1897 1016 1932 et
1037 1887 1282 1947 intelligant
1298 1905 1388 1933 non
1405 1904 1494 1934 esse
1511 1890 1594 1934 11οο
1615 1905 1728 1934 sem·-
1752 1904 1754 1928 1

343 1970 456 2021 pltel
459 1976 592 2015 num
617 1960 692 2004 sed
706 1967 950 2019 praeparent
962 1974 1007 2003 se
1023 1958 1077 2002 ad
1094 1958 1398 2018 possidendam
1421 1960 1727 2037 sempiternam
1750 1929 1753 2036 1

342 2030 659 2074 haereditatem.
683 2032 823 2082 Quam
846 2028 1176 2073 haereditatem?
1206 2028 1290 2072 Ubi
1318 2029 1567 2074 destruetur
1589 2030 1750 2074 omnis

345 2110 619 2161 potentatus,
646 2109 690 2144 et
711 2100 848 2144 omnis
871 2108 1086 2158 potestas,
1107 2108 1157 2142 ut
1178 2099 1232 2143 sit
1255 2102 1369 2143 Deus
1395 2101 1538 2144 omnia
1565 2101 1611 2144 in
1633 2116 1747 2146 0111-

345 2171 508 2215 111111ιεῖ
533 2170 603 2215 Ad
620 2171 703 2214 hoc
721 2185 764 2214 se
785 2178 1025 2224 servantes,
1051 2178 1095 2212 et
1110 2169 1192 2213 hoc
1209 2168 1340 2213 corde
1356 2169 1722 2229 contemplantes,
1744 2157 1747 2206 1
1813 2168 1815 2210 l

344 2250 388 2285 et
410 2240 552 2285 adhue
583 2240 629 2283 in
663 2239 748 2283 fide
785 2239 1042 2294 retinentes,
1067 2247 1110 2282 et
1138 2247 1188 2282 ut
1208 2238 1385 2283 videant
1417 2239 1720 2299 perdurantes,
1742 2235 1745 2290 ,¹

348 2330 369 2353 «
404 2314 500 2357 Non
536 2309 779 2354 extendunt
810 2325 964 2353 manus
997 2325 1092 2353 suas
1123 2309 1170 2353 in
1201 2309 1488 2369 iniquitatem.
1516 2329 1536 2352 »
1562 2313 1672 2357 Nam
1692 2310 1743 2362 sij

344 2381 522 2426 videant
543 2381 644 2441 quia
666 2396 835 2440 semper
867 2390 930 2425 est
961 2380 1077 2438 virga
1107 2390 1386 2440 peecatorum
1415 2397 1544 2441 super
1565 2391 1739 2426 sortem:

338 2452 558 2511 justorum
577 2486 588 2507 ,
615 2451 808 2509 cogitant
829 2450 947 2510 apud
967 2466 1010 2494 se
1030 2485 1041 2506 ,
1078 2459 1121 2494 et
1139 2450 1314 2506 dicunt,
1340 2451 1457 2505 Quid
1493 2452 1600 2496 mihi
1622 2458 1738 2512 pro-l
1808 2464 1815 2492 1

342 2522 436 2567 dest
453 2522 554 2583 quia
566 2522 707 2582 justus
729 2536 823 2565 sum
841 2523 859 2563 ⁶?
879 2522 1057 2580 Semper
1074 2521 1180 2565 mihi
1200 2520 1496 2566 dominabitur
1523 2521 1717 2582 iniquus,
1734 2537 1736 2574 ζ

391 2612 401 2630 ¹
416 2606 529 2639 Matth.
549 2617 626 2647 xxv,
643 2606 694 2639 32.
717 2622 756 2628 —
779 2613 789 2628 ²
815 2616 825 2637 1
844 2607 915 2638 Cor.
938 2616 993 2646 xv,
1014 2604 1067 2637 28.
