1815 3253
390 227 633 261 mulinum
663 230 711 259 m
743 226 951 260 »summ
979 229 1116 259 cxxx1.
1369 219 1450 258 191

67 298 171 352 iste,
195 298 273 359 qui
299 296 496 354 dicebat,
523 315 546 341 «
571 297 617 344 Si
638 297 844 343 introiero
871 297 917 342 in
938 293 1273 342 tabernaculum
1300 295 1458 341 domus

68 386 91 410 ³»
124 383 250 413 meae.
290 387 311 412 >›
346 369 571 415 Privatum
606 369 692 414 hoc
729 378 836 414 erat.
884 369 1056 414 Sciebat
1087 367 1256 428 privato
1299 382 1343 412 se
1377 368 1460 411 im-

67 438 235 500 pediri,
267 456 324 486 ne
345 435 522 486 ¹faceret
554 440 703 487 locum
739 441 950 497 Domino,
991 449 1035 486 et
1067 455 1116 484 ea
1149 448 1463 485 commemorat

68 526 167 572 quae
195 512 252 557 ad
273 513 472 573 seipsum
492 513 786 573 pertinebant.
811 531 830 554 «ι
856 515 954 558 Non
975 511 1167 556 introibo
1190 511 1235 556 in
1252 510 1460 555 taberna-

71 601 94 626 »
127 582 277 628 culum
292 584 448 629 domus
471 599 601 640 meae,
619 584 760 630 donec
782 583 1029 629 inveniam?
1053 600 1073 624 n
1099 582 1208 643 quid
1230 598 1331 627 cum
1348 583 1464 627 inve-

70 654 182 698 neris
202 654 351 700 locum
373 655 575 709 Domino,
594 655 776 700 intrabis
798 655 843 698 in
864 652 1201 698 tabernaculum
1219 655 1373 697 tuum?
1395 655 1465 697 An

69 725 211 784 ipsum
233 726 314 770 erit
330 724 665 771 tabernaculum
687 735 814 770 tuum
830 759 841 780 ,
870 725 948 769 ubi
969 724 1185 769 inveneris
1206 723 1354 769 locum
1376 727 1467 768 Do-

69 795 215 840 mino?
236 798 407 849 Quare?
428 797 539 849 Quia
574 797 665 856 ipse
696 797 779 841 eris
812 795 934 841 locus
970 796 1176 851 Domini,
1208 805 1252 840 et
1285 811 1387 840 cum
1409 795 1470 840 eis

70 865 148 926 qui
169 864 334 910 fuerint
354 865 477 911 locus
500 867 700 922 Domini,
726 882 865 911 unum
883 866 980 910 eris.

132 938 210 979 VI.
245 936 552 981 Abstineamus
589 952 691 995 ergo
722 953 828 992 nos,
865 936 1039 993 fratres,
1072 953 1097 982 a
1117 937 1384 997 possessione
1412 936 1473 981 rei

75 1006 279 1067 privatae3
304 1016 381 1051 aut
402 1007 457 1051 ab
480 1022 652 1062 amore,
682 1007 717 1051 si
746 1023 834 1052 non
861 1022 1093 1067 possumus
1116 1023 1140 1052 a
1169 1009 1467 1067 possessione3

75 1086 119 1121 et
139 1076 323 1121 facimus
340 1076 489 1122 locum
508 1077 713 1122 Domino.
736 1077 930 1122 Multum
951 1087 1014 1122 est
1035 1078 1091 1122 ad
1106 1093 1197 1134 me,
1219 1079 1278 1122 ait
1299 1077 1470 1138 aliquis.

80 1147 168 1195 Sed
188 1148 290 1192 vide
306 1150 407 1209 'quis
436 1149 491 1193 sis
513 1147 707 1193 facturus
729 1148 877 1194 locum
899 1150 1101 1194 Domino.
1137 1149 1180 1194 Si
1202 1149 1335 1194 vellet
1357 1150 1476 1210 apud.

79 1228 122 1264 te
144 1219 382 1278 hospitium
412 1220 576 1264 habere
604 1220 760 1280 aliquis
791 1230 991 1276 senator,
1030 1236 1122 1265 non
1154 1220 1252 1265 dico
1273 1230 1473 1277 senator,

80 1300 338 1349 procurator
360 1290 542 1351 alicujus
565 1291 713 1350 magni
731 1291 974 1336 secundum
992 1291 1218 1347 saeculum,
1235 1302 1277 1336 et
1295 1292 1475 1348 diceret,

80 1359 277 1405 Offendit
295 1376 366 1404 me
389 1361 603 1421 quiddam
623 1363 669 1405 in
688 1361 821 1406 domo
845 1371 919 1406 tua
945 1381 953 1406 z
977 1363 1055 1405 etsi
1078 1377 1243 1406 amares
1261 1363 1344 1407 hoc
1359 1399 1369 1418 ,
1400 1379 1479 1407 au-

81 1430 214 1475 ferres
235 1440 382 1475 tamen
398 1446 453 1475 ne
465 1446 567 1475 eum
587 1432 848 1486 offenderes,
866 1432 921 1475 ad
935 1433 1001 1492 cuj
1010 1448 1057 1476 us
1081 1433 1314 1477 amicitiam
1338 1434 1479 1478 ambi-

82 1516 164 1546 res.
186 1504 242 1545 Et
259 1500 365 1561 quid
385 1501 465 1545 tibi
488 1502 664 1560 prodest
685 1502 875 1546 hominis
908 1503 1122 1547 amicitia?
1145 1507 1277 1548 Forte
1298 1504 1360 1548 ibi
1387 1520 1478 1549 non

85 1571 226 1616 solum
248 1571 423 1615 nullum
442 1571 651 1615 auxilium
664 1606 674 1625 ‚
701 1572 777 1616 sed
798 1581 842 1616 et
861 1573 1108 1631 periculum
1124 1573 1355 1618 invenires.
1368 1578 1479 1620 Nam

86 1642 214 1687 multi
255 1658 345 1687 non
378 1641 737 1702 periclitabantur
769 1652 1004 1704 antequam
1047 1646 1285 1705 majoribus
1321 1647 1482 1707 junge-

88 1722 236 1757 rentur
261 1732 271 1758 :
290 1721 552 1772 exoptarunt
569 1714 783 1773 majorum
802 1714 1032 1770 amicitias,
1047 1724 1096 1759 ut
1109 1717 1268 1776 majora
1288 1717 1483 1776 pericula

89 1783 374 1828 incurrerent.
391 1785 576 1828 Securus
589 1793 690 1843 opta
701 1785 885 1828 amicitia
892 1800 933 1827 m
942 1787 973 1830 C
982 1787 1006 1829 h
1013 1787 1116 1831 risti.
1130 1790 1217 1831 Hos
1223 1788 1308 1847 pita
1314 1788 1347 1831 ri
1362 1787 1481 1847 apud

93 1862 134 1898 te
169 1852 290 1909 vult,
320 1852 389 1897 fac
417 1852 482 1897 illi
518 1853 680 1898 locum.
707 1854 825 1907 Quid
859 1864 944 1910 est,
971 1859 1058 1900 Fac
1094 1857 1156 1900 illi
1189 1856 1362 1902 locum?
1387 1859 1489 1904 Noli

94 1939 234 1968 amare
255 1924 452 1984 teipsum
467 1959 479 1979 ,
505 1923 630 1968 illum
651 1940 763 1969 ama.
791 1926 834 1970 Si
851 1935 892 1970 te
908 1928 1130 1983 amaveris,
1151 1927 1317 1973 claudis
1332 1939 1485 1974 contra

95 1992 218 2038 illum
243 2013 252 2039 ε
278 1994 312 2038 si
332 1994 476 2053 ipsum
497 1994 732 2051 amaveris,
758 1996 896 2055 aperis
918 1995 998 2040 illi.
1032 1998 1075 2042 Si
1092 2007 1238 2042 autem
1266 2000 1485 2059 aperueris

92 2072 135 2108 et
164 2064 412 2120 intraverit,
442 2080 533 2109 non
559 2065 698 2124 peries
725 2065 912 2111 amando
933 2076 999 2123 te,
1031 2067 1107 2113 sed
1127 2069 1360 2114 invenieris
1382 2086 1483 2115 cum

93 2144 264 2180 amante
283 2144 342 2180 te.

151 2209 253 2250 VII.
292 2224 315 2248 ι(
350 2206 393 2251 Si
424 2206 633 2251 introiero
664 2206 712 2251 in
736 2208 1070 2254 tabernaculum
1103 2211 1260 2256 domus
1293 2227 1426 2270 meze,
1452 2213 1487 2258 si

99 2293 118 2318 >¹
154 2275 389 2320 ascendero
410 2292 540 2336 super
555 2277 721 2322 lectum
741 2287 899 2323 stratus
916 2280 1016 2324 mei.
1045 2299 1065 2322 »
1093 2283 1265 2327 Privata
1282 2283 1398 2327 enim
1421 2300 1489 2329 res

97 2346 216 2406 ipsa,
252 2346 330 2389 ubi
362 2346 495 2391 homo
532 2348 791 2407 acquiescit,
817 2350 1027 2409 superbos
1058 2350 1162 2396 facit
1188 2372 1197 2397 :
1222 2353 1321 2398 ideo
1356 2354 1488 2410 dixit,

107 2435 125 2457 «
164 2416 207 2461 Si
229 2415 516 2461 ascendero.»
536 2420 586 2461 In
609 2433 679 2472 re,
695 2435 827 2478 quam
842 2420 1052 2480 privatam
1074 2422 1260 2484 quisque
1282 2425 1487 2483 possidet,

99 2502 272 2532 necesse
306 2496 371 2532 est
403 2487 616 2547 superbus
647 2487 715 2532 sit.
742 2489 851 2533 Inde
882 2506 926 2534 se
948 2493 1065 2536 enim
1095 2494 1236 2538 tendit
1269 2495 1402 2539 homo
1429 2495 1486 2540 ad

99 2556 343 2614 hominem,
360 2573 462 2602 cum
483 2557 613 2602 ambo
643 2558 728 2602 sint
753 2574 868 2604 caro.
895 2561 1014 2614 Quid
1035 2572 1099 2607 est
1119 2564 1274 2620 homo,
1298 2564 1484 2610 fratres?
