1815 3253
413 212 654 251 amana-rm
686 216 732 243 m
763 214 967 251 ΡεΑιΜυΜ
997 217 1117 244 επιν.
1379 205 1459 245 471

78 296 167 327 non
180 296 241 336 se,
257 279 575 340 reprehendere
593 280 820 336 audentes,
833 290 984 328 contra
1006 284 1146 327 Deum
1171 281 1365 341 quotidie
1377 282 1466 335 dis-

80 360 283 411 putantes
300 372 310 408 3
330 350 499 394 veniam
524 349 785 405 delictorum
807 351 1100 410 desperantes,
1125 359 1233 402 etex
1254 352 1344 411 ipsa
1368 352 1467 406 des-

78 422 306 481 peratione
351 419 508 468 delicta
529 419 804 473 cumulantes
820 454 832 475 ,
857 430 934 471 aut
964 421 1137 474 veniam
1163 421 1246 465 sibi
1268 437 1468 481 perverse

77 493 380 552 promittentes
395 525 406 546 ‚
427 499 471 534 et
482 505 532 534 ex
548 491 639 550 ipsa
657 490 938 551 promissione
955 507 978 544 a
989 491 1176 551 peccatis
1191 500 1235 536 et
1245 492 1469 552 impietate

77 579 167 614 non
191 561 468 607 recedentes?
485 562 642 607 Veniet
661 571 833 622 tempus
854 571 905 617 ut
926 571 1182 622 separentur
1198 562 1269 613 isti
1289 578 1441 614 omnes
1455 600 1467 620 ‚

78 643 121 678 et
152 634 261 679 fiant
279 632 365 677 illae
388 633 488 677 duae
510 642 678 693 partes,
702 649 792 679 una
817 633 874 685 ad
896 632 1116 681 dexteram
1133 668 1144 690 ‚
1175 633 1310 690 altera
1337 634 1393 679 ad
1413 638 1474 684 si-

77 704 287 761 nistram3
326 703 543 763 accipiant
564 704 670 764 justi
704 719 889 764 regnum
926 714 1141 750 aeternum
1163 740 1174 761 ,
1197 714 1299 750 eant
1334 705 1398 753 illi
1429 707 1476 751 in

75 775 220 834 ignem
243 783 458 818 aeternum
479 776 508 819 ¹.
534 794 554 818 «
580 778 638 820 Et
659 790 809 821 omnes
830 784 1079 835 peccatores
1096 774 1334 836 disperdet.
1357 794 1379 818 »

134 848 276 889 XXV.
303 846 521 899 Quoniam
541 846 636 890 haec
670 845 729 890 ita
753 854 882 902 sunt,
922 855 966 890 et
988 845 1235 897 audivimus
1265 846 1476 892 benedic-

73 917 240 961 tionem
262 916 436 960 Domini
456 950 467 971 ,
494 931 626 976 opera
649 916 846 973 Domini,
878 916 1094 963 mirabilia
1114 917 1314 974 Domini,
1343 918 1473 963 mise-

73 986 278 1032 ricordias
312 987 515 1040 Domini,
551 987 826 1032 severitatem
847 987 1054 1043 Domini,
1084 986 1406 1047 providentiam
1426 991 1472 1034 in

74 1058 279 1102 omnibus
313 1057 520 1117 operibus
557 1058 676 1117 ejus,
709 1055 1026 1102 confessionem
1058 1059 1256 1106 omnium
1287 1074 1470 1118 operum

73 1130 165 1189 ejus
183 1150 194 1186 3
229 1128 336 1189 quid
357 1131 404 1172 in
428 1128 559 1173 laude
581 1133 673 1186 eJus
695 1127 934 1173 concludat
955 1128 1169 1174 attendite
1197 1148 1206 1174 ε
1232 1148 1252 1172 «
1272 1130 1470 1182 Laudem

76 1218 97 1242 »
132 1200 306 1244 Domini
326 1199 533 1260 loquetur
552 1214 599 1244 os
614 1214 779 1254 meum,
805 1208 850 1244 et
866 1198 1099 1244 benedicat
1115 1200 1254 1245 omnis
1277 1216 1378 1246 caro
1392 1217 1469 1246 no-

72 1286 175 1316 men
197 1280 398 1316 sanctum
419 1271 511 1332 ejus
530 1272 576 1316 in
603 1270 835 1327 saeculum,
860 1281 906 1317 et
925 1272 972 1316 in
1004 1270 1213 1321 saeculum
1234 1272 1422 1322 saeculi‘2.
1445 1291 1466 1314 »

72 1441 211 1459 mm
221 1441 1465 1460 ummmmmmwmmmmmmnmmmmmmmmmmmmm

573 1584 961 1636 ENARRATIO

440 1749 500 1787 IN
547 1747 856 1789 PSALMUM
909 1746 1095 1789 CXLV.

549 1902 700 1946 Sermo
720 1899 777 1946 ad
797 1899 989 1961 plebem.

128 2053 163 2094 1.
191 2052 379 2094 DELICIAE
399 2049 575 2109 spiritus
597 2051 734 2094 nostri
766 2050 915 2094 divina
942 2049 1111 2094 cantica
1129 2084 1140 2105 ‚
1165 2049 1245 2094 ubi
1268 2058 1310 2094 et
1332 2049 1465 2095 fletus

67 2122 159 2166 sine
181 2120 340 2180 gaudio
355 2136 445 2165 non
467 2130 545 2166 cst.
570 2123 603 2164 F
608 2120 712 2165 ideli
728 2121 897 2166 homini
910 2131 953 2166 et
972 2121 1202 2182 peregrino
1223 2121 1270 2165 in
1282 2121 1459 2177 saeculo,

66 2191 188 2236 nulla
209 2201 273 2235 est
289 2191 528 2252 jucundior
550 2191 794 2237 recordatio
813 2227 824 2247 ,
840 2208 974 2253 quam
995 2192 1180 2237 civitatis
1202 2190 1317 2236 illius
1339 2191 1461 2236 unde

65 2264 367 2323 peregrinatur
390 2282 397 2307 :
423 2261 499 2306 sed
530 2261 772 2307 recordatio
793 2263 978 2308 civitatis
1005 2263 1051 2307 in
1080 2263 1429 2322 peregrinatione
1445 2298 1458 2319 ‚

65 2350 157 2391 non
179 2344 243 2379 est
271 2335 363 2378 sine
385 2333 535 2378 dolore
556 2343 687 2394 atque
718 2335 918 2394 suspirio.
946 2338 1050 2395 Spes
1071 2344 1218 2379 tamen
1247 2344 1364 2379 certa
1396 2350 1462 2378 re-

66 2403 184 2449 ditus
208 2405 366 2459 nostri⁷
386 2405 518 2449 etiam
553 2403 873 2464 peregrinando
894 2406 1035 2450 tristes
1057 2405 1306 2450 consolatur
1318 2414 1362 2449 et
1384 2420 1460 2449 ex-

65 2476 282 2521 hortatur.
318 2475 509 2535 Rapiant
538 2490 613 2520 cor
639 2484 833 2520 vestrum
864 2477 998 2521 verba
1029 2476 1132 2532 Dei,
1168 2486 1210 2522 et
1244 2491 1462 2537 possessor

114 2579 124 2596 ¹
138 2573 253 2606 Matth.
271 2583 349 2614 xxv,
368 2572 483 2615 32-46.
509 2589 549 2596 —
569 2579 582 2596 ²
600 2571 681 2605 Psal.
697 2581 806 2614 cxmv,
823 2581 878 2606 21.
