1815 3253
367 212 608 244 ENARRATlo
640 216 686 244 IN
718 215 921 245 PsALMUM
952 219 1100 246 CXLIII.
1341 207 1425 248 433

40 283 171 327 ritas?
193 299 212 324 «
239 284 297 326 Et
317 280 436 325 unde
456 281 640 326 charitas
670 283 751 327 nisi
775 299 850 344 per
878 285 1087 344 Spiritum
1125 293 1326 329 sanctum
1352 286 1430 346 qui

41 372 62 396 υ
98 354 226 398 datus
249 362 312 398 est
326 353 474 398 nobis1
494 355 511 397 Ρ
530 372 548 395 »
577 355 619 399 Si
643 370 743 413 ergo
759 371 835 415 pcr
858 372 987 416 opera
1007 356 1310 401 misericordiae
1333 373 1431 402 nos-

38 433 103 469 ter
125 425 314 470 vincitur
335 424 536 469 inimicus
553 461 563 480 ‚
600 435 643 470 ct
665 442 795 486 opera
828 426 1134 472 misericordiae
1156 428 1317 472 habere
1340 445 1430 474 non

0 484 1 492 ἵ
37 510 282 556 possemus,
302 495 382 540 nisi
400 495 654 540 charitatem
674 497 956 555 haberemus3
981 499 1166 542 charitas
1188 507 1333 542 autem
1357 515 1434 544 no-

36 567 103 611 bis
125 566 247 611 nulla
268 576 402 623 esset,
426 566 506 611 nisi
530 583 607 627 per
641 568 852 628 Spiritum
879 578 1079 614 sanctum
1102 570 1397 629 acciperemus
1420 591 1429 615 ε

37 637 109 682 ille
131 638 261 683 docet
282 654 436 683 manus
469 648 636 684 nostras
665 639 709 683 in
734 639 962 699 praelium,
1005 649 1048 684 et
1079 639 1236 699 digitos
1266 650 1434 686 nostros

37 709 91 754 ad
127 709 321 767 bellum3
347 708 410 754 illi
433 719 547 754 recte
584 709 791 765 dicimus,
824 729 844 752 «
877 711 1171 755 Misericordia
1205 727 1297 755 mea
1321 748 1331 767 ‚
1369 730 1388 752 η
1411 728 1435 755 a

34 795 124 841 quo
147 780 360 826 habemus
398 781 527 825 etiam
552 791 602 826 ut
644 780 943 826 misericordes
973 781 1121 826 simus.
1167 801 1187 824 «
1212 782 1435 827 Judicium

39 870 59 894 »
85 851 202 896 enim
216 852 308 896 sine
322 851 616 897 misericordia
626 852 704 907 illi,
718 853 795 913 qui
808 868 897 897 non
909 851 1016 898 fecit
1028 853 1402 898 misericordiam2.
1413 872 1433 895 »

96 925 221 968 VIII.
248 927 382 968 Parva
404 924 567 984 putatis
585 931 715 983 opera
734 923 1072 969 misericordiae?
1088 925 1215 970 Libet
1232 936 1275 970 et
1297 925 1352 970 de
1374 926 1441 970 his

34 993 202 1055 aliquid
218 993 379 1039 dicere.
398 995 625 1039 Attendite
639 995 780 1055 primo
793 996 920 1040 istam
938 996 1197 1041 sententiam
1220 995 1275 1041 de
1290 1007 1438 1042 sancta

37 1065 259 1125 Scriptura
281 1065 608 1125 depromptam,
626 1081 759 1126 quam
778 1067 909 1111 modo
930 1070 1281 1112 commemoravi.
1311 1087 1331 1110 «
1366 1071 1442 1112 Ju-

37 1153 57 1178 >›
83 1135 246 1180 dicium
260 1136 376 1179 enim
390 1136 482 1180 sine
495 1135 786 1180 misericordia
798 1136 877 1190 illi,
891 1138 968 1197 qui
981 1153 1070 1182 non
1084 1138 1187 1182 fecit
1200 1138 1439 1183 misericor-

38 1223 59 1249 »
80 1205 198 1251 diam
218 1226 227 1252 ε
248 1225 267 1248 »
288 1207 388 1252 Sine
399 1206 690 1251 misericordia
699 1206 990 1268 judicabitur,
1010 1209 1087 1270 qui
1101 1209 1439 1254 misericordiam

35 1293 124 1324 non
141 1278 245 1323 fecit
264 1287 498 1339 antequam
509 1278 796 1339 judicaretur.
818 1279 935 1332 Quid
952 1279 1141 1324 deinde?
1162 1280 1268 1341 quid
1292 1281 1440 1341 sequi-

34 1351 133 1394 tur?
153 1368 172 1390 «
195 1348 495 1409 Superexaltat
514 1358 659 1393 autem
686 1349 981 1394 misericordia
999 1350 1180 1411 judicio.
1203 1370 1222 1393 »
1247 1351 1363 1404 Quid
1376 1361 1441 1397 est

33 1420 133 1476 hoc,
147 1420 316 1476 fratres,
337 1440 358 1463 «
373 1420 673 1480 Superexaltat
688 1421 976 1466 misericordia
988 1422 1204 1482 judicio?»
1221 1425 1439 1483 Superpo-

37 1509 58 1534 i)
92 1492 210 1535 nitur
234 1492 527 1546 misericordia
538 1492 704 1553 judicio
723 1512 731 1537 :
757 1493 803 1536 in
821 1509 910 1553 quo
933 1493 1161 1537 inventum
1182 1493 1314 1538 suerit
1328 1509 1438 1555 opus

35 1562 357 1618 misericordiae,
376 1563 455 1607 etsi
468 1563 671 1607 habuerit
683 1562 847 1622 aliquid
870 1562 984 1608 forte
1006 1564 1049 1607 in
1066 1564 1232 1625 judicio
1247 1581 1336 1626 quo
1354 1581 1438 1625 pu-

35 1633 180 1678 niatur
195 1668 206 1688 ‚
233 1642 444 1694 tanquam
459 1632 576 1677 unda
594 1633 901 1677 misericordiae
914 1635 1080 1693 peccati
1095 1635 1205 1694 ignis
1219 1636 1435 1695 extingui-

35 1714 152 1750 tur.«
172 1704 474 1765 Superexaltat
484 1705 600 1748 enim
615 1704 904 1750 misericordia
911 1706 1094 1765 judicio.
1111 1707 1253 1760 »Quid
1268 1717 1431 1765 autem,

36 1786 78 1822 et
95 1777 380 1822 cum-talibus
402 1776 629 1832 subvenit,
656 1786 699 1821 et
720 1792 822 1821 cum
844 1776 951 1821 tales
969 1776 1125 1822 liberat
1146 1814 1157 1833 ‚
1183 1788 1226 1823 et
1247 1795 1348 1823 cum
1371 1789 1435 1825 tao

34 1846 149 1892 libus
168 1847 353 1906 ignoscit
369 1883 380 1903 ‚
406 1848 592 1907 injustus
611 1855 674 1891 est
698 1850 811 1891 Deus
828 1848 847 1888 ⁶?
867 1848 1007 1892 Absit.
1034 1851 1091 1893 Et
1107 1849 1169 1892 ibi
1185 1851 1329 1909 justus
1348 1861 1427 1896 est.

74 1934 131 1963 on
149 1918 189 1962 ei
213 1917 327 1962 tollit
356 1916 647 1961 misericordia
676 1917 919 1976 justitiam,
951 1933 1033 1962 nec
1062 1920 1231 1978 justitia
1262 1923 1431 1967 miseri-

0 1997 2 2003 '
35 1988 242 2035 cordiam.
279 1987 390 2032 Vide
412 1988 528 2032 enim
551 1987 585 2031 si
607 2002 698 2031 non
713 1988 857 2047 justus
879 1997 944 2032 est
967 2008 976 2033 :
1013 1989 1191 2035 Dimitte
1207 1994 1245 2049 3,
1280 2002 1324 2038 et
1359 1994 1430 2039 di-

82 2061 188 2117 itto,
214 2059 302 2115 da,
328 2068 372 2104 et
385 2059 458 2103 do.
486 2058 596 2102 Vide
616 2058 650 2102 si
673 2073 762 2103 non
777 2060 923 2119 justus
946 2069 1044 2105 est:
1076 2080 1095 2103 «
1120 2065 1172 2106 In
1193 2080 1280 2124 qua
1305 2081 1430 2111 men-

39 2149 60 2174 »
93 2147 192 2176 sura
213 2146 352 2175 mensi
368 2128 568 2185 fueritis
593 2129 639 2172 in
657 2144 706 2173 ea
729 2129 984 2174 remetietur
1012 2132 1169 2177 vobis4
1176 2169 1184 2178 .
1209 2153 1229 2176 »
1259 2136 1323 2181 Ad
1347 2138 1430 2183 hoc

75 2354 113 2392 st
132 2345 252 2406 apud
285 2353 327 2388 te
358 2358 562 2388 mensura
598 2342 736 2385 veniae
770 2341 952 2399 dandae,
993 2345 1186 2391 invenies
1219 2352 1336 2409 apud
1360 2369 1429 2398 me

81 2432 283 2463 ensuram
310 2416 449 2461 veniae
471 2413 736 2474 accipiendae
758 2433 767 2458 ε
793 2416 994 2474 estffapud
1019 2425 1061 2460 te
1081 2433 1330 2466 mensuram
1353 2426 1430 2468 tri-

35 2532 54 2541 <-
86 2522 93 2538 ¹
115 2518 205 2549 Rom.
226 2525 260 2557 v,
285 2518 317 2547 5.
338 2531 380 2537 —
407 2521 418 2537 ²
441 2513 555 2546 Jacob.
576 2523 611 2554 n,
638 2512 688 2545 13.
710 2528 752 2535 -
774 2510 788 2535 ³
803 2514 877 2546 Luc.
899 2524 944 2555 vi,
964 2514 1015 2556 37.
1034 2531 1076 2538 —-
1101 2514 1117 2546 4
1132 2519 1244 2552 Matth.
1272 2531 1324 2562 vu,
1346 2531 1377 2555 2.

224 2593 348 2624 cxix.
1215 2588 1267 2625 23
