1815 3253
344 191 428 229 516
764 198 798 226 s.
832 197 1063 227 Auonsnm
1095 201 1276 228 EPISCOPI

343 284 363 306 »
399 264 491 308 das.
519 282 538 305 »
559 264 680 309 Alius
698 272 761 308 est
775 264 852 324 qui
869 272 910 308 te
927 264 1108 324 quaerit,
1130 263 1263 308 alium
1278 272 1328 307 tu
1348 262 1481 306 debes
1505 277 1715 322 quaerere.

335 337 425 381 Nec
445 350 546 378 eum
568 334 645 394 qui
667 342 710 378 te
731 334 889 393 quaerit
914 333 1130 394 relinquas
1163 334 1335 378 inanem
1355 354 1366 390 3
1395 351 1415 375 «
1447 333 1578 376 Omni
1599 332 1717 377 enim

338 423 358 447 >›
393 404 558 464 petenti
578 413 621 447 te
638 403 692 447 da
719 423 727 448 :
753 422 771 444 »
794 403 870 448 sed
885 403 992 448 alius
1014 413 1078 448 est
1099 418 1231 463 quem
1257 412 1306 447 tu
1340 402 1473 446 debes
1497 417 1716 462 quaerere3

340 494 361 517 «
398 474 533 519 Sudet
570 473 845 532 eleemosyna
876 474 923 518 in
955 489 1089 518 manu
1126 483 1230 529 tua,
1270 488 1497 533 quousque
1528 472 1720 517 invenias

340 563 362 588 »
392 546 561 605 justum
582 545 653 589 cui
686 544 789 589 des?
813 564 832 586 »
857 547 1095 604 Nunquam
1115 545 1200 589 hoc
1227 542 1412 600 facietis7
1446 542 1527 586 nisi
1555 541 1721 602 aliquid

340 613 397 658 de
415 616 545 659 rebus
566 616 716 659 vestris
729 615 964 674 sepositum
987 615 1224 659 habueritis
1239 649 1250 670 ‚
1270 615 1390 674 quod
1407 614 1566 673 cuique
1579 611 1722 671 placet

338 701 418 745 pro
440 687 692 729 necessitate
708 686 770 730 rei
786 684 1006 730 familiaris
1027 701 1116 729 suae
1130 720 1142 741 ,
1162 694 1370 745 tanquam
1387 684 1587 728 debitum
1600 682 1722 743 quasi

342 757 446 800 fisco
457 755 746 800 reddendum.
756 755 799 800 Si
810 771 898 800 non
906 756 1040 800 habet
1048 755 1362 815 rempublicam
1376 769 1498 799 suam
1506 754 1719 808 Christus,

340 841 432 870 non
454 826 588 870 habet
603 826 754 870 fiscum
777 842 920 870 suum.
942 826 1094 871 Fiscus
1116 826 1232 870 enim
1254 826 1369 870 scitis
1396 824 1504 885 quid
1525 824 1606 867 sit?
1629 823 1724 867 Fis-

339 911 416 941 cus
434 912 582 941 saccus
604 906 669 941 est
693 916 702 942 :
727 896 846 941 unde
875 906 919 941 et
945 895 1118 941 fiscellae
1140 905 1185 940 et
1216 895 1376 940 fiscinae
1407 895 1628 939 dicuntur.
1659 895 1722 939 Ne

340 968 503 1026 putetis
537 968 640 1028 quia
676 966 830 1027 aliquis
861 966 991 1011 draco
1028 976 1091 1011 est
1118 968 1266 1021 fiscus,
1306 966 1408 1026 quia
1438 979 1539 1009 cum
1567 965 1722 1007 timore

338 1037 516 1081 auditur
545 1046 717 1082 exactor
736 1037 828 1081 fisci
855 1057 863 1082 :
891 1038 1018 1081 fiscus
1053 1052 1202 1081 saccus
1234 1044 1298 1080 est
1324 1035 1540 1095 publicus.
1572 1037 1722 1094 Ipsum

337 1107 530 1152 habebat
551 1108 762 1152 Dominus
781 1108 851 1151 hic
873 1109 919 1151 in
936 1117 1050 1151 terra
1066 1142 1077 1162 ,
1102 1106 1280 1166 quando
1309 1104 1474 1149 loculos
1496 1105 1687 1148 habebat
1709 1123 1719 1148 :

339 1185 384 1220 et
404 1177 485 1235 ipsi
525 1176 659 1221 loculi
686 1178 814 1222 Judae
841 1186 965 1221 erant
997 1176 1197 1231 commisi
1208 1178 1237 1219 ¹.
1272 1175 1431 1219 sudam
1466 1173 1722 1218 traditorem

338 1246 586 1306 patiebatur
602 1248 812 1291 Dominus
831 1256 875 1290 et
891 1245 1055 1301 furem,
1081 1255 1124 1289 et
1143 1247 1188 1289 in
1205 1246 1296 1304 ipso
1308 1243 1539 1289 ostendens
1557 1243 1723 1303 ubique

338 1317 591 1377 patientiam
622 1333 744 1362 suam
765 1337 775 1362 z
805 1326 953 1361 tamen
975 1315 1039 1359 illi
1063 1316 1139 1376 qui
1156 1313 1455 1371 conferebant,
1482 1315 1529 1359 in
1555 1313 1723 1359 loculos

335 1389 506 1433 Domini
525 1389 825 1434 conferebant.
841 1388 930 1434 Nisi
941 1387 1054 1433 forte
1066 1387 1228 1447 putatis
1238 1423 1249 1443 ‚
1270 1388 1369 1447 quia
1388 1387 1599 1433 Dominus
1611 1387 1719 1443 ibat,

321 1469 379 1521 *et
400 1460 600 1520 petebat,
626 1470 700 1505 aut
721 1459 945 1519 indigebat
965 1494 976 1514 ‚
1007 1459 1077 1504 cui
1094 1458 1252 1517 Angeli
1275 1458 1520 1503 serviebant
1534 1492 1545 1513 ‚
1570 1458 1646 1518 qui
1668 1457 1724 1501 de

338 1532 534 1591 quinque
560 1531 748 1591 panibus
760 1539 827 1575 tot
859 1528 994 1574 millia
1026 1529 1256 1573 hominum
1290 1529 1422 1588 pavit.
1449 1530 1593 1581 Quare
1619 1543 1723 1586 ergo

337 1618 463 1660 egere
479 1601 641 1657 voluit,
666 1602 748 1646 nisi
767 1611 818 1645 ut
838 1600 960 1644 daret
980 1600 1228 1659 exemplum
1254 1598 1499 1654 montibus,
1525 1608 1575 1643 ut
1594 1614 1724 1658 pare—

337 1681 436 1716 rent
464 1671 654 1728 foenum‚
682 1687 738 1716 ne
764 1680 917 1716 contra
941 1670 1135 1730 pluviam
1169 1670 1440 1714 sterilitatem
1464 1668 1723 1713 redderent?

338 1742 566 1788 Praecidite
600 1758 703 1801 ergo
720 1742 886 1802 aliquid
897 1777 908 1796 ‚
929 1751 972 1786 et
989 1740 1196 1801 deputate
1212 1740 1378 1800 aliquid
1395 1741 1530 1784 fixum
1549 1776 1560 1796 ,
1586 1740 1723 1786 velex

338 1814 493 1858 annuis
524 1812 741 1857 fructibus
761 1848 773 1868 ‚
801 1812 872 1858 vel
905 1827 956 1855 ex
984 1811 1247 1872 quotidianis
1284 1811 1521 1871 quaestibus
1553 1811 1719 1855 vestris.

336 1888 446 1931 Nam
468 1884 592 1944 quasi
613 1884 668 1928 de
687 1884 787 1929 vivo
808 1883 963 1927 videris
985 1882 1088 1926 dare
1105 1917 1116 1937 ,
1132 1891 1176 1926 et
1192 1896 1363 1926 necesse
1385 1890 1447 1925 est
1467 1890 1517 1925 ut
1536 1880 1724 1940 trepidet

335 1971 491 2000 manus
509 1964 583 1999 tua
599 1990 609 2008 ‚
635 1955 813 2015 quando
835 1953 957 1998 illam
979 1954 1162 2013 porrigis
1183 1951 1238 1998 ad
1265 1952 1307 1996 id
1335 1953 1455 2012 quod
1476 1968 1565 1996 non
1587 1952 1722 1996 devo-

341 2042 473 2071 veras.
492 2027 642 2070 Exime
655 2026 845 2085 aliquam
864 2034 1032 2084 partem
1045 2023 1295 2068 reddituum
1314 2033 1506 2069 tuorum.
1528 2023 1723 2067 Decimas

343 2098 435 2141 vis?
458 2097 645 2141 decimas
685 2099 845 2151 exime,
884 2110 1135 2155 quanquam
1167 2108 1321 2152 parum
1349 2093 1417 2136 sit.
1451 2093 1626 2136 Dictum
1659 2102 1724 2137 est

338 2168 456 2211 enim
473 2202 483 2222 ,
509 2167 611 2226 quia
634 2166 838 2210 Pharisaei
860 2165 1047 2207 decimas
1064 2163 1251 2218 dabant,
1272 2181 1292 2205 «
1312 2164 1470 2222 Jejuno
1485 2162 1551 2206 bis
1564 2162 1609 2206 in
1621 2163 1721 2207 sab-

337 2256 361 2282 >›
397 2237 526 2291 bato,
561 2235 749 2279 decimas
779 2235 837 2278 do
869 2234 1065 2278 omnium
1096 2249 1386 2293 quaecumque
1421 2232 1618 2293 possideo
1636 2237 1666 2276 ².
1698 2252 1718 2274 ι)

339 2311 400 2354 Et
431 2306 539 2367 quid
573 2306 632 2350 ait
654 2305 887 2349 Dominus?
918 2324 939 2346 «
963 2304 1051 2349 Nisi
1083 2304 1369 2348 abundaverit
1391 2305 1554 2364 justitia
1582 2314 1721 2349 vestra

345 2397 366 2421 »
401 2378 500 2437 plus
522 2391 654 2436 quam
684 2375 932 2420 Scribarum
960 2383 1004 2417 et
1032 2374 1371 2428 Pharisaeorum,
1397 2389 1486 2417 non
1507 2374 1721 2418 intrabitis

347 2468 367 2490 »
402 2449 448 2491 in
470 2461 654 2506 regnum
666 2444 919 2490 coelorum2.
943 2462 962 2486 »
984 2447 1040 2488 Et
1055 2443 1127 2487 ille
1144 2459 1273 2503 super
1289 2459 1421 2504 quem
1438 2444 1720 2490 dehetabun-

395 2540 404 2557 ¹
424 2535 516 2565 Joan.
537 2542 591 2572 xn,
605 2530 637 2563 6.
659 2547 700 2555 —
722 2537 734 2554 ²
755 2532 831 2562 Luc.
850 2540 940 2570 xvm,
964 2538 1014 2562 12.
1031 2546 1072 2552 -
1096 2526 1110 2552 3
1128 2528 1240 2561 Matth.
1262 2539 1295 2570 V,
1314 2535 1366 2560 20.
