<?xml version="1.0" encoding="UTF-8"?>
<!DOCTYPE html PUBLIC "-//W3C//DTD XHTML 1.0 Transitional//EN"
    "http://www.w3.org/TR/xhtml1/DTD/xhtml1-transitional.dtd">
<html xmlns="http://www.w3.org/1999/xhtml" xml:lang="en" lang="en">
 <head>
  <title>
</title>
<meta http-equiv="Content-Type" content="text/html;charset=utf-8" />
  <meta name='ocr-system' content='tesseract 3.04.00' />
  <meta name='ocr-capabilities' content='ocr_page ocr_carea ocr_par ocr_line ocrx_word'/>
</head>
<body>
  <div class='ocr_page' id='page_1' title='image "./operaomniaaccura12auguuoft_0089.png"; bbox 0 0 1815 3253; ppageno 0'>
   <div class='ocr_carea' id='block_1_1' title="bbox 391 242 1448 280">
    <p class='ocr_par' dir='ltr' id='par_1_1' title="bbox 391 242 1448 280">
     <span class='ocr_line' id='line_1_1' title="bbox 391 242 1448 280; baseline 0.002 -3"><span class='ocrx_word' id='word_1_1' title='bbox 391 247 632 279; x_wconf 59' lang='lat' dir='ltr'>multu-mo</span> <span class='ocrx_word' id='word_1_2' title='bbox 665 251 709 278; x_wconf 79' lang='lat' dir='ltr'>m</span> <span class='ocrx_word' id='word_1_3' title='bbox 730 248 928 279; x_wconf 19' lang='lat' dir='ltr'><strong>*PALMUM</strong></span> <span class='ocrx_word' id='word_1_4' title='bbox 960 252 1107 279; x_wconf 78' lang='lat' dir='ltr'>cxxiv.</span> <span class='ocrx_word' id='word_1_5' title='bbox 1391 242 1448 280; x_wconf 83' lang='lat'>79</span> 
     </span>
    </p>
   </div>
   <div class='ocr_carea' id='block_1_2' title="bbox 8 315 1473 2568">
    <p class='ocr_par' dir='ltr' id='par_1_2' title="bbox 8 315 1473 2568">
     <span class='ocr_line' id='line_1_2' title="bbox 8 315 1450 376; baseline 0 -14"><span class='ocrx_word' id='word_1_6' title='bbox 8 347 11 371; x_wconf 58' lang='lat'>4</span> <span class='ocrx_word' id='word_1_7' title='bbox 68 337 85 362; x_wconf 81' lang='lat'><strong>»</strong></span> <span class='ocrx_word' id='word_1_8' title='bbox 121 317 190 376; x_wconf 88' lang='lat' dir='ltr'>pio</span> <span class='ocrx_word' id='word_1_9' title='bbox 211 324 304 361; x_wconf 88' lang='lat' dir='ltr'>erat</span> <span class='ocrx_word' id='word_1_10' title='bbox 322 315 517 361; x_wconf 86' lang='lat' dir='ltr'><strong>Verbum</strong></span> <span class='ocrx_word' id='word_1_11' title='bbox 531 351 542 371; x_wconf 93' lang='lat'>,</span> <span class='ocrx_word' id='word_1_12' title='bbox 567 324 611 361; x_wconf 84' lang='lat' dir='ltr'>et</span> <span class='ocrx_word' id='word_1_13' title='bbox 628 316 823 362; x_wconf 88' lang='lat' dir='ltr'><strong>Verbum</strong></span> <span class='ocrx_word' id='word_1_14' title='bbox 841 326 934 362; x_wconf 81' lang='lat' dir='ltr'>erat</span> <span class='ocrx_word' id='word_1_15' title='bbox 955 315 1072 376; x_wconf 86' lang='lat' dir='ltr'>apud</span> <span class='ocrx_word' id='word_1_16' title='bbox 1089 319 1228 361; x_wconf 87' lang='lat' dir='ltr'>Deum</span> <span class='ocrx_word' id='word_1_17' title='bbox 1243 351 1255 372; x_wconf 92' lang='lat'>,</span> <span class='ocrx_word' id='word_1_18' title='bbox 1273 326 1317 362; x_wconf 88' lang='lat' dir='ltr'>et</span> <span class='ocrx_word' id='word_1_19' title='bbox 1334 319 1450 362; x_wconf 89' lang='lat' dir='ltr'>Deus</span> 
     </span>
     <span class='ocr_line' id='line_1_3' title="bbox 10 386 1452 448; baseline 0.002 -18"><span class='ocrx_word' id='word_1_20' title='bbox 10 395 11 442; x_wconf 44' lang='grc' dir='ltr'><strong>ᾗ</strong></span> <span class='ocrx_word' id='word_1_21' title='bbox 64 405 86 430; x_wconf 72' lang='lat' dir='ltr'>n</span> <span class='ocrx_word' id='word_1_22' title='bbox 118 396 209 434; x_wconf 86' lang='lat' dir='ltr'>erat</span> <span class='ocrx_word' id='word_1_23' title='bbox 230 386 426 435; x_wconf 88' lang='lat' dir='ltr'>Verbum</span> <span class='ocrx_word' id='word_1_24' title='bbox 443 390 454 412; x_wconf 88' lang='lat'><em>¹</em></span> <span class='ocrx_word' id='word_1_25' title='bbox 477 407 487 432; x_wconf 90' lang='lat'>:</span> <span class='ocrx_word' id='word_1_26' title='bbox 510 405 530 430; x_wconf 82' lang='lat'>&gt;›</span> <span class='ocrx_word' id='word_1_27' title='bbox 553 386 754 443; x_wconf 88' lang='lat' dir='ltr'>videbat,</span> <span class='ocrx_word' id='word_1_28' title='bbox 772 387 1024 448; x_wconf 84' lang='lat' dir='ltr'>praedicavit</span> <span class='ocrx_word' id='word_1_29' title='bbox 1045 387 1172 433; x_wconf 91' lang='lat' dir='ltr'>nobis</span> <span class='ocrx_word' id='word_1_30' title='bbox 1189 388 1452 433; x_wconf 88' lang='lat' dir='ltr'>uteredere-</span> 
     </span>
     <span class='ocr_line' id='line_1_4' title="bbox 9 458 1450 518; baseline 0 -15"><span class='ocrx_word' id='word_1_31' title='bbox 9 491 11 507; x_wconf 82' lang='grc'>.</span> <span class='ocrx_word' id='word_1_32' title='bbox 62 472 170 504; x_wconf 88' lang='lat' dir='ltr'>mus.</span> <span class='ocrx_word' id='word_1_33' title='bbox 183 460 239 502; x_wconf 91' lang='lat' dir='ltr'>Et</span> <span class='ocrx_word' id='word_1_34' title='bbox 260 472 336 517; x_wconf 92' lang='lat' dir='ltr'>per</span> <span class='ocrx_word' id='word_1_35' title='bbox 361 466 529 503; x_wconf 90' lang='lat' dir='ltr'>montes</span> <span class='ocrx_word' id='word_1_36' title='bbox 550 458 831 518; x_wconf 83' lang='lat' dir='ltr'>suscipientes</span> <span class='ocrx_word' id='word_1_37' title='bbox 844 468 1307 518; x_wconf 85' lang='lat' dir='ltr'>pacem,susceperunt</span> <span class='ocrx_word' id='word_1_38' title='bbox 1319 459 1450 503; x_wconf 84' lang='lat' dir='ltr'>colles</span> 
     </span>
     <span class='ocr_line' id='line_1_5' title="bbox 9 520 1451 591; baseline -0.001 -16"><span class='ocrx_word' id='word_1_39' title='bbox 9 520 12 591; x_wconf 69' lang='grc'>1</span> <span class='ocrx_word' id='word_1_40' title='bbox 56 528 267 589; x_wconf 72' lang='lat' dir='ltr'>Justitiam</span> <span class='ocrx_word' id='word_1_41' title='bbox 294 547 303 573; x_wconf 74' lang='grc' dir='ltr'>ι</span> <span class='ocrx_word' id='word_1_42' title='bbox 328 528 429 589; x_wconf 91' lang='lat' dir='ltr'>quia</span> <span class='ocrx_word' id='word_1_43' title='bbox 451 527 507 572; x_wconf 93' lang='lat' dir='ltr'>de</span> <span class='ocrx_word' id='word_1_44' title='bbox 523 528 624 588; x_wconf 89' lang='lat' dir='ltr'>ipsis</span> <span class='ocrx_word' id='word_1_45' title='bbox 648 529 871 574; x_wconf 86' lang='lat' dir='ltr'>montibus</span> <span class='ocrx_word' id='word_1_46' title='bbox 888 528 995 590; x_wconf 92' lang='lat' dir='ltr'>quid</span> <span class='ocrx_word' id='word_1_47' title='bbox 1012 529 1096 574; x_wconf 81' lang='lat' dir='ltr'>ait?</span> <span class='ocrx_word' id='word_1_48' title='bbox 1120 532 1219 575; x_wconf 92' lang='lat' dir='ltr'>Non</span> <span class='ocrx_word' id='word_1_49' title='bbox 1240 529 1348 574; x_wconf 85' lang='lat' dir='ltr'><strong>dixit</strong></span> <span class='ocrx_word' id='word_1_50' title='bbox 1364 564 1376 584; x_wconf 87' lang='lat'>,</span> <span class='ocrx_word' id='word_1_51' title='bbox 1413 532 1451 574; x_wconf 86' lang='grc' dir='ltr'><strong>Α</strong></span> 
     </span>
     <span class='ocr_line' id='line_1_6' title="bbox 10 594 1452 660; baseline -0.001 -16"><span class='ocrx_word' id='word_1_52' title='bbox 10 594 11 599; x_wconf 57' lang='grc'>’</span> <span class='ocrx_word' id='word_1_53' title='bbox 62 615 107 645; x_wconf 90' lang='lat' dir='ltr'>se</span> <span class='ocrx_word' id='word_1_54' title='bbox 127 599 291 647; x_wconf 83' lang='lat' dir='ltr'>habent</span> <span class='ocrx_word' id='word_1_55' title='bbox 333 614 483 659; x_wconf 83' lang='lat' dir='ltr'>pacem</span> <span class='ocrx_word' id='word_1_56' title='bbox 500 634 511 655; x_wconf 87' lang='lat'>‚</span> <span class='ocrx_word' id='word_1_57' title='bbox 550 599 620 644; x_wconf 87' lang='lat' dir='ltr'>vel</span> <span class='ocrx_word' id='word_1_58' title='bbox 641 600 878 645; x_wconf 86' lang='lat' dir='ltr'>instituunt</span> <span class='ocrx_word' id='word_1_59' title='bbox 917 616 1067 660; x_wconf 86' lang='lat' dir='ltr'>pacem</span> <span class='ocrx_word' id='word_1_60' title='bbox 1084 635 1095 655; x_wconf 92' lang='lat'><strong><em>‚</em></strong></span> <span class='ocrx_word' id='word_1_61' title='bbox 1130 599 1200 644; x_wconf 91' lang='lat' dir='ltr'>vel</span> <span class='ocrx_word' id='word_1_62' title='bbox 1242 608 1452 659; x_wconf 87' lang='lat' dir='ltr'>generant</span> 
     </span>
     <span class='ocr_line' id='line_1_7' title="bbox 63 670 1449 731; baseline -0.001 -15"><span class='ocrx_word' id='word_1_63' title='bbox 63 686 243 731; x_wconf 88' lang='lat' dir='ltr'>pacem,</span> <span class='ocrx_word' id='word_1_64' title='bbox 267 670 364 726; x_wconf 88' lang='lat' dir='ltr'>sed,</span> <span class='ocrx_word' id='word_1_65' title='bbox 389 670 630 730; x_wconf 86' lang='lat' dir='ltr'>suscipiunt</span> <span class='ocrx_word' id='word_1_66' title='bbox 655 687 822 731; x_wconf 87' lang='lat' dir='ltr'>pacem.</span> <span class='ocrx_word' id='word_1_67' title='bbox 858 671 983 716; x_wconf 91' lang='lat' dir='ltr'>Unde</span> <span class='ocrx_word' id='word_1_68' title='bbox 1009 671 1254 730; x_wconf 89' lang='lat' dir='ltr'>suscipiunt</span> <span class='ocrx_word' id='word_1_69' title='bbox 1274 686 1449 730; x_wconf 83' lang='lat' dir='ltr'>pacem,</span> 
     </span>
     <span class='ocr_line' id='line_1_8' title="bbox 64 740 1453 801; baseline -0.001 -15"><span class='ocrx_word' id='word_1_70' title='bbox 64 742 273 787; x_wconf 88' lang='lat' dir='ltr'>Dominus</span> <span class='ocrx_word' id='word_1_71' title='bbox 310 750 388 787; x_wconf 88' lang='lat' dir='ltr'>est.</span> <span class='ocrx_word' id='word_1_72' title='bbox 429 741 497 787; x_wconf 84' lang='lat' dir='ltr'>Sic</span> <span class='ocrx_word' id='word_1_73' title='bbox 518 757 621 801; x_wconf 85' lang='lat' dir='ltr'>ergo</span> <span class='ocrx_word' id='word_1_74' title='bbox 641 742 738 787; x_wconf 86' lang='lat' dir='ltr'>leva</span> <span class='ocrx_word' id='word_1_75' title='bbox 760 740 910 787; x_wconf 90' lang='lat' dir='ltr'>oculos</span> <span class='ocrx_word' id='word_1_76' title='bbox 932 750 1028 786; x_wconf 89' lang='lat' dir='ltr'>tuos</span> <span class='ocrx_word' id='word_1_77' title='bbox 1049 740 1106 786; x_wconf 86' lang='lat' dir='ltr'>ad</span> <span class='ocrx_word' id='word_1_78' title='bbox 1126 750 1295 786; x_wconf 89' lang='lat' dir='ltr'>montes</span> <span class='ocrx_word' id='word_1_79' title='bbox 1316 756 1453 801; x_wconf 89' lang='lat' dir='ltr'>prop-</span> 
     </span>
     <span class='ocr_line' id='line_1_9' title="bbox 63 811 1455 873; baseline 0 -16"><span class='ocrx_word' id='word_1_80' title='bbox 63 822 129 858; x_wconf 90' lang='lat' dir='ltr'>ter</span> <span class='ocrx_word' id='word_1_81' title='bbox 165 828 333 873; x_wconf 87' lang='lat' dir='ltr'>pacem,</span> <span class='ocrx_word' id='word_1_82' title='bbox 365 821 416 857; x_wconf 84' lang='lat' dir='ltr'>ut</span> <span class='ocrx_word' id='word_1_83' title='bbox 446 813 656 858; x_wconf 83' lang='lat' dir='ltr'>auxilium</span> <span class='ocrx_word' id='word_1_84' title='bbox 688 823 816 858; x_wconf 88' lang='lat' dir='ltr'>tuum</span> <span class='ocrx_word' id='word_1_85' title='bbox 841 814 895 858; x_wconf 91' lang='lat' dir='ltr'>sit</span> <span class='ocrx_word' id='word_1_86' title='bbox 931 829 955 858; x_wconf 90' lang='lat' dir='ltr'>a</span> <span class='ocrx_word' id='word_1_87' title='bbox 992 813 1182 858; x_wconf 88' lang='lat' dir='ltr'>Domino</span> <span class='ocrx_word' id='word_1_88' title='bbox 1223 812 1301 873; x_wconf 90' lang='lat' dir='ltr'>qui</span> <span class='ocrx_word' id='word_1_89' title='bbox 1351 811 1455 857; x_wconf 84' lang='lat' dir='ltr'>fecit</span> 
     </span>
     <span class='ocr_line' id='line_1_10' title="bbox 62 883 1454 936; baseline 0 -7"><span class='ocrx_word' id='word_1_90' title='bbox 62 883 224 929; x_wconf 85' lang='lat' dir='ltr'>coelum</span> <span class='ocrx_word' id='word_1_91' title='bbox 265 892 309 928; x_wconf 90' lang='lat' dir='ltr'>et</span> <span class='ocrx_word' id='word_1_92' title='bbox 344 893 518 929; x_wconf 89' lang='lat' dir='ltr'>terram.</span> <span class='ocrx_word' id='word_1_93' title='bbox 554 888 718 934; x_wconf 82' lang='lat' dir='ltr'>Rursus</span> <span class='ocrx_word' id='word_1_94' title='bbox 759 885 855 931; x_wconf 93' lang='lat' dir='ltr'>illos</span> <span class='ocrx_word' id='word_1_95' title='bbox 898 895 1068 930; x_wconf 87' lang='lat' dir='ltr'>montes</span> <span class='ocrx_word' id='word_1_96' title='bbox 1107 900 1454 936; x_wconf 86' lang='lat' dir='ltr'>commemorans</span> 
     </span>
     <span class='ocr_line' id='line_1_11' title="bbox 10 955 1455 1021; baseline 0 -21"><span class='ocrx_word' id='word_1_97' title='bbox 10 958 14 1021; x_wconf 67' lang='grc'>1</span> <span class='ocrx_word' id='word_1_98' title='bbox 66 955 249 1014; x_wconf 83' lang='lat' dir='ltr'>Spiritus</span> <span class='ocrx_word' id='word_1_99' title='bbox 271 963 445 999; x_wconf 88' lang='lat' dir='ltr'>sanctus</span> <span class='ocrx_word' id='word_1_100' title='bbox 462 955 546 999; x_wconf 89' lang='lat' dir='ltr'>hoc</span> <span class='ocrx_word' id='word_1_101' title='bbox 569 956 630 1000; x_wconf 91' lang='lat' dir='ltr'>ait</span> <span class='ocrx_word' id='word_1_102' title='bbox 650 975 659 1000; x_wconf 90' lang='lat'>:</span> <span class='ocrx_word' id='word_1_103' title='bbox 695 975 712 998; x_wconf 78' lang='grc'><em>«</em></span> <span class='ocrx_word' id='word_1_104' title='bbox 737 955 993 1000; x_wconf 82' lang='lat' dir='ltr'>Illuminans</span> <span class='ocrx_word' id='word_1_105' title='bbox 1015 967 1066 1000; x_wconf 85' lang='lat' dir='ltr'>tu</span> <span class='ocrx_word' id='word_1_106' title='bbox 1093 955 1405 1012; x_wconf 83' lang='lat' dir='ltr'>admirabiliter</span> <span class='ocrx_word' id='word_1_107' title='bbox 1430 972 1455 1001; x_wconf 93' lang='lat' dir='ltr'>a</span> 
     </span>
     <span class='ocr_line' id='line_1_12' title="bbox 11 1024 1452 1083; baseline 0.001 -16"><span class='ocrx_word' id='word_1_108' title='bbox 11 1025 14 1061; x_wconf 77' lang='grc' dir='ltr'>ἶ</span> <span class='ocrx_word' id='word_1_109' title='bbox 67 1025 321 1070; x_wconf 83' lang='lat' dir='ltr'>»montibus</span> <span class='ocrx_word' id='word_1_110' title='bbox 340 1025 513 1070; x_wconf 89' lang='lat' dir='ltr'>aeternis</span> <span class='ocrx_word' id='word_1_111' title='bbox 525 1028 586 1069; x_wconf 77' lang='lat'>².»</span> <span class='ocrx_word' id='word_1_112' title='bbox 604 1028 700 1071; x_wconf 92' lang='lat' dir='ltr'>Non</span> <span class='ocrx_word' id='word_1_113' title='bbox 718 1025 847 1081; x_wconf 84' lang='lat' dir='ltr'>dixit,</span> <span class='ocrx_word' id='word_1_114' title='bbox 870 1025 1127 1070; x_wconf 80' lang='lat' dir='ltr'>Illuminant</span> <span class='ocrx_word' id='word_1_115' title='bbox 1143 1034 1312 1070; x_wconf 85' lang='lat' dir='ltr'>montes</span> <span class='ocrx_word' id='word_1_116' title='bbox 1329 1047 1340 1083; x_wconf 77' lang='lat'><em>3</em></span> <span class='ocrx_word' id='word_1_117' title='bbox 1361 1024 1452 1080; x_wconf 91' lang='lat' dir='ltr'>sed,</span> 
     </span>
     <span class='ocr_line' id='line_1_13' title="bbox 11 1067 1456 1144; baseline 0.003 -8"><span class='ocrx_word' id='word_1_118' title='bbox 11 1067 15 1144; x_wconf 80' lang='grc'>1</span> <span class='ocrx_word' id='word_1_119' title='bbox 68 1113 86 1136; x_wconf 82' lang='lat'><strong>«</strong></span> <span class='ocrx_word' id='word_1_120' title='bbox 118 1094 372 1141; x_wconf 88' lang='lat' dir='ltr'>Illuminans</span> <span class='ocrx_word' id='word_1_121' title='bbox 411 1104 458 1139; x_wconf 91' lang='lat' dir='ltr'>tu</span> <span class='ocrx_word' id='word_1_122' title='bbox 492 1111 515 1140; x_wconf 86' lang='lat' dir='ltr'>a</span> <span class='ocrx_word' id='word_1_123' title='bbox 547 1095 770 1140; x_wconf 85' lang='lat' dir='ltr'>montibus</span> <span class='ocrx_word' id='word_1_124' title='bbox 803 1096 975 1140; x_wconf 84' lang='lat' dir='ltr'>aeternis</span> <span class='ocrx_word' id='word_1_125' title='bbox 1002 1092 1130 1140; x_wconf 78' lang='lat' dir='ltr'>»&#39;Per</span> <span class='ocrx_word' id='word_1_126' title='bbox 1162 1105 1332 1140; x_wconf 89' lang='lat' dir='ltr'>montes</span> <span class='ocrx_word' id='word_1_127' title='bbox 1354 1097 1456 1140; x_wconf 88' lang='lat' dir='ltr'>istos</span> 
     </span>
     <span class='ocr_line' id='line_1_14' title="bbox 12 1156 1457 1226; baseline 0.001 -17"><span class='ocrx_word' id='word_1_128' title='bbox 12 1156 15 1223; x_wconf 74' lang='grc'>1</span> <span class='ocrx_word' id='word_1_129' title='bbox 64 1181 173 1225; x_wconf 88' lang='lat' dir='ltr'>quos</span> <span class='ocrx_word' id='word_1_130' title='bbox 193 1174 376 1210; x_wconf 83' lang='lat' dir='ltr'>aeternos</span> <span class='ocrx_word' id='word_1_131' title='bbox 398 1180 488 1210; x_wconf 90' lang='lat' dir='ltr'>esse</span> <span class='ocrx_word' id='word_1_132' title='bbox 509 1164 707 1221; x_wconf 89' lang='lat' dir='ltr'>voluisti,</span> <span class='ocrx_word' id='word_1_133' title='bbox 735 1165 975 1226; x_wconf 77' lang='lat' dir='ltr'>praedicans</span> <span class='ocrx_word' id='word_1_134' title='bbox 995 1164 1283 1223; x_wconf 81' lang='lat' dir='ltr'>Evangeliuin</span> <span class='ocrx_word' id='word_1_135' title='bbox 1298 1200 1309 1221; x_wconf 95' lang='lat'>,</span> <span class='ocrx_word' id='word_1_136' title='bbox 1339 1185 1359 1208; x_wconf 85' lang='lat'>«</span> <span class='ocrx_word' id='word_1_137' title='bbox 1390 1169 1457 1210; x_wconf 83' lang='lat' dir='ltr'>Tu.</span> 
     </span>
     <span class='ocr_line' id='line_1_15' title="bbox 68 1234 1456 1295; baseline 0.001 -16"><span class='ocrx_word' id='word_1_138' title='bbox 68 1253 88 1276; x_wconf 90' lang='lat'>»</span> <span class='ocrx_word' id='word_1_139' title='bbox 114 1234 362 1280; x_wconf 89' lang='lat' dir='ltr'>illuminans</span> <span class='ocrx_word' id='word_1_140' title='bbox 381 1270 392 1290; x_wconf 96' lang='lat'>,</span> <span class='ocrx_word' id='word_1_141' title='bbox 416 1251 542 1280; x_wconf 90' lang='lat' dir='ltr'>»non</span> <span class='ocrx_word' id='word_1_142' title='bbox 559 1239 744 1282; x_wconf 73' lang='lat' dir='ltr'>montes.</span> <span class='ocrx_word' id='word_1_143' title='bbox 778 1236 900 1282; x_wconf 86' lang='lat' dir='ltr'>Tales</span> <span class='ocrx_word' id='word_1_144' title='bbox 936 1251 1038 1295; x_wconf 82' lang='lat' dir='ltr'>ergo</span> <span class='ocrx_word' id='word_1_145' title='bbox 1066 1256 1082 1277; x_wconf 96' lang='lat'>«</span> <span class='ocrx_word' id='word_1_146' title='bbox 1106 1240 1276 1282; x_wconf 84' lang='lat' dir='ltr'>Montes</span> <span class='ocrx_word' id='word_1_147' title='bbox 1301 1236 1346 1281; x_wconf 90' lang='lat' dir='ltr'>in</span> <span class='ocrx_word' id='word_1_148' title='bbox 1369 1235 1456 1282; x_wconf 86' lang='lat' dir='ltr'>cir-</span> 
     </span>
     <span class='ocr_line' id='line_1_16' title="bbox 68 1305 568 1351; baseline 0.004 -4"><span class='ocrx_word' id='word_1_149' title='bbox 68 1324 88 1348; x_wconf 88' lang='lat'>»</span> <span class='ocrx_word' id='word_1_150' title='bbox 123 1306 243 1351; x_wconf 90' lang='lat' dir='ltr'>cuitu</span> <span class='ocrx_word' id='word_1_151' title='bbox 266 1305 520 1351; x_wconf 82' lang='lat' dir='ltr'>Jerusalem.</span> <span class='ocrx_word' id='word_1_152' title='bbox 551 1326 568 1349; x_wconf 85' lang='lat'>›&gt;</span> 
     </span>
     <span class='ocr_line' id='line_1_17' title="bbox 14 1375 1454 1438; baseline 0.001 -18"><span class='ocrx_word' id='word_1_153' title='bbox 14 1430 17 1438; x_wconf 26' lang='grc' dir='ltr'><strong><em>Δ</em></strong></span> <span class='ocrx_word' id='word_1_154' title='bbox 125 1379 178 1420; x_wconf 89' lang='lat' dir='ltr'>V.</span> <span class='ocrx_word' id='word_1_155' title='bbox 213 1379 269 1421; x_wconf 89' lang='lat' dir='ltr'>Et</span> <span class='ocrx_word' id='word_1_156' title='bbox 290 1385 341 1421; x_wconf 92' lang='lat' dir='ltr'>ut</span> <span class='ocrx_word' id='word_1_157' title='bbox 361 1375 566 1421; x_wconf 86' lang='lat' dir='ltr'>noveritis</span> <span class='ocrx_word' id='word_1_158' title='bbox 588 1376 738 1437; x_wconf 89' lang='lat' dir='ltr'>quales</span> <span class='ocrx_word' id='word_1_159' title='bbox 755 1377 840 1422; x_wconf 91' lang='lat' dir='ltr'>sint</span> <span class='ocrx_word' id='word_1_160' title='bbox 861 1387 1031 1422; x_wconf 90' lang='lat' dir='ltr'>montes</span> <span class='ocrx_word' id='word_1_161' title='bbox 1059 1377 1105 1422; x_wconf 90' lang='lat' dir='ltr'>in</span> <span class='ocrx_word' id='word_1_162' title='bbox 1127 1377 1313 1422; x_wconf 85' lang='lat' dir='ltr'>circuitu</span> <span class='ocrx_word' id='word_1_163' title='bbox 1334 1378 1425 1437; x_wconf 90' lang='lat' dir='ltr'>ejus</span> <span class='ocrx_word' id='word_1_164' title='bbox 1443 1413 1454 1434; x_wconf 93' lang='lat'>,</span> 
     </span>
     <span class='ocr_line' id='line_1_18' title="bbox 14 1446 1459 1507; baseline 0.004 -19"><span class='ocrx_word' id='word_1_165' title='bbox 14 1450 17 1488; x_wconf 69' lang='grc' dir='ltr'><strong>ἱ</strong></span> <span class='ocrx_word' id='word_1_166' title='bbox 68 1446 145 1490; x_wconf 87' lang='lat' dir='ltr'>ubi</span> <span class='ocrx_word' id='word_1_167' title='bbox 176 1447 533 1493; x_wconf 86' lang='lat' dir='ltr'>commemoravit</span> <span class='ocrx_word' id='word_1_168' title='bbox 563 1455 732 1492; x_wconf 90' lang='lat' dir='ltr'>montes</span> <span class='ocrx_word' id='word_1_169' title='bbox 769 1450 906 1493; x_wconf 88' lang='lat' dir='ltr'>bonos</span> <span class='ocrx_word' id='word_1_170' title='bbox 928 1448 1173 1507; x_wconf 83' lang='lat' dir='ltr'>Scriptura,</span> <span class='ocrx_word' id='word_1_171' title='bbox 1197 1447 1325 1494; x_wconf 87' lang='lat' dir='ltr'>valde</span> <span class='ocrx_word' id='word_1_172' title='bbox 1362 1464 1459 1494; x_wconf 87' lang='lat' dir='ltr'>raro</span> 
     </span>
     <span class='ocr_line' id='line_1_19' title="bbox 14 1515 1461 1578; baseline 0.001 -14"><span class='ocrx_word' id='word_1_173' title='bbox 14 1548 17 1564; x_wconf 71' lang='grc' dir='ltr'>ι</span> <span class='ocrx_word' id='word_1_174' title='bbox 67 1525 111 1561; x_wconf 87' lang='lat' dir='ltr'>et</span> <span class='ocrx_word' id='word_1_175' title='bbox 132 1515 308 1562; x_wconf 80' lang='lat' dir='ltr'>difficile</span> <span class='ocrx_word' id='word_1_176' title='bbox 323 1552 335 1572; x_wconf 88' lang='lat'>,</span> <span class='ocrx_word' id='word_1_177' title='bbox 362 1526 438 1561; x_wconf 88' lang='lat' dir='ltr'>aut</span> <span class='ocrx_word' id='word_1_178' title='bbox 460 1516 573 1562; x_wconf 86' lang='lat' dir='ltr'>forte</span> <span class='ocrx_word' id='word_1_179' title='bbox 595 1533 824 1578; x_wconf 86' lang='lat' dir='ltr'>nunquam</span> <span class='ocrx_word' id='word_1_180' title='bbox 845 1534 934 1563; x_wconf 92' lang='lat' dir='ltr'>non</span> <span class='ocrx_word' id='word_1_181' title='bbox 957 1527 1001 1562; x_wconf 85' lang='lat' dir='ltr'>et</span> <span class='ocrx_word' id='word_1_182' title='bbox 1020 1518 1165 1563; x_wconf 88' lang='lat' dir='ltr'>statim</span> <span class='ocrx_word' id='word_1_183' title='bbox 1179 1519 1241 1563; x_wconf 88' lang='lat' dir='ltr'>ibi</span> <span class='ocrx_word' id='word_1_184' title='bbox 1263 1519 1461 1565; x_wconf 89' lang='lat' dir='ltr'>nominat</span> 
     </span>
     <span class='ocr_line' id='line_1_20' title="bbox 15 1586 1461 1651; baseline 0.003 -21"><span class='ocrx_word' id='word_1_185' title='bbox 15 1594 18 1651; x_wconf 59' lang='grc' dir='ltr'>ι</span> <span class='ocrx_word' id='word_1_186' title='bbox 68 1586 302 1631; x_wconf 89' lang='lat' dir='ltr'>Dominum</span> <span class='ocrx_word' id='word_1_187' title='bbox 315 1622 330 1643; x_wconf 93' lang='lat'>,</span> <span class='ocrx_word' id='word_1_188' title='bbox 357 1596 432 1631; x_wconf 87' lang='lat' dir='ltr'>aut</span> <span class='ocrx_word' id='word_1_189' title='bbox 447 1586 576 1631; x_wconf 90' lang='lat' dir='ltr'>simul</span> <span class='ocrx_word' id='word_1_190' title='bbox 593 1588 808 1647; x_wconf 84' lang='lat' dir='ltr'>significat</span> <span class='ocrx_word' id='word_1_191' title='bbox 821 1623 833 1644; x_wconf 95' lang='lat'>,</span> <span class='ocrx_word' id='word_1_192' title='bbox 854 1604 908 1633; x_wconf 92' lang='lat' dir='ltr'>ne</span> <span class='ocrx_word' id='word_1_193' title='bbox 930 1604 1024 1649; x_wconf 89' lang='lat' dir='ltr'>spes</span> <span class='ocrx_word' id='word_1_194' title='bbox 1037 1598 1258 1634; x_wconf 84' lang='lat' dir='ltr'>remaneat</span> <span class='ocrx_word' id='word_1_195' title='bbox 1274 1590 1320 1633; x_wconf 90' lang='lat' dir='ltr'>in</span> <span class='ocrx_word' id='word_1_196' title='bbox 1333 1606 1461 1635; x_wconf 89' lang='lat' dir='ltr'>mon-</span> 
     </span>
     <span class='ocr_line' id='line_1_21' title="bbox 15 1657 1461 1718; baseline 0.002 -17"><span class='ocrx_word' id='word_1_197' title='bbox 15 1657 18 1716; x_wconf 74' lang='grc' dir='ltr'><strong>Ῑ</strong></span> <span class='ocrx_word' id='word_1_198' title='bbox 70 1657 200 1702; x_wconf 87' lang='lat' dir='ltr'>tibus.</span> <span class='ocrx_word' id='word_1_199' title='bbox 231 1660 345 1702; x_wconf 91' lang='lat' dir='ltr'>Ecce</span> <span class='ocrx_word' id='word_1_200' title='bbox 365 1658 510 1703; x_wconf 87' lang='lat' dir='ltr'>videte</span> <span class='ocrx_word' id='word_1_201' title='bbox 532 1673 665 1718; x_wconf 86' lang='lat' dir='ltr'>quam</span> <span class='ocrx_word' id='word_1_202' title='bbox 686 1658 824 1702; x_wconf 79' lang='lat' dir='ltr'>multa</span> <span class='ocrx_word' id='word_1_203' title='bbox 853 1660 1204 1704; x_wconf 84' lang='lat' dir='ltr'>commemoravi.</span> <span class='ocrx_word' id='word_1_204' title='bbox 1246 1679 1263 1700; x_wconf 76' lang='grc' dir='ltr'>ι(</span> <span class='ocrx_word' id='word_1_205' title='bbox 1301 1661 1461 1706; x_wconf 85' lang='lat' dir='ltr'>Levavi</span> 
     </span>
     <span class='ocr_line' id='line_1_22' title="bbox 76 1728 1456 1785; baseline 0.001 -13.918"><span class='ocrx_word' id='word_1_206' title='bbox 76 1748 92 1770; x_wconf 85' lang='lat'>»</span> <span class='ocrx_word' id='word_1_207' title='bbox 119 1728 266 1773; x_wconf 69' lang='lat' dir='ltr'>ocuios</span> <span class='ocrx_word' id='word_1_208' title='bbox 289 1743 405 1773; x_wconf 89' lang='lat' dir='ltr'>meos</span> <span class='ocrx_word' id='word_1_209' title='bbox 428 1729 474 1774; x_wconf 92' lang='lat' dir='ltr'>in</span> <span class='ocrx_word' id='word_1_210' title='bbox 501 1739 669 1774; x_wconf 90' lang='lat' dir='ltr'>montes</span> <span class='ocrx_word' id='word_1_211' title='bbox 685 1764 697 1785; x_wconf 93' lang='lat'>,</span> <span class='ocrx_word' id='word_1_212' title='bbox 723 1728 841 1774; x_wconf 89' lang='lat' dir='ltr'>unde</span> <span class='ocrx_word' id='word_1_213' title='bbox 871 1731 1017 1774; x_wconf 91' lang='lat' dir='ltr'>veniet</span> <span class='ocrx_word' id='word_1_214' title='bbox 1037 1729 1247 1775; x_wconf 85' lang='lat' dir='ltr'>auxilium</span> <span class='ocrx_word' id='word_1_215' title='bbox 1275 1732 1381 1775; x_wconf 92' lang='lat' dir='ltr'>mihi</span> <span class='ocrx_word' id='word_1_216' title='bbox 1404 1751 1414 1777; x_wconf 80' lang='lat'>2</span> <span class='ocrx_word' id='word_1_217' title='bbox 1440 1752 1456 1774; x_wconf 87' lang='lat'>&gt;›</span> 
     </span>
     <span class='ocr_line' id='line_1_23' title="bbox 17 1799 1458 1862; baseline 0.003 -19"><span class='ocrx_word' id='word_1_218' title='bbox 17 1802 19 1857; x_wconf 67' lang='grc' dir='ltr'>ξ</span> <span class='ocrx_word' id='word_1_219' title='bbox 71 1808 114 1844; x_wconf 88' lang='lat' dir='ltr'>et</span> <span class='ocrx_word' id='word_1_220' title='bbox 134 1814 188 1843; x_wconf 90' lang='lat' dir='ltr'>ne</span> <span class='ocrx_word' id='word_1_221' title='bbox 210 1799 271 1844; x_wconf 91' lang='lat' dir='ltr'>ibi</span> <span class='ocrx_word' id='word_1_222' title='bbox 289 1815 526 1855; x_wconf 83' lang='lat' dir='ltr'>remaneas,</span> <span class='ocrx_word' id='word_1_223' title='bbox 551 1819 568 1841; x_wconf 93' lang='lat'>«</span> <span class='ocrx_word' id='word_1_224' title='bbox 595 1800 817 1846; x_wconf 83' lang='lat' dir='ltr'>Auxilium</span> <span class='ocrx_word' id='word_1_225' title='bbox 835 1816 1005 1857; x_wconf 85' lang='lat' dir='ltr'>meum,</span> <span class='ocrx_word' id='word_1_226' title='bbox 1029 1802 1194 1862; x_wconf 87' lang='lat' dir='ltr'>inquit,</span> <span class='ocrx_word' id='word_1_227' title='bbox 1217 1818 1240 1847; x_wconf 90' lang='lat' dir='ltr'>a</span> <span class='ocrx_word' id='word_1_228' title='bbox 1254 1803 1458 1858; x_wconf 90' lang='lat' dir='ltr'>Domino,</span> 
     </span>
     <span class='ocr_line' id='line_1_24' title="bbox 18 1867 1465 1932; baseline 0.005 -21"><span class='ocrx_word' id='word_1_229' title='bbox 18 1886 19 1902; x_wconf 66' lang='lat'>1</span> <span class='ocrx_word' id='word_1_230' title='bbox 77 1889 94 1911; x_wconf 70' lang='grc' dir='ltr'>ι)</span> <span class='ocrx_word' id='word_1_231' title='bbox 120 1869 196 1930; x_wconf 90' lang='lat' dir='ltr'>qui</span> <span class='ocrx_word' id='word_1_232' title='bbox 214 1867 315 1914; x_wconf 88' lang='lat' dir='ltr'>fecit</span> <span class='ocrx_word' id='word_1_233' title='bbox 330 1869 492 1914; x_wconf 89' lang='lat' dir='ltr'>coelum</span> <span class='ocrx_word' id='word_1_234' title='bbox 510 1879 552 1915; x_wconf 88' lang='lat' dir='ltr'>ct</span> <span class='ocrx_word' id='word_1_235' title='bbox 570 1879 743 1914; x_wconf 81' lang='lat' dir='ltr'>terram.</span> <span class='ocrx_word' id='word_1_236' title='bbox 774 1890 791 1912; x_wconf 91' lang='lat'>»</span> <span class='ocrx_word' id='word_1_237' title='bbox 818 1874 1000 1927; x_wconf 81' lang='lat' dir='ltr'>Rursus,</span> <span class='ocrx_word' id='word_1_238' title='bbox 1022 1891 1039 1912; x_wconf 92' lang='lat'>«</span> <span class='ocrx_word' id='word_1_239' title='bbox 1069 1872 1314 1932; x_wconf 82' lang='lat' dir='ltr'>Suscipiant</span> <span class='ocrx_word' id='word_1_240' title='bbox 1334 1889 1465 1918; x_wconf 90' lang='lat' dir='ltr'>mon-</span> 
     </span>
     <span class='ocr_line' id='line_1_25' title="bbox 18 1940 1459 2002; baseline 0.003 -20"><span class='ocrx_word' id='word_1_241' title='bbox 18 1966 19 1991; x_wconf 57' lang='lat'>2</span> <span class='ocrx_word' id='word_1_242' title='bbox 77 1959 96 1982; x_wconf 85' lang='lat'><strong>»</strong></span> <span class='ocrx_word' id='word_1_243' title='bbox 120 1949 182 1984; x_wconf 90' lang='lat' dir='ltr'>tes</span> <span class='ocrx_word' id='word_1_244' title='bbox 205 1955 355 2000; x_wconf 90' lang='lat' dir='ltr'>pacem</span> <span class='ocrx_word' id='word_1_245' title='bbox 388 1940 554 2000; x_wconf 91' lang='lat' dir='ltr'>populo</span> <span class='ocrx_word' id='word_1_246' title='bbox 588 1950 663 1985; x_wconf 85' lang='lat' dir='ltr'>tuo</span> <span class='ocrx_word' id='word_1_247' title='bbox 692 1960 700 1986; x_wconf 92' lang='lat'>:</span> <span class='ocrx_word' id='word_1_248' title='bbox 731 1961 748 1983; x_wconf 92' lang='lat'>»</span> <span class='ocrx_word' id='word_1_249' title='bbox 775 1957 876 1985; x_wconf 88' lang='lat' dir='ltr'>cum</span> <span class='ocrx_word' id='word_1_250' title='bbox 899 1941 1031 1997; x_wconf 83' lang='lat' dir='ltr'>dixit,</span> <span class='ocrx_word' id='word_1_251' title='bbox 1076 1961 1092 1983; x_wconf 86' lang='lat'>«</span> <span class='ocrx_word' id='word_1_252' title='bbox 1122 1943 1398 2002; x_wconf 74' lang='lat' dir='ltr'>Suscipiunt,</span> <span class='ocrx_word' id='word_1_253' title='bbox 1441 1964 1459 1987; x_wconf 73' lang='lat'>».</span> 
     </span>
     <span class='ocr_line' id='line_1_26' title="bbox 18 2009 1460 2074; baseline 0.003 -20"><span class='ocrx_word' id='word_1_254' title='bbox 18 2013 20 2056; x_wconf 72' lang='grc' dir='ltr'><strong><em>ξ</em></strong></span> <span class='ocrx_word' id='word_1_255' title='bbox 73 2009 261 2055; x_wconf 86' lang='lat' dir='ltr'>ostendit</span> <span class='ocrx_word' id='word_1_256' title='bbox 294 2011 427 2055; x_wconf 87' lang='lat' dir='ltr'>alium</span> <span class='ocrx_word' id='word_1_257' title='bbox 462 2027 551 2055; x_wconf 88' lang='lat' dir='ltr'>esse</span> <span class='ocrx_word' id='word_1_258' title='bbox 582 2012 750 2056; x_wconf 82' lang='lat' dir='ltr'>fontem</span> <span class='ocrx_word' id='word_1_259' title='bbox 775 2013 918 2071; x_wconf 86' lang='lat' dir='ltr'>pacis,</span> <span class='ocrx_word' id='word_1_260' title='bbox 957 2012 1076 2057; x_wconf 91' lang='lat' dir='ltr'>unde</span> <span class='ocrx_word' id='word_1_261' title='bbox 1109 2013 1172 2057; x_wconf 89' lang='lat' dir='ltr'>illi</span> <span class='ocrx_word' id='word_1_262' title='bbox 1203 2014 1460 2074; x_wconf 88' lang='lat' dir='ltr'>suscipiunt.</span> 
     </span>
     <span class='ocr_line' id='line_1_27' title="bbox 18 2079 1462 2139; baseline 0.003 -15"><span class='ocrx_word' id='word_1_263' title='bbox 18 2079 20 2082; x_wconf 67' lang='grc'>’</span> <span class='ocrx_word' id='word_1_264' title='bbox 75 2083 263 2136; x_wconf 86' lang='lat' dir='ltr'>Rursus,</span> <span class='ocrx_word' id='word_1_265' title='bbox 308 2100 325 2120; x_wconf 86' lang='lat'>«</span> <span class='ocrx_word' id='word_1_266' title='bbox 349 2084 387 2126; x_wconf 85' lang='grc' dir='ltr'><strong>Α</strong></span> <span class='ocrx_word' id='word_1_267' title='bbox 409 2081 634 2127; x_wconf 79' lang='lat' dir='ltr'>montibus</span> <span class='ocrx_word' id='word_1_268' title='bbox 655 2080 922 2126; x_wconf 81' lang='lat' dir='ltr'>illuminans.</span> <span class='ocrx_word' id='word_1_269' title='bbox 953 2102 970 2124; x_wconf 91' lang='lat'>»</span> <span class='ocrx_word' id='word_1_270' title='bbox 1009 2082 1114 2138; x_wconf 91' lang='lat' dir='ltr'>Sed,</span> <span class='ocrx_word' id='word_1_271' title='bbox 1155 2102 1175 2125; x_wconf 92' lang='lat'>«</span> <span class='ocrx_word' id='word_1_272' title='bbox 1202 2086 1290 2139; x_wconf 91' lang='lat' dir='ltr'>Tu,</span> <span class='ocrx_word' id='word_1_273' title='bbox 1321 2083 1427 2129; x_wconf 83' lang='lat' dir='ltr'>dixit</span> <span class='ocrx_word' id='word_1_274' title='bbox 1451 2104 1462 2130; x_wconf 73' lang='grc' dir='ltr'>ε</span> 
     </span>
     <span class='ocr_line' id='line_1_28' title="bbox 19 2149 1466 2204; baseline 0.005 -12"><span class='ocrx_word' id='word_1_275' title='bbox 19 2151 21 2204; x_wconf 65' lang='lat'>3</span> <span class='ocrx_word' id='word_1_276' title='bbox 77 2167 98 2192; x_wconf 67' lang='grc' dir='ltr'><strong>η</strong></span> <span class='ocrx_word' id='word_1_277' title='bbox 125 2149 381 2197; x_wconf 90' lang='lat' dir='ltr'>Illuminans</span> <span class='ocrx_word' id='word_1_278' title='bbox 401 2161 451 2196; x_wconf 85' lang='lat' dir='ltr'>tu</span> <span class='ocrx_word' id='word_1_279' title='bbox 471 2151 782 2196; x_wconf 86' lang='lat' dir='ltr'>admirabiliter</span> <span class='ocrx_word' id='word_1_280' title='bbox 801 2169 823 2196; x_wconf 90' lang='lat' dir='ltr'>a</span> <span class='ocrx_word' id='word_1_281' title='bbox 844 2153 1069 2198; x_wconf 84' lang='lat' dir='ltr'>montibus</span> <span class='ocrx_word' id='word_1_282' title='bbox 1091 2154 1278 2198; x_wconf 87' lang='lat' dir='ltr'>aeternis.</span> <span class='ocrx_word' id='word_1_283' title='bbox 1306 2172 1326 2196; x_wconf 88' lang='lat'>»</span> <span class='ocrx_word' id='word_1_284' title='bbox 1353 2158 1466 2199; x_wconf 90' lang='lat' dir='ltr'>Item</span> 
     </span>
     <span class='ocr_line' id='line_1_29' title="bbox 75 2220 1465 2285; baseline 0.004 -19"><span class='ocrx_word' id='word_1_285' title='bbox 75 2220 272 2270; x_wconf 91' lang='lat' dir='ltr'>hocloco</span> <span class='ocrx_word' id='word_1_286' title='bbox 293 2237 393 2266; x_wconf 91' lang='lat' dir='ltr'>cum</span> <span class='ocrx_word' id='word_1_287' title='bbox 411 2221 610 2278; x_wconf 86' lang='lat' dir='ltr'>dixisset,</span> <span class='ocrx_word' id='word_1_288' title='bbox 639 2226 848 2268; x_wconf 83' lang='lat' dir='ltr'>«Montes</span> <span class='ocrx_word' id='word_1_289' title='bbox 871 2224 916 2267; x_wconf 89' lang='lat' dir='ltr'>in</span> <span class='ocrx_word' id='word_1_290' title='bbox 936 2224 1121 2269; x_wconf 88' lang='lat' dir='ltr'>circuitu</span> <span class='ocrx_word' id='word_1_291' title='bbox 1142 2226 1232 2285; x_wconf 83' lang='lat' dir='ltr'>ejus</span> <span class='ocrx_word' id='word_1_292' title='bbox 1254 2244 1263 2270; x_wconf 93' lang='lat'><strong>:</strong></span> <span class='ocrx_word' id='word_1_293' title='bbox 1295 2246 1312 2267; x_wconf 89' lang='lat'>»</span> <span class='ocrx_word' id='word_1_294' title='bbox 1338 2242 1394 2271; x_wconf 90' lang='lat' dir='ltr'>ne</span> <span class='ocrx_word' id='word_1_295' title='bbox 1415 2235 1465 2270; x_wconf 82' lang='lat' dir='ltr'>tu</span> 
     </span>
     <span class='ocr_line' id='line_1_30' title="bbox 20 2292 1467 2355; baseline 0.003 -18"><span class='ocrx_word' id='word_1_296' title='bbox 20 2293 21 2300; x_wconf 74' lang='grc'>’</span> <span class='ocrx_word' id='word_1_297' title='bbox 78 2306 248 2337; x_wconf 81' lang='lat' dir='ltr'>rursum</span> <span class='ocrx_word' id='word_1_298' title='bbox 280 2307 521 2337; x_wconf 87' lang='lat' dir='ltr'>remaneres</span> <span class='ocrx_word' id='word_1_299' title='bbox 554 2292 600 2337; x_wconf 91' lang='lat' dir='ltr'>in</span> <span class='ocrx_word' id='word_1_300' title='bbox 621 2293 868 2349; x_wconf 89' lang='lat' dir='ltr'>montibus,</span> <span class='ocrx_word' id='word_1_301' title='bbox 902 2295 1046 2338; x_wconf 87' lang='lat' dir='ltr'>statim</span> <span class='ocrx_word' id='word_1_302' title='bbox 1078 2295 1323 2355; x_wconf 85' lang='lat' dir='ltr'>subjunxit,</span> <span class='ocrx_word' id='word_1_303' title='bbox 1353 2315 1371 2340; x_wconf 58' lang='grc' dir='ltr'>(ς</span> <span class='ocrx_word' id='word_1_304' title='bbox 1409 2299 1467 2341; x_wconf 87' lang='lat' dir='ltr'>Et</span> 
     </span>
     <span class='ocr_line' id='line_1_31' title="bbox 83 2362 1473 2426; baseline 0.005 -21.696"><span class='ocrx_word' id='word_1_305' title='bbox 83 2381 101 2404; x_wconf 88' lang='lat'><strong>»</strong></span> <span class='ocrx_word' id='word_1_306' title='bbox 127 2362 336 2407; x_wconf 90' lang='lat' dir='ltr'>Dominus</span> <span class='ocrx_word' id='word_1_307' title='bbox 358 2363 403 2407; x_wconf 85' lang='lat' dir='ltr'>in</span> <span class='ocrx_word' id='word_1_308' title='bbox 423 2364 607 2408; x_wconf 87' lang='lat' dir='ltr'>circuitu</span> <span class='ocrx_word' id='word_1_309' title='bbox 629 2363 766 2423; x_wconf 89' lang='lat' dir='ltr'>plebis</span> <span class='ocrx_word' id='word_1_310' title='bbox 794 2380 883 2409; x_wconf 85' lang='lat' dir='ltr'>suae</span> <span class='ocrx_word' id='word_1_311' title='bbox 906 2384 916 2410; x_wconf 88' lang='lat'>:</span> <span class='ocrx_word' id='word_1_312' title='bbox 939 2384 959 2407; x_wconf 90' lang='lat'>»</span> <span class='ocrx_word' id='word_1_313' title='bbox 985 2374 1035 2409; x_wconf 89' lang='lat' dir='ltr'>ut</span> <span class='ocrx_word' id='word_1_314' title='bbox 1062 2374 1136 2410; x_wconf 88' lang='lat' dir='ltr'>tua</span> <span class='ocrx_word' id='word_1_315' title='bbox 1159 2382 1255 2426; x_wconf 85' lang='lat' dir='ltr'>spes</span> <span class='ocrx_word' id='word_1_316' title='bbox 1290 2382 1380 2411; x_wconf 90' lang='lat' dir='ltr'>non</span> <span class='ocrx_word' id='word_1_317' title='bbox 1412 2368 1473 2412; x_wconf 81' lang='lat' dir='ltr'>sit&#39;</span> 
     </span>
     <span class='ocr_line' id='line_1_32' title="bbox 20 2429 1468 2494; baseline 0.005 -19"><span class='ocrx_word' id='word_1_318' title='bbox 20 2429 23 2467; x_wconf 71' lang='grc' dir='ltr'><strong>ἱ</strong></span> <span class='ocrx_word' id='word_1_319' title='bbox 78 2431 124 2475; x_wconf 90' lang='lat' dir='ltr'>in</span> <span class='ocrx_word' id='word_1_320' title='bbox 147 2432 390 2488; x_wconf 84' lang='lat' dir='ltr'>montibus,</span> <span class='ocrx_word' id='word_1_321' title='bbox 415 2433 490 2477; x_wconf 91' lang='lat' dir='ltr'>sed</span> <span class='ocrx_word' id='word_1_322' title='bbox 513 2434 558 2477; x_wconf 92' lang='lat' dir='ltr'>in</span> <span class='ocrx_word' id='word_1_323' title='bbox 573 2432 648 2478; x_wconf 87' lang='lat' dir='ltr'>illo</span> <span class='ocrx_word' id='word_1_324' title='bbox 671 2435 748 2494; x_wconf 90' lang='lat' dir='ltr'>qui</span> <span class='ocrx_word' id='word_1_325' title='bbox 766 2434 984 2479; x_wconf 82' lang='lat' dir='ltr'>illuminat</span> <span class='ocrx_word' id='word_1_326' title='bbox 1005 2445 1190 2481; x_wconf 85' lang='lat' dir='ltr'>montes.</span> <span class='ocrx_word' id='word_1_327' title='bbox 1211 2439 1325 2482; x_wconf 88' lang='lat' dir='ltr'>Cum</span> <span class='ocrx_word' id='word_1_328' title='bbox 1350 2438 1468 2482; x_wconf 89' lang='lat' dir='ltr'>enim</span> 
     </span>
     <span class='ocr_line' id='line_1_33' title="bbox 22 2502 1466 2568; baseline 0.003 -21"><span class='ocrx_word' id='word_1_329' title='bbox 22 2557 23 2563; x_wconf 10' lang='grc' dir='ltr'>ἵ</span> <span class='ocrx_word' id='word_1_330' title='bbox 79 2502 152 2548; x_wconf 81' lang='lat' dir='ltr'>isse</span> <span class='ocrx_word' id='word_1_331' title='bbox 167 2504 337 2549; x_wconf 88' lang='lat' dir='ltr'>habitat</span> <span class='ocrx_word' id='word_1_332' title='bbox 355 2504 402 2549; x_wconf 91' lang='lat' dir='ltr'>in</span> <span class='ocrx_word' id='word_1_333' title='bbox 418 2505 658 2561; x_wconf 87' lang='lat' dir='ltr'>montibus,</span> <span class='ocrx_word' id='word_1_334' title='bbox 676 2505 721 2550; x_wconf 89' lang='lat' dir='ltr'>id</span> <span class='ocrx_word' id='word_1_335' title='bbox 736 2516 800 2551; x_wconf 90' lang='lat' dir='ltr'>est</span> <span class='ocrx_word' id='word_1_336' title='bbox 819 2541 831 2562; x_wconf 95' lang='lat'>,</span> <span class='ocrx_word' id='word_1_337' title='bbox 855 2506 902 2551; x_wconf 91' lang='lat' dir='ltr'>in</span> <span class='ocrx_word' id='word_1_338' title='bbox 923 2507 1102 2563; x_wconf 89' lang='lat' dir='ltr'>sanctis,</span> <span class='ocrx_word' id='word_1_339' title='bbox 1129 2508 1220 2568; x_wconf 92' lang='lat' dir='ltr'>ipse</span> <span class='ocrx_word' id='word_1_340' title='bbox 1234 2509 1358 2554; x_wconf 89' lang='lat' dir='ltr'>estin</span> <span class='ocrx_word' id='word_1_341' title='bbox 1380 2509 1466 2553; x_wconf 89' lang='lat' dir='ltr'>cir-</span> 
     </span>
    </p>
   </div>
   <div class='ocr_carea' id='block_1_3' title="bbox 129 2590 709 2634">
    <p class='ocr_par' dir='ltr' id='par_1_3' title="bbox 129 2590 709 2634">
     <span class='ocr_line' id='line_1_34' title="bbox 129 2590 709 2634; baseline 0.002 -10"><span class='ocrx_word' id='word_1_342' title='bbox 129 2595 139 2614; x_wconf 85' lang='lat'>¹</span> <span class='ocrx_word' id='word_1_343' title='bbox 158 2592 249 2624; x_wconf 83' lang='lat' dir='ltr'>Joan.</span> <span class='ocrx_word' id='word_1_344' title='bbox 268 2602 293 2634; x_wconf 80' lang='grc' dir='ltr'>ι,</span> <span class='ocrx_word' id='word_1_345' title='bbox 322 2602 352 2624; x_wconf 86' lang='grc' dir='ltr'>ι.</span> <span class='ocrx_word' id='word_1_346' title='bbox 370 2607 413 2615; x_wconf 94' lang='grc'><strong>-</strong></span> <span class='ocrx_word' id='word_1_347' title='bbox 431 2597 445 2615; x_wconf 84' lang='lat'><strong>¹</strong></span> <span class='ocrx_word' id='word_1_348' title='bbox 458 2590 542 2625; x_wconf 79' lang='lat' dir='ltr'>Psal.</span> <span class='ocrx_word' id='word_1_349' title='bbox 560 2601 655 2634; x_wconf 57' lang='lat' dir='ltr'>xxxv,</span> <span class='ocrx_word' id='word_1_350' title='bbox 676 2601 709 2625; x_wconf 76' lang='grc' dir='ltr'>ι.</span> 
     </span>
    </p>
   </div>
   <div class='ocr_carea' id='block_1_4' title="bbox 18 2085 25 2589">
    <p class='ocr_par' dir='ltr' id='par_1_4' title="bbox 18 2085 25 2589">
     <span class='ocr_line' id='line_1_35' title="bbox 18 2085 25 2589; baseline 0 0"><span class='ocrx_word' id='word_1_351' title='bbox 18 2085 25 2589; x_wconf 95' lang='lat' dir='ltr'> </span> 
     </span>
    </p>
   </div>
  </div>
 </body>
</html>
