1815 3253
402 232 643 262 ENARRATIO
676 235 721 260 m
752 234 956 261 rsALMUM
985 233 1134 259 cxxnc.
1341 216 1424 257 155

44 312 249 365 perantur
265 303 309 345 in
329 301 630 361 iniquitatibus
652 300 752 343 suis.
769 302 825 343 Et
840 307 961 343 tanto
982 298 1116 355 magis
1136 296 1181 340 in
1200 295 1425 354 profundo

45 381 326 431 merguntur,
364 380 530 431 quanto
563 370 700 428 magis
729 370 932 413 videntur
955 383 1044 411 esse
1081 366 1256 410 felices:
1298 365 1428 409 fallax

45 443 158 487 enim
178 441 356 486 felicitas
377 476 387 496 ‚
408 441 499 499 ipsa
535 441 670 499 major
702 448 765 483 est
799 438 1038 482 infelicitas,
1076 435 1240 481 Deinde
1274 445 1317 479 et
1344 437 1429 479 hoc

44 512 182 557 solent
196 512 391 556 homines
402 510 566 561 dicore,
589 512 684 553 Jam
703 509 910 568 quoniam
929 507 1066 551 multa
1085 505 1166 550 feci
1180 514 1224 549 et
1244 504 1430 549 damna-

48 584 105 628 tio
128 583 349 636 imminet,
374 582 457 625 hoc
479 580 642 640 perdo,
674 579 794 640 quod
826 594 916 622 non
939 577 1051 622 facio
1085 576 1301 637 quidquid
1324 591 1429 634 pos-

44 668 139 697 sum
164 669 174 695 :
196 661 237 695 ct
253 687 263 705 ,
280 654 344 695 Ex
361 652 444 695 hoc
458 650 632 710 perdor,
654 665 732 694 cur
746 664 833 693 non
859 646 968 693 facio
990 647 1207 708 quidquid
1227 647 1428 705 possum?

44 724 276 777 Quomodo
298 722 438 766 solent
457 721 669 781 desperati
688 720 874 766 latrones
897 720 1064 773 dicere,
1088 719 1155 763 Sic
1177 732 1248 761 me
1270 717 1432 761 occisu-

44 810 116 838 rus
144 803 207 837 cst
228 792 363 854 judex
384 807 463 851 pro
488 791 638 836 decem
660 789 926 845 homicidiis,
951 789 1175 850 quomodo
1195 803 1276 848 pro
1297 787 1431 848 quin-

46 879 130 925 que
146 898 156 918 ‚
184 861 407 922 quomodo
426 877 505 920 pro
536 878 625 906 uno
646 883 657 919 3
692 876 826 921 quare
856 876 944 905 non
972 862 1063 920 jam
1086 858 1303 920 quidquid
1325 857 1433 901 mihi

46 932 278 978 occurrerit
300 931 447 976 facio?
470 933 563 975 Hoc
585 941 675 985 est,
701 934 907 974 Peccator
931 945 1031 974 cum
1061 930 1229 974 venerit
1259 929 1305 971 in
1326 943 1432 987 pro-

44 1002 231 1047 fundum
253 1000 468 1044 malorum
487 1035 498 1054 ,
519 1000 773 1044 contemnit.
797 999 882 1044 Sed
904 999 1114 1043 Dominus
1137 1001 1260 1042 Jesus
1281 996 1432 1041 Chris-

43 1081 113 1117 tus
147 1072 223 1132 qui
252 1086 332 1114 nec
364 1069 583 1130 profunda
609 1078 755 1113 nostra
783 1069 1066 1128 contempsit,
1102 1068 1179 1128 qui
1206 1082 1346 1126 usque
1376 1065 1431 1110 ad

43 1142 166 1187 istam
196 1141 330 1184 vitam
351 1141 498 1184 venire
516 1139 718 1198 dignatus
741 1148 829 1193 est,
854 1139 1114 1198 promittens
1137 1137 1430 1181 remissionem

45 1212 240 1257 omnium
274 1220 548 1270 peccatorum
567 1245 577 1265 ,
598 1211 727 1254 etiam
746 1209 801 1253 de
823 1208 1046 1268 profundo
1063 1208 1263 1252 excitavit
1284 1207 1432 1251 homi-

46 1297 144 1326 nem
166 1317 176 1336 ,
200 1290 250 1325 ut
271 1281 476 1326 clamaret
498 1279 553 1324 de
575 1279 796 1339 profundo
818 1280 900 1323 sub
923 1279 1112 1323 molibus
1133 1287 1429 1338 peccatorum,

45 1361 87 1396 et
114 1351 361 1410 perveniret
389 1366 473 1394 vox
504 1350 742 1408 peccatoris
774 1349 830 1392 ad
852 1352 1005 1393 Deum.
1034 1348 1160 1393 Unde
1182 1347 1430 1401 clamantis,

45 1421 127 1465 nisi
148 1420 203 1464 de
225 1419 445 1478 profundo
466 1418 715 1463 malorum?

106 1494 165 1536 II.
187 1493 242 1534 Et
262 1489 407 1534 videte
429 1490 530 1549 quia
552 1505 636 1535 vox
657 1489 895 1548 peccatoris
916 1487 1074 1532 clamat
1097 1487 1152 1531 de
1171 1485 1396 1546 profundo
1422 1505 1431 1530 ι

50 1579 69 1604 «
103 1564 164 1606 De
180 1560 408 1620 profundis
424 1560 606 1604 clamavi
622 1559 677 1604 ad
691 1569 749 1614 te,
766 1560 965 1616 Domine,
978 1558 1178 1612 Domine,
1193 1555 1351 1601 exaudi
1363 1572 1436 1601 vo-

49 1649 68 1672 »
103 1646 195 1675 cem
220 1646 375 1674 meam.
403 1631 532 1674 Fiant
562 1645 684 1673 aures
701 1638 796 1672 tuae
819 1627 1095 1672 intendentes
1113 1628 1159 1671 in
1182 1641 1334 1672 vocem
1359 1625 1436 1670 de-

49 1720 69 1743 »
102 1690 359 1761 precationis
374 1715 544 1743 meae.-»
562 1698 687 1744 Unde
704 1699 893 1744 clamat?
911 1702 972 1743 De
985 1697 1222 1759 profundo.
1245 1698 1351 1751 Quis
1372 1705 1438 1740 est

45 1786 148 1830 ergo
169 1771 245 1830 qui
267 1770 454 1814 clamat?
473 1773 692 1813 Peccator.
717 1772 774 1813 Et
802 1785 890 1828 qua
915 1784 990 1828 spe
1012 1768 1202 1814 clamat?
1219 1769 1331 1821 Quia
1360 1767 1437 1827 qui

20 1858 23 1876 ·
46 1842 167 1885 venit
190 1840 355 1884 solvere
381 1849 559 1898 peccata
575 1874 587 1893 ‚
614 1838 735 1882 dedit
756 1853 875 1898 spem
896 1839 1024 1882 etiam
1047 1840 1092 1882 in
1113 1838 1337 1898 profundo
1354 1852 1436 1896 po-

46 1910 126 1954 sito
148 1909 381 1969 peccatori.
416 1909 521 1953 Ideo
555 1907 664 1968 quid
691 1909 888 1968 sequitur
915 1917 1012 1967 post
1045 1908 1146 1952 istas
1167 1909 1319 1953 voces?
1344 1925 1365 1948 «
1393 1906 1438 1950 Si

50 1998 71 2022 η
104 1980 351 2040 iniquitates
373 1980 689 2032 observaveris,
717 1978 929 2036 Domine3
955 1979 1154 2033 Domine,
1186 1978 1282 2038 quis
1304 1976 1436 2020 susti-

52 2068 72 2091 »
107 2050 256 2095 nebit?
282 2068 301 2091 »
327 2053 440 2094 Ecce
462 2050 630 2109 aperuit
652 2049 707 2093 de
730 2065 819 2109 quo
837 2048 1060 2108 profundo
1089 2048 1311 2094 clamaret.
1333 2047 1436 2093 Cla-

48 2128 138 2164 mat
159 2120 274 2162 enim
295 2120 376 2164 suh
407 2120 596 2164 molibus
619 2129 662 2164 et
686 2120 895 2164 fluctibus
926 2119 1208 2179 iniquitatum
1240 2133 1434 2162 suarum.

49 2190 362 2248 Circumspexit
382 2206 447 2245 se,
482 2191 786 2250 circumspexit
821 2190 956 2234 vitam
984 2205 1107 2234 suam
1128 2225 1140 2246 ,
1174 2188 1286 2233 vidit
1316 2188 1437 2232 illam

49 2259 245 2320 undique
267 2260 440 2318 flagitiis
463 2269 506 2304 et
535 2261 804 2305 facinoribus
837 2269 1088 2319 coopertam
1120 2279 1129 2304 :
1160 2273 1439 2319 quacumque

50 2329 260 2389 respexit,
285 2328 394 2373 nihil
414 2330 456 2374 in
490 2345 533 2374 se
556 2331 722 2374 bonum
747 2330 940 2385 invenit,
964 2329 1075 2373 nihil
1091 2329 1154 2373 illi
1167 2329 1347 2389 justitiae
1366 2344 1436 2372 se-

52 2414 204 2444 renum
225 2400 368 2458 potuit
382 2415 630 2444 occurrere.
655 2403 830 2444 Etcum
853 2409 974 2444 tanta
995 2408 1038 2443 et
1059 2408 1149 2443 tam
1174 2398 1313 2443 multa
1334 2414 1439 2458 pec-

52 2479 145 2514 cata
166 2470 362 2529 undique
389 2479 432 2514 et
453 2479 644 2514 catervas
666 2470 878 2514 scelerum
907 2485 1087 2515 suorum
1122 2469 1314 2520 videret,
1338 2478 1437 2512 tan—

23 2553 26 2638 1
51 2554 179 2599 quam
192 2555 474 2600 expavescens
487 2539 756 2596 exclamavit,
772 2558 792 2583 «
806 2540 850 2586 Si
862 2540 1112 2601 iniquitates
1121 2538 1432 2593 observaveris,
