1815 3253
371 239 613 271 munitm-10
644 242 692 269 IN
722 238 926 270 rsALMUM
956 239 1118 267 cxxvn.
1357 225 1441 264 139

57 313 199 356 vivere
214 345 225 365 ,
256 308 424 354 videbis
447 307 548 368 quia
568 307 708 351 omnis
731 307 808 367 qui
829 305 925 350 vult
945 306 1015 365 pie
1035 304 1180 347 vivere
1202 303 1246 345 in
1269 303 1442 347 Christo

58 385 159 427 Jesu
175 415 185 435 ,
210 379 555 440 persecutionem
577 378 780 437 patietur.
804 381 986 436 Propter
1002 373 1110 434 quid
1128 388 1231 431 ergo
1253 373 1444 432 patimur

58 460 197 496 tantas
215 449 564 510 persecutiones?
582 466 600 489 u
621 448 662 492 Si
680 449 792 491 enim
816 447 861 490 in
884 447 966 490 bac
981 445 1070 488 vita
1086 444 1132 487 in
1154 444 1326 488 Christo
1344 457 1444 501 spe-

61 540 82 564 »
116 529 257 565 rantes
275 534 422 563 sumus
439 527 628 571 tantum,
658 519 718 561 ait
737 516 993 577 Apostolus,
1016 513 1347 558 miserabiliores
1369 528 1445 556 su-

61 609 82 633 »
115 607 211 636 mus
234 590 438 635 omnibus
460 589 786 632 hominibus1.»
806 591 988 646 Propter
1000 584 1107 645 quid
1126 583 1321 628 damnati
1343 592 1447 627 sunt

57 660 112 706 ad
139 662 295 705 bestias
316 663 528 717 Martyres
546 661 563 703 Ρ
586 658 706 718 quod
723 668 787 703 est
805 657 917 702 illud
938 657 1105 701 bonum
1119 690 1130 710 ,
1161 654 1247 699 dici
1270 656 1448 714 potest?

55 733 174 777 unde
190 767 200 786 ‚
227 741 302 776 aut
317 747 415 791 quae
434 730 580 788 lingua
605 729 754 774 dicat?
776 738 852 773 aut
875 743 976 789 quae
998 742 1122 772 aures
1150 724 1332 769 audiant
1351 727 1370 769 Ρ
1391 727 1449 770 Et

56 801 234 862 quidem
256 800 381 855 illud,
409 819 429 842 «
449 803 536 845 Nec
556 800 669 844 auris
694 799 881 854 audivit,
908 813 989 842 nec
1012 798 1058 841 in
1075 812 1149 841 cor
1167 795 1355 840 hominis
1378 810 1448 840 as—

61 890 81 914 »
115 870 262 916 cendit
275 875 307 914 ².
332 888 352 911 »
386 873 594 914 Amemus
616 879 788 914 tantum
803 906 813 924 ‚
845 869 1124 929 proficiamus
1145 876 1316 911 tantum
1347 885 1356 911 :
1380 866 1448 910 vi-

58 942 166 986 detis
198 941 314 984 enim
351 940 454 1000 quia
482 956 643 999 pugnae
672 956 761 984 non
789 939 975 994 desunt,
1014 948 1057 983 et
1077 952 1326 998 pugnamus
1346 952 1448 981 cum

58 1010 415 1070 concupiscentiis
436 1010 608 1053 nostris.
626 1013 876 1068 Pugnamus
893 1008 996 1054 foris
1017 1024 1117 1053 cum
1137 1006 1392 1051 infidelibus
1405 1015 1449 1050 et

58 1080 410 1126 inobedientibus
430 1079 705 1133 hominib-us,
733 1094 979 1138 pugnamus
1002 1079 1118 1122 intus
1145 1092 1246 1121 cum
1270 1092 1450 1135 sugges-

58 1153 248 1197 tionibus
263 1188 273 1206 ,
294 1167 393 1196 cum
417 1150 820 1211 perturbationibus
843 1150 1105 1194 carnalibus.
1133 1149 1307 1208 Ubique
1331 1163 1449 1207 pug-

58 1238 211 1267 namus
227 1222 386 1276 adhuc,
412 1240 431 1263 «
453 1221 560 1274 Quia
582 1236 740 1280 corpus
760 1221 881 1280 quod
900 1220 1219 1279 corrumpitur,
1244 1227 1452 1277 aggravat

60 1311 81 1334 »
117 1293 305 1337 animani
319 1294 352 1336 3.
372 1309 392 1333 »
413 1295 661 1350 Pugnamus
683 1290 828 1335 adhuc
845 1326 855 1345 ,
881 1290 1090 1351 quoniam
1114 1290 1147 1333 si
1168 1289 1344 1348 spiritus
1363 1288 1451 1332 vita

58 1373 149 1416 est,
190 1372 335 1407 tamen
368 1377 526 1421 corpus
557 1371 783 1406 mortuum
808 1371 872 1404 est
892 1369 1072 1420 propter
1093 1369 1338 1420 peccatum.
1368 1359 1453 1403 Sed

57 1434 165 1494 quid
183 1432 381 1477 futurum
405 1434 500 1476 est?
522 1451 542 1474 «
571 1432 613 1476 Si
636 1441 780 1475 autem
801 1431 975 1491 spiritus
997 1431 1088 1491 ejus
1110 1430 1279 1474 habitat
1307 1429 1353 1473 in
1374 1444 1452 1473 vo-

18 1520 19 1531 *
59 1521 81 1545 »
117 1504 208 1557 bis,
240 1504 316 1563 qui
352 1503 572 1547 suscitavit
601 1502 823 1546 Christum
857 1517 907 1544 ex
937 1501 1117 1544 mortuis
1147 1499 1388 1543 vivificabit
1410 1507 1455 1542 et

62 1592 82 1615 »
116 1573 313 1617 mortalia
336 1588 516 1632 corpora
536 1581 676 1616 vestra
695 1607 706 1627 ,
732 1580 911 1631 propter
938 1570 1137 1629 spiritum
1157 1570 1250 1629 ejus
1272 1569 1348 1629 qui
1370 1569 1451 1612 ha-

63 1662 83 1685 »
117 1644 226 1688 bitat
256 1643 302 1686 in
323 1642 446 1686 vobis
466 1642 497 1685 4.
527 1659 547 1682 υ
574 1644 687 1686 Cum
710 1657 814 1700 ergo
835 1641 1051 1685 vivificata
1071 1638 1236 1683 fuerint
1254 1638 1453 1683 membra

60 1723 204 1758 nostra
221 1712 417 1757 mortalia
435 1747 446 1766 ,
462 1713 552 1772 jam
572 1712 681 1756 nihil
703 1712 871 1756 resistet
890 1710 1058 1771 spiritui
1075 1719 1239 1754 nostro.
1266 1712 1365 1755 Non
1384 1708 1452 1753 fa-

61 1793 150 1828 mes
167 1784 247 1828 erit
266 1818 277 1838 ‚
302 1799 392 1827 non
414 1783 503 1826 sitis
525 1783 606 1826 erit
624 1818 634 1838 ‚
655 1783 757 1843 quia
778 1781 833 1826 de
855 1781 1135 1841 corruptione
1157 1780 1350 1840 corporis
1372 1779 1452 1823 ista

62 1863 314 1899 nascuntur.
336 1853 440 1898 Ideo
463 1853 601 1897 reficis
618 1889 629 1907 ‚
654 1853 757 1913 quia
779 1869 803 1897 a
828 1862 869 1896 te
892 1852 1060 1912 aliquid
1082 1851 1242 1895 deficit.
1274 1853 1453 1896 Concu·

19 1947 21 1951 ⁴
60 1925 280 1984 piscentiae
310 1923 649 1968 delectationum
680 1922 920 1967 carnalium
943 1931 1094 1966 contra
1126 1937 1206 1965 nos
1232 1928 1448 1980 pugnant.

59 1998 243 2039 Mortem
268 2004 487 2054 portamus
507 1995 758 2038 infirmitate
775 1993 969 2053 corporis
987 2012 996 2037 ε
1015 1990 1091 2036 sed
1105 2007 1205 2035 cum
1229 2006 1345 2034 mors
1358 1991 1451 2049 ipsa

59 2081 263 2110 conversa
283 2064 414 2110 fuerit
435 2067 480 2110 in
501 2066 621 2109 illam
643 2063 1145 2117 incommutabilitatem,
1166 2071 1209 2105 et
1230 2061 1452 2121 corrupti-

60 2134 147 2180 bile
167 2136 251 2180 hoc
276 2135 466 2180 induerit
487 2135 862 2194 incorruptionem
879 2170 890 2189 ,
917 2143 961 2177 et
978 2131 1163 2178 mortale
1185 2133 1270 2177 hoc
1291 2132 1452 2176 indue-

60 2206 115 2251 rit
150 2205 519 2251 immortalitatem
540 2242 551 2261 ,
585 2207 693 2266 quid
722 2205 869 2250 audiet
904 2214 1010 2249 tunc
1041 2205 1187 2249 mors?
1214 2222 1233 2246 «
1260 2203 1343 2248 Ubi
1369 2212 1449 2257 est,

63 2294 83 2318 »
117 2292 248 2329 mors,
275 2277 496 2321 contentio
520 2277 714 2321 tua?ubi
737 2285 816 2331 est,
842 2291 975 2330 mors,
993 2274 1170 2320 aculeus
1191 2284 1293 2318 tuus
1309 2276 1454 2318 ⁵⁴?»Et

60 2345 171 2391 forte
202 2348 411 2400 moritur,
437 2356 479 2391 et
509 2346 679 2391 dicetur
703 2365 712 2391 :
746 2350 929 2390 Restant
951 2346 1086 2406 aliqui
1107 2345 1301 2389 inimici?
1322 2347 1419 2389 Non
1439 2379 1450 2399 ‚

60 2417 254 2477 sequitur
281 2436 290 2462 z
325 2436 346 2460 «
370 2418 608 2462 Novissima
629 2416 804 2461 inimica
832 2418 990 2461 morsss.
1022 2434 1042 2457 »
1068 2418 1183 2461 Cum
1218 2416 1313 2460 haec
1346 2414 1448 2459 des-

110 2518 118 2534 ¹
144 2524 155 2544 1
179 2515 251 2544 Cor.
274 2524 328 2553 xv,
351 2524 400 2555 ¹9·
433 2529 474 2534 —
494 2519 507 2534 ²
526 2512 572 2543 Id.
592 2522 625 2550 n,
645 2522 678 2553 9.
698 2528 741 2534 —
760 2509 927 2555 ³Sap.1x,
947 2511 998 2544 15.
1019 2510 1093 2541 —4
1114 2513 1205 2544 Rom.
1227 2522 1297 2552 vui,
1320 2521 1372 2552 10,
1394 2521 1448 2543 11.

65 2583 104 2590 —-
122 2566 138 2590 ⁵
155 2580 166 2599 1
186 2570 257 2602 Cor.
279 2580 334 2610 xv,
353 2568 408 2610 53,
432 2567 486 2610 54.
507 2584 549 2590 -
563 2565 579 2589 ⁶
596 2567 678 2600 lbid.
701 2567 756 2599 26.
