1815 3253
351 199 432 238 434
773 215 807 240 s.
843 212 1074 241 Aucusnm
1105 215 1288 242 Emscom

1775 224 1777 272 A

278 322 282 325 ,
298 296 300 299 ·
340 272 507 318 buendi
519 275 639 335 quod
653 276 800 332 habes,
814 276 1007 321 invenies
1021 277 1138 336 apud
1151 293 1219 322 me
1229 287 1477 322 mensuram
1489 277 1728 338 accipiendi
1750 294 1756 313 ·-
1775 288 1777 316 1
1792 289 1815 337 Qu<

345 344 467 403 quod
483 360 573 390 non
593 344 744 391 habes.

398 417 476 459 IX.
516 435 537 459 «
570 417 865 463 Misericordia
884 433 997 474 mea,
1022 427 1065 463 et
1083 417 1300 477 refugium
1323 434 1486 474 meum,
1508 429 1731 479 susceptor

337 564 489 601 tenens
517 559 895 619 concupiscentem
931 558 1134 604 adversus
1165 560 1366 619 spiritum
1394 575 1584 604 carnem.
1615 563 1732 604 Tene

339 627 461 688 quod
492 637 627 675 tenes.
671 633 793 675 Tunc
827 631 910 676 erit
942 630 1072 691 plene
1110 631 1232 692 quod
1265 631 1354 687 vis,
1393 647 1494 676 cum
1529 632 1731 691 absorpta

341 699 475 746 suerit
495 717 609 746 mors
641 701 686 745 in
706 701 934 747 victoriam
969 720 978 746 ε
1007 701 1185 762 quando
1218 702 1520 746 resuscitatum
1550 701 1734 746 mortale

342 773 426 817 hoc
463 787 620 832 corpus
648 770 907 817 transfertur
932 772 979 816 in
1000 772 1308 817 habitudinem
1330 772 1588 831 angelicam,
1619 781 1663 817 et
1688 772 1734 816 in

340 842 561 888 coelestem
596 842 798 888 subvolat
838 841 1110 903 qualitatem.
1164 861 1185 885 «
1229 843 1426 899 Mortui,
1472 843 1651 904 inquit,
1687 843 1736 886 in

345 933 365 957 »
400 915 572 960 Christo
607 921 832 973 resurgent
863 914 1014 974 primi,
1049 913 1208 958 deinde
1241 924 1284 959 et
1319 930 1397 959 nos
1432 915 1626 959 viventes
1659 913 1737 975 qui
1772 909 1773 930 ³

345 1003 365 1027 »
401 985 558 1045 reliqui
574 1000 723 1029 sumus
741 1020 752 1041 ,
771 985 818 1029 in
840 984 1032 1030 adventu
1053 985 1228 1030 Domini
1243 985 1373 1030 simul
1395 985 1614 1045 rapiemur
1632 994 1735 1029 cum

1770 1182 1772 1200 l

347 1197 515 1242 toriam.
539 1196 606 1240 Ibi
620 1195 790 1241 dicetur
811 1216 820 1242 :
843 1215 863 1240 «
890 1197 974 1241 Ubi
995 1207 1060 1242 est
1075 1232 1087 1252 ‚
1113 1212 1230 1242 mors
1246 1233 1257 1253 ‚
1279 1198 1503 1242 contentio
1524 1199 1635 1242 tua?
1658 1196 1737 1241 ubi
1769 1218 1771 1268 Ι

350 1285 371 1309 »
406 1275 470 1311 est
486 1282 628 1323 mors,
650 1265 826 1311 aculeus
852 1269 1013 1311 tuus2?
1035 1285 1057 1308 »
1071 1270 1169 1313 Non
1192 1268 1309 1311 enim
1334 1268 1631 1328 relinquetur,
1659 1275 1745 1312 ne'c'
1768 1269 1772 1343 ὲ
1785 1280 1815 1323 Τοι

347 1339 394 1382 in
415 1341 561 1383 animo
579 1373 590 1392 ‚
624 1353 704 1382 nec
734 1338 781 1382 in
809 1354 990 1398 corpore
1009 1373 1020 1394 ,
1040 1339 1161 1400 quod
1183 1338 1370 1384 rebellet
1398 1339 1600 1384 adversus
1618 1355 1741 1384 amo-—
1769 1349 1771 1356 '

349 1425 440 1454 rem
462 1409 550 1453 Dei.
572 1408 705 1466 Plena
724 1409 920 1465 victoria,
935 1408 1064 1469 plena
1085 1425 1182 1470 pax,
1210 1412 1273 1454 De
1291 1410 1376 1454 hac
1395 1410 1521 1454 nobis
1544 1409 1743 1470 praelian-

349 1481 466 1527 tibus
487 1479 671 1525 dicitur:
698 1498 718 1522 «
738 1480 914 1535 Venite,
939 1479 1039 1536 filii,
1062 1479 1208 1524 audite
1228 1496 1316 1536 me,
1342 1481 1545 1525 timorem
1568 1479 1743 1525 Domini
1768 1507 1770 1519 ,1

353 1569 374 1593 »
409 1549 578 1595 docebo
600 1551 721 1595 vosss.
750 1568 770 1592 υ
797 1553 849 1594 In
872 1549 1020 1609 praelio
1043 1551 1141 1595 estis
1158 1585 1169 1606 ‚
1199 1550 1245 1594 in
1270 1551 1553 1595 contentione
1582 1549 1743 1594 conssi-
1768 1571 1769 1574 ¹

353 1622 449 1681 gitis
470 1641 478 1666 :
505 1630 548 1664 et
569 1630 716 1669 tamen
737 1621 972 1681 quamdam
995 1622 1188 1682 requiem
1211 1620 1479 1665 desideratis.
1510 1640 1530 1663 «
1554 1621 1656 1674 Quis
1679 1629 1744 1665 est
1767 1646 1769 1667 ;
1809 1647 1815 1674 2

354 1712 375 1735 »
410 1693 543 1737 homo
570 1693 647 1752 qui
677 1691 773 1737 vult
806 1692 961 1746 vitam,
987 1701 1031 1736 et
1050 1691 1191 1750 diligit
1217 1692 1364 1737 videre
1382 1691 1473 1736 dies
1497 1692 1633 1736 bonos
1650 1693 1693 1736 ⁴?
1718 1710 1741 1734 π
1766 1704 1768 1706 ·

357 1834 466 1880 nihil
499 1834 768 1893 concupiscit
800 1833 1005 1878 adversus
1039 1834 1238 1894 spiritum
1267 1854 1276 1879 :
1313 1834 1391 1878 ubi
1410 1850 1512 1879 ·non
1548 1834 1706 1878 dicitur
1731 1830 1815 1904 ἐξῇρε

359 1911 512 1966 Pugna
531 1927 542 1964 3
567 1905 666 1960 sed,
693 1905 859 1949 Gaude.
891 1904 975 1950 Sed
991 1905 1088 1964 quis
1106 1914 1170 1949 est
1190 1905 1266 1966 qui
1287 1907 1365 1950 hos
1388 1904 1478 1949 dics
1501 1904 1766 1949 velit?Om-·
1814 1931 1815 1934 =

360 1979 426 2023 nis
460 1979 593 2022 homo
629 1986 745 2021 certe
777 1975 916 2021 dicit:
952 1979 1060 2035 Ego.
1085 1976 1202 2020 Audi
1239 1975 1347 2037 quid
1374 1976 1583 2036 sequitur.
1608 1975 1757 2019 Video*

360 2049 464 2110 quia
497 2047 692 2102 laboras,
725 2045 853 2091 video
885 2047 986 2107 quia
1007 2046 1052 2090 in
1074 2061 1219 2106 pugna
1236 2081 1246 2101 ‚
1271 2047 1316 2089 in
1338 2045 1534 2105 periculo·
1554 2045 1756 2093 diversa-uf
1780 2056 1783 2063 “

362 2122 418 2165 ris
444 2138 454 2164 :
474 2119 575 2163 audi
592 2118 702 2179 quid
723 2118 918 2177 sequitur
937 2138 947 2175 3
972 2117 1099 2160 docet
1116 2132 1268 2160 manus
1285 2116 1330 2160 in
1352 2116 1567 2176 praelium,
1590 2110 1746 2173 digitos
1764 2133 1765 2142 ¹

362 2192 408 2235 in
431 2189 612 2234 bellum,
642 2207 663 2229 «
686 2187 874 2232 Contine
900 2186 1094 2244 linguam
1116 2195 1237 2230 tuam
1255 2203 1278 2230 a
1302 2187 1439 2241 malo,
1471 2185 1649 2230 etrlabia
1671 2190 1763 2230 tua

366 2280 387 2304 »
422 2275 477 2304 ne
492 2258 730 2319 loquantur
750 2256 901 2301 dolum
922 2276 933 2313 3
956 2255 1126 2300 declina
1149 2271 1171 2300 a
1195 2255 1325 2312 malo,
1350 2266 1393 2301 et
1409 2255 1477 2302 fac
1496 2256 1662 2300 bonum
1677 2258 1707 2299 ⁵.
1723 2258 1746 2298 ιθ

367 2328 596 2385 Quomodo
618 2328 733 2371 enim
754 2327 914 2387 poteris
937 2325 1078 2371 facere
1100 2326 1266 2371 bonum
1281 2362 1292 2382 ⁷
1314 2326 1394 2371 nisi
1417 2326 1698 2372 declinaveris
1725 2329 1748 2372 ai

368 2401 512 2461 malo?
544 2397 661 2453 Quid
687 2413 837 2458 quaero
863 2406 913 2441 ut
941 2397 1093 2443 vestias
1110 2432 1121 2454 ,
1161 2397 1338 2457 quando
1367 2397 1511 2442 adhuc
1533 2398 1755 2458 expolias‘?

418 2517 427 2531 '
459 2522 472 2543 1
501 2511 606 2542 Thess,
631 2520 686 2550 iv,
709 2508 761 2550 15,
785 2508 836 2540 16.
863 2525 904 2531 —
930 2513 945 2530 ¹
969 2518 983 2540 1
1000 2496 1073 2541 Cor.
1092 2510 1150 2549 xv,
1170 2505 1226 2549 54,
1246 2505 1300 2540 55.
1321 2523 1364 2530 --
1383 2505 1396 2530 3
1424 2506 1505 2540 Psal.
1525 2518 1611 2549 xxiii,
1635 2516 1683 2540 12.
1706 2521 1746 2531 --

368 2566 477 2601 41bid.
502 2567 552 2600 13.
574 2583 614 2590 -
629 2563 820 2606 51bid.14,
842 2565 891 2597 15.
