1815 3253
360 238 443 277 360
784 248 817 275 s.
853 246 1083 275 Aucus-nm
1114 248 1295 275 13121500121

356 313 498 357 tianus
529 312 735 371 agnoscit.
762 311 1015 356 Declinante
1047 310 1162 354 enim
1193 312 1284 371 jam
1305 309 1376 354 die
1403 311 1450 354 in
1477 327 1704 371 vesperum
1723 347 1734 367 ‚
1801 304 1815 347 Η

355 384 563 428 Dominus
584 383 631 425 in
653 397 780 426 cruce
798 381 986 425 animam
1009 380 1210 439 deposuit
1222 389 1472 440 recepturus
1489 416 1500 436 ‚
1523 397 1611 426 non
1635 383 1739 425 ami·
1801 394 1808 415 1

357 454 410 497 sit
442 454 603 497 invitus
623 455 654 496 1.
683 451 768 497 Sed
802 461 947 495 tamen
971 459 1014 494 et
1034 450 1096 493 ibi
1117 466 1195 494 nos
1226 450 1400 509 figurati
1428 466 1590 495 sumus.
1623 451 1740 504 Quid
1800 455 1815 488 11]

356 524 472 568 enim
493 522 608 567 illius
630 521 838 582 pependit
856 520 900 565 in
916 522 1036 580 ligno
1053 557 1064 576 ,
1085 521 1165 564 nisi
1187 521 1307 581 quod
1322 521 1376 565 de
1398 522 1523 566 nobis
1546 523 1740 582 accepit?
1800 514 1815 558 111

355 598 413 639 Et
433 593 552 637 unde
575 594 666 637 fieri
685 602 827 652 potest
846 627 857 646 ‚
883 601 933 636 ut
954 591 1188 652 aliquando
1207 595 1319 636 Deus
1337 596 1464 637 Pater
1486 593 1678 637 dimittat
1697 602 1741 637 et
1801 599 1815 629 ³¹

357 666 526 710 deserat
558 665 736 708 unicum
754 663 912 707 Filium
933 699 944 718 ‚
969 663 1046 723 qui
1081 663 1232 723 utique
1249 679 1350 708 cum
1378 663 1453 708 illo
1485 679 1599 708 unus
1627 667 1740 709 Deus
1800 656 1812 714 θ]

359 739 450 781 est?
471 740 528 780 Et
549 745 696 780 tamen
714 743 906 778 nostram
928 734 1226 777 infirmitatem
1247 735 1384 793 figens
1406 734 1450 778 in
1474 749 1624 789 cruce,
1664 735 1742 779 ubi
1801 741 1815 770 19

357 817 482 852 vetus
510 808 642 850 homo
680 815 849 860 noster,
884 805 994 849 sicut
1023 805 1129 850 dicit
1161 804 1422 865 Apostolus,
1461 806 1656 850 confixus
1679 814 1742 850 est
1800 813 1815 842 11

359 878 478 922 cruci
494 892 594 921 cum
613 875 739 931 illo2,
764 891 816 920 ex
843 891 949 920 voce
970 876 1102 935 ipsius
1123 875 1311 919 hominis
1341 875 1475 920 nostri
1511 874 1711 919 clamavit
1727 910 1738 930 ‚
1801 885 1815 913 111

363 967 384 990 «
418 951 534 992 Deus
550 962 687 1002 meuS‚
705 950 819 991 Deus
834 962 956 990 meus
973 981 983 1001 ‚
1003 945 1163 1006 utquid
1178 962 1247 989 me
1259 945 1577 1005 dereliquisti-⁹³?
1590 964 1610 987 »
1625 945 1743 990 Illud
1801 955 1814 985 11

358 1034 461 1077 ergo
494 1026 557 1061 est
582 1017 837 1061 sacrificium
884 1017 1204 1076 vespertinum,
1233 1017 1371 1075 passio
1404 1016 1608 1069 Domini,
1639 1031 1743 1060 crux

358 1088 547 1139 Domini,
564 1087 730 1131 oblatio
745 1087 932 1130 victimae
950 1085 1169 1140 salutaris,
1191 1085 1497 1129 holocaustum
1517 1094 1744 1145 acceptum

358 1161 462 1202 Deo.
488 1155 605 1200 Illud
627 1156 884 1200 sacrificium
907 1155 1204 1215 vespertinum
1234 1154 1335 1199 fecit
1358 1155 1404 1198 in
1431 1155 1744 1199 resurrectione
1766 1106 1773 1221 l

358 1244 519 1272 munus
540 1227 819 1270 matutinum.
845 1227 995 1270 Oratio
1013 1241 1115 1284 ergo
1138 1241 1246 1284 pure
1268 1226 1430 1269 directa
1464 1225 1518 1269 de
1538 1226 1668 1269 corde
1690 1226 1745 1268 fi-

359 1297 472 1351 deli,
498 1306 708 1355 tanquam
731 1295 784 1339 de
819 1311 890 1339 ara
922 1305 1068 1339 sancta
1090 1296 1227 1354 surgit
1257 1296 1498 1339 incensum.
1531 1294 1648 1340 Nihil
1682 1304 1746 1340 est

362 1366 662 1412 delectabilius
676 1366 808 1411 odore
821 1366 995 1411 Domini
1014 1386 1022 1410 :
1048 1366 1106 1410 sic
1124 1365 1268 1410 oleant
1287 1381 1435 1410 omnes
1449 1367 1524 1426 qui
1541 1365 1740 1411 credunt.
1780 1401 1782 1405 .

419 1440 496 1481 VI.
524 1439 659 1480 Vetus
676 1452 778 1495 ergo
799 1437 931 1481 homo
954 1445 1122 1491 noster,
1144 1435 1484 1495 Apostoliverba
1496 1445 1618 1492 sunt,
1643 1451 1746 1482 con-

364 1526 385 1550 »
420 1507 531 1550 fixus
553 1515 616 1550 est
637 1506 756 1551 cruci
773 1522 873 1550 cum
892 1505 967 1550 illo
983 1541 994 1562 ,
1011 1515 1061 1550 ut
1073 1516 1376 1562 evacuaretur,
1396 1507 1540 1566 inquit
1558 1542 1568 1562 ‚
1589 1523 1745 1566 corpus

364 1597 385 1620 »
420 1577 602 1637 peccati,
619 1586 669 1621 ut
685 1577 798 1621 ultra
813 1593 902 1621 non
913 1577 1147 1621 serviamus
1163 1578 1376 1636 peccato⁴.
1388 1596 1407 1618 »
1422 1577 1529 1621 Inde
1541 1578 1638 1621 etin
1652 1578 1745 1637 ipso

363 1647 534 1693 Psalmo
547 1663 647 1692 cum
665 1647 831 1692 dictum
843 1657 968 1703 esset,
986 1667 1006 1689 «
1019 1650 1133 1691 Deus
1147 1663 1285 1703 meus,
1304 1651 1417 1692 Deus
1430 1664 1567 1702 meus,
1590 1648 1751 1708 utquid

364 1737 385 1760 »
421 1718 688 1778 dereliquisti
711 1734 802 1773 me,
827 1718 956 1776 longe
970 1717 1144 1762 asalute
1156 1733 1251 1762 mea
1271 1737 1280 1762 ε
1302 1736 1322 1759 »
1341 1719 1484 1762 statim
1506 1719 1749 1779 subjectum

363 1798 450 1844 est,
475 1808 496 1831 «
519 1789 663 1832 Verba
680 1788 938 1832 dilectorum
961 1804 1174 1833 meorum.
1204 1807 1224 1830 »
1251 1791 1447 1841 Quorum
1469 1788 1746 1841 dilectorum,

362 1860 397 1903 si
420 1867 551 1917 caput
569 1857 791 1902 attendas?
814 1861 870 1902 Et
893 1867 1039 1902 tamen
1059 1859 1149 1918 ejus
1173 1857 1304 1902 fuisse
1326 1874 1476 1903 vocem
1489 1859 1535 1902 in
1559 1858 1745 1915 Psalmo,

360 1931 451 1990 ipse
468 1939 648 1974 testatus
671 1939 732 1974 est
749 1930 793 1973 in
817 1945 968 1984 cruce,
994 1930 1084 1989 ipsa
1100 1930 1232 1974 verba
1256 1928 1389 1985 dixit,
1415 1930 1555 1990 ipsum
1576 1946 1746 1975 versum

358 2000 672 2061 pronuntiavit.
697 2003 795 2045 Non
817 2009 879 2044 est
903 2000 1078 2044 relictus
1097 2001 1301 2043 humanae
1317 2002 1575 2060 conjecturae
1597 2001 1717 2045 locus
1733 2035 1744 2056 ‚

363 2071 510 2116 nullus
524 2070 712 2130 negandi
726 2070 868 2114 aditus
890 2069 1219 2130 qualiscumque
1235 2070 1494 2114 Christiano.
1510 2069 1637 2124 Quod
1651 2071 1748 2129 lego

361 2142 408 2185 in
430 2141 628 2192 Psalmo,
665 2141 749 2184 hoc
772 2140 902 2184 audio
931 2156 953 2183 a
977 2140 1177 2183 Domino.
1207 2143 1256 2183 In
1287 2140 1379 2199 ipso
1416 2140 1545 2184 etiam
1580 2141 1748 2186 Psalmo

361 2226 548 2269 agnosco
565 2210 686 2270 quod
699 2210 743 2252 in
758 2207 999 2268 Evangelio
1016 2209 1114 2268 lego
1129 2245 1139 2264 ‚
1161 2228 1179 2250 «
1197 2209 1421 2253 Foderunt
1443 2225 1595 2254 manus
1613 2226 1744 2268 meas,
1798 2234 1815 2253 ..z

365 2299 385 2322 »
422 2290 464 2324 et
486 2280 642 2339 pedes3
674 2280 1062 2323 dinumeraverunt
1090 2280 1234 2323 omnia
1258 2295 1349 2324 ossa
1382 2295 1492 2324 mea.
1526 2281 1612 2339 Ipsi
1645 2297 1747 2327 vero
1799 2294 1815 2324 111

365 2369 386 2391 »
421 2351 827 2404 consideraverunt,
866 2359 908 2394 et
941 2359 1259 2409 conspexerunt
1291 2366 1380 2404 me,
1405 2351 1644 2395 diviserunt
1664 2352 1746 2396 sibi
1805 2366 1815 2396 11

362 2421 616 2465 vestimenta
632 2435 724 2465 mea
737 2455 747 2474 ,
764 2429 805 2464 et
819 2435 947 2479 super
956 2430 1118 2464 vestem
1137 2436 1278 2464 meam
1292 2421 1502 2465 miserunt
1519 2424 1742 2466 sortem5.»
1805 2423 1815 2464 11

1801 1028 1815 1072 ql

1803 1105 1809 1124 l

1803 1172 1809 1190 l

1802 1240 1815 1268 fl}

1803 1311 1815 1338 Pl

1802 1382 1815 1409 l(

1802 1452 1815 1480 CI

1803 1665 1809 1686 1

1804 1735 1809 1756 i

1784 1798 1797 1837 11
1803 1789 1815 1830 l*

1790 1843 1807 1902 ὅ,

1790 1931 1815 1974 {lt

1794 2010 1813 2043 aet

1796 2087 1808 2114 ε)

1796 2157 1808 2183 21

1805 2217 1815 2233 1,

384 2523 417 2548 2¹
440 2516 551 2548 Mauh.
572 2527 656 2548 xxvn
672 2541 680 2557 ‚
705 2515 747 2557 46
775 2520 807 2548 et
833 2515 885 2548 50.
908 2532 949 2538 —
969 2523 981 2538 ²
1007 2518 1097 2548 Rom.
1120 2527 1162 2556 vi,
1179 2515 1211 2547 6.
1234 2533 1275 2539 —-
1300 2514 1311 2538 3
1340 2516 1416 2548 Psal.
1437 2528 1501 2557 xxi,
1522 2526 1554 2558 2,
1574 2522 1606 2550 et
1623 2518 1741 2550 Manli.

361 2581 440 2611 xvn,
460 2570 511 2612 46.
541 2588 580 2593 —-
600 2569 614 2600 4
635 2573 724 2603 Rom.
745 2581 788 2612 w,
808 2570 840 2602 (3.
859 2588 899 2593 --
921 2568 935 2592 ⁵
953 2570 1034 2603 Psal.
1056 2581 1122 2611 xxi,
1147 2581 1260 2612 ¹7·¹9·
1806 2573 1815 2607 '³
