1856 3268
424 255 666 285 ENARRATio
700 259 742 286 nv
779 254 979 286 PsALMUM
1011 258 1100 284 cn.
1390 248 1442 285 17

61 333 190 368 nante
209 327 298 368 Deo
319 358 329 378 ,
355 322 410 367 ad
434 323 654 367 dexteram
681 323 748 367 sis.
776 326 918 368 Erunt
939 323 1053 367 enim
1076 322 1197 381 impii
1221 337 1369 367 omnes
1393 322 1448 367 ad

60 394 272 456 sinistram
294 414 304 452 3
323 402 452 438 erunt
469 402 615 437 autem
633 408 781 438 omnes
802 393 878 437 filii
896 392 1001 438 boni
1028 391 1082 436 ad
1106 392 1342 447 dexteram,
1356 394 1451 452 qui-

59 466 139 510 bus
172 465 341 510 dicetur
366 484 374 509 :
406 484 426 507 «
452 465 608 509 Venite
628 500 639 520 ,
672 464 893 509 benedicti
924 464 1061 508 Patris
1090 464 1199 518 mei,
1236 464 1447 523 percipite

61 554 81 577 »
117 550 300 594 regnum
335 533 456 594 quod
477 534 600 578 vobis
626 544 827 594 paratum
849 543 913 578 est
935 533 988 577 ab
1011 533 1178 592 origine
1200 533 1356 577 mundi
1371 535 1401 576 1.
1424 551 1446 575 η

63 609 116 651 Ut
136 615 280 650 autem
302 605 355 649 sis
379 605 434 649 ad
451 605 687 660 dexteram,
705 604 747 648 id
771 615 851 661 est,
878 613 927 648 ut
948 604 1081 664 possis
1103 604 1182 648 Dei
1204 603 1318 648 filius
1337 604 1446 660 fieri,

57 685 313 736 potestatem
337 675 552 735 accepisti.
567 678 707 728 Quam
723 677 1079 735 potestatem?De
1097 691 1183 735 qua
1198 675 1304 719 dicit
1322 677 1346 719 J
1351 690 1450 719 oan-

58 762 132 791 nes
150 765 159 791 z
190 765 210 788 «
232 746 361 790 Dedit
384 746 442 789 eis
464 755 722 804 potestatem
744 746 855 790 filios
874 746 951 790 Dei
972 746 1104 789 ssei-1².
1137 765 1154 787 »
1182 745 1308 790 Unde
1330 761 1453 790 acce-

58 818 157 878 pisti
178 818 290 861 hane
314 819 604 876 potestatem?
630 836 649 859 «
670 816 961 862 Credentibus
975 853 985 872 ,
1012 817 1156 877 inquit
1176 852 1187 873 ,
1212 817 1258 861 in
1277 819 1454 862 nomino

60 908 80 931 »
115 890 221 949 ejus.
252 907 271 929 »
296 888 338 933 Si
361 903 464 947 ergo
486 887 625 932 eredis
643 923 653 942 ,
680 888 770 948 ipsa
793 889 874 933 tibi
897 897 1087 948 potestas
1106 889 1207 933 data
1229 899 1308 945 est,
1330 898 1380 934 ut
1399 889 1454 934 sis

0 981 1 1003 z
57 959 170 1003 inter
197 958 307 1002 filios
343 958 434 1002 Dei.
480 961 583 1002 Esse
610 967 757 1002 autem
782 959 896 1003 inter
917 958 1029 1003 filios
1064 959 1172 1013 Dei,
1199 960 1284 1004 hoe
1306 970 1368 1004 est
1398 959 1455 1005 ad

58 1029 275 1074 dexteram
299 1029 528 1088 pertinere.
549 1030 664 1086 Ergo
681 1027 787 1071 fides
812 1038 907 1083 tua,
933 1044 1089 1072 manus
1111 1028 1301 1073 dexterae
1322 1039 1411 1074 tuae
1439 1049 1448 1075 :

57 1099 102 1143 id
124 1109 210 1154 est,
236 1108 424 1158 potestas
453 1114 551 1158 quae
574 1099 653 1142 tibi
683 1099 777 1142 data
800 1108 894 1153 est,
922 1109 972 1143 ut
1003 1099 1056 1142 sis
1085 1099 1200 1142 inter
1222 1099 1332 1144 filios
1356 1101 1449 1155 Dei,

56 1184 209 1214 manus
228 1178 290 1212 est
308 1168 494 1231 dffterae
513 1177 612 1212 tuae.
629 1167 713 1212 Sed
728 1168 835 1227 quid
852 1168 968 1213 valet
990 1169 1080 1228 ipsa
1096 1178 1301 1228 potestas,
1320 1187 1454 1231 quam

58 1239 222 1299 aceepit
240 1239 389 1291 homo,
415 1238 496 1281 nisi
521 1238 730 1282 Dominus
755 1241 984 1297 protegat?
1006 1241 1120 1283 Eece
1142 1239 1350 1296 credidit,
1364 1242 1457 1301 jam

57 1309 251 1354 ambulat
271 1309 317 1352 in
339 1307 425 1351 fide
449 1326 456 1352 :
482 1308 680 1351 infirmus
703 1317 766 1352 est
786 1343 797 1363 ,
823 1309 937 1351 inter
960 1310 1222 1353 tentationes
1245 1311 1449 1368 agitatur,

4 1394 7 1424 ε
55 1380 167 1424 inter
188 1378 426 1433 molestias,
452 1378 566 1421 inter
583 1377 775 1422 carnales
798 1378 1117 1438 corruptiones,
1138 1380 1254 1424 inter
1275 1397 1454 1440 sugges-

6 1467 7 1475 *
56 1451 194 1495 tiones
217 1448 481 1508 cupiditatis,
496 1448 610 1491 inter
631 1448 839 1492 versutias
863 1457 906 1492 et
932 1448 1112 1508 laqueos
1136 1449 1314 1494 inimici.
1334 1452 1453 1504 Quid

54 1521 171 1566 valet
184 1536 304 1579 ergo,
322 1519 424 1580 quia
442 1519 576 1562 habet
592 1527 865 1578 potestatem,
881 1528 924 1562 et
941 1519 1127 1563 eredidit
1149 1520 1194 1563 in
1208 1522 1449 1578 Christum,

55 1601 105 1636 ut
126 1592 180 1635 sit
201 1591 314 1634 inter
335 1589 445 1634 filios
466 1590 577 1633 Dei?
604 1591 676 1632 Vae
694 1589 861 1633 homini
883 1588 970 1643 illi,
992 1588 1075 1632 nisi
1098 1599 1141 1633 et
1158 1591 1291 1650 ipsius
1319 1592 1454 1637 fidem

55 1662 265 1707 Dominus
286 1669 487 1720 protegat
512 1678 520 1704 :
541 1659 586 1704 id
609 1669 687 1715 est,
705 1668 754 1704 ut
776 1675 866 1704 non
883 1669 926 1704 te
944 1660 1170 1719 permittat
1191 1663 1350 1707 tentari
1372 1680 1449 1709 su-

10 1741 13 1793 ξ
55 1749 132 1793 pra
166 1748 296 1792 quam
337 1741 454 1789 potes
486 1730 633 1787 feri-03
674 1731 785 1775 sieut
813 1730 918 1774 dicit
946 1731 1180 1790 Apostolus
1208 1752 1216 1777 :
1249 1735 1448 1782 «Fidelis

12 1823 13 1867 ss
58 1822 78 1845 »
113 1807 243 1858 Deus,
261 1803 438 1862 quinon
452 1817 526 1846 vos
546 1801 770 1860 permittet
791 1801 947 1845 tentari
969 1817 1096 1861 supra
1119 1819 1252 1862 quam
1266 1807 1446 1864 potestis

12 1875 15 1920 ξ
59 1893 78 1916 »
113 1873 225 1918 ferre
240 1875 271 1917 ³.
284 1894 300 1913 ν)
321 1872 399 1917 Ille
416 1888 519 1931 ergo
536 1873 612 1932 qui
638 1888 727 1916 non
748 1873 848 1916 sinit
870 1872 1027 1916 tentari
1045 1889 1173 1933 supra
1191 1892 1323 1935 quam
1340 1893 1445 1937 pos-

55 1959 201 1989 sumus
230 1943 370 1997 ferre,
410 1942 605 2002 quamvis
635 1942 725 2000 jam
761 1940 912 1985 fideles
945 1942 1102 1998 simus,
1129 1947 1326 2004 quamvis
1351 1949 1445 2007 jam

55 2030 207 2059 manus
229 2013 416 2057 dexterae
438 2021 596 2055 nostrae
618 2012 672 2055 sit
694 2012 738 2055 in
760 2011 900 2067 nobiS‚
927 2013 1116 2071 protegit
1137 2030 1215 2059 nos
1238 2019 1352 2062 Deus
1376 2035 1443 2063 su-

55 2101 131 2145 per
163 2099 343 2129 manum
376 2081 564 2126 dexterae
602 2091 774 2126 nostrae.
802 2085 901 2127 Non
923 2082 1049 2127 nobis
1085 2085 1246 2130 suffieit
1282 2088 1443 2134 habere

54 2171 232 2201 manum
255 2154 468 2209 dexterae,
500 2153 581 2197 nisi
603 2152 677 2197 ille
699 2162 742 2197 et
762 2153 900 2213 ipsam
925 2169 1105 2199 manum
1128 2155 1316 2203 dexterae
1336 2176 1441 2220 pro-

54 2236 184 2285 tegat.

18 2297 22 2360 ξ
111 2299 214 2341 XII.
240 2298 354 2339 Ecce
389 2294 474 2338 hoe
511 2292 566 2337 de
602 2293 916 2338 tentationibus
937 2293 1025 2337 dixi
1052 2296 1299 2343 :intendite
1332 2302 1442 2362 quid

20 2363 23 2435 i
55 2376 276 2427 sequatur.
308 2384 327 2407 «
353 2368 556 2422 Protegat
584 2372 626 2407 te
648 2364 857 2408 Dominus
889 2379 1017 2423 super
1041 2380 1222 2411 manum
1250 2368 1439 2418 dexterae

21 2445 24 2495 1
60 2458 78 2480 »
113 2447 214 2482 tuae.
246 2456 263 2478 »
285 2435 379 2479 Dixi
403 2454 412 2479 ι
433 2444 475 2479 et
496 2433 646 2494 (quod
666 2434 884 2492 arbitror)
904 2437 1226 2494 recognovistis.
1255 2441 1298 2485 Si
1321 2444 1439 2490 enim.

22 2504 25 2532 ι

56 2525 143 2554 non
160 2505 531 2565 recognovissetis,
557 2514 600 2548 et
616 2505 670 2548 de
694 2505 924 2564 Scripturis
947 2522 1036 2551 non
1064 2513 1433 2575 recognovissetis,

104 2592 239 2626 ¹1t1atth.
257 2601 334 2632 xxv,
355 2588 407 2631 34.
429 2605 466 2611 -
487 2594 500 2611 ²
518 2590 657 2629 Joan.1‚
680 2597 729 2620 12.
749 2605 790 2610 -—
814 2587 827 2612 3
846 2600 857 2621 1
879 2592 951 2622 Cor.
968 2601 1000 2633 x,
1028 2591 1077 2624 13.

241 2655 364 2686 cxix.
883 2686 886 2689 ,
1221 2648 1246 2688 2
