1815 3253
331 240 414 278 422
741 246 776 277 s.
813 247 1043 276 Aucus-rm!
1075 247 1254 278 nuscum

331 333 352 356 »
386 315 430 357 in
449 321 637 356 extrema
660 311 788 355 maris
804 330 849 369 3»
866 311 911 355 id
932 320 1017 367 est,
1038 320 1089 355 ut
1109 326 1184 371 spe
1203 311 1399 356 habitem
1413 312 1460 356 in
1479 312 1612 356 finem
1626 321 1708 355 336-
1760 337 1761 344 1

328 384 417 429 culi
432 418 443 433 ,
468 401 489 425 1(
515 383 689 426 Etenim
710 380 814 426 illuc
843 396 998 425 manus
1019 389 1094 425 tua
1114 379 1303 425 deducet
1323 394 1416 436 me,
1437 389 1480 424 et
1500 380 1711 440 perducet

331 471 352 495 »
387 468 457 497 me
475 452 649 497 dextera
672 461 748 496 tua
764 453 794 494 ¹.
815 451 965 494 Exime
986 465 1056 494 me
1072 448 1127 495 de
1143 449 1327 495 inimicis
1348 450 1455 494 meis
1468 484 1479 506 ‚
1501 450 1709 510 quoniam
1760 471 1762 504 3
1800 507 1807 515 Ἰ

329 541 352 566 »
387 523 443 568 ad
464 532 506 567 te
528 520 736 579 confugi,
758 520 955 565 Domine.
985 537 1006 562 »

385 597 561 639 XVII.«
582 596 697 637 Doce
717 607 787 636 me
803 601 853 636 ut
870 590 1024 636 faciam
1040 590 1312 636 voluntatem
1331 597 1449 635 tuam
1469 610 1480 648 3
1502 590 1711 651 quoniam
1762 596 1763 644 ἶ

330 682 352 706 »
386 674 438 708 tu
458 679 501 707 es
524 667 638 707 Deus
660 677 782 705 meus
793 665 825 705 2.
839 679 860 703 »
882 662 920 706 Ο
937 660 1171 716 confessio,
1192 675 1217 705 o
1233 660 1500 720 praescriptio
1517 660 1526 704 i
1543 679 1563 702 «
1587 662 1710 713 Quo-

331 752 351 775 »
386 734 503 777 niam
527 741 575 776 tu
592 747 657 787 63,
681 731 826 791 inquit
841 766 852 786 ‚
877 734 991 775 Deus
1012 744 1150 775 meus.
1178 747 1198 771 »
1220 729 1288 774 Ad
1305 729 1438 773 alium
1456 742 1627 774 curram
1649 743 1711 772 re·
1764 771 1765 786 χ

329 804 418 858 fici,
449 804 481 846 si
506 802 560 846 ab
587 801 671 846 alio
687 801 830 846 factus
844 816 956 845 sum.
981 803 1048 845 Tu
1065 815 1110 844 es
1122 808 1265 844 totum
1279 806 1427 843 meum
1448 820 1459 857 3
1486 818 1507 842 «
1531 800 1640 853 Quia
1662 808 1712 843 tu
1763 794 1765 843 ζ

331 892 352 916 »
388 889 431 917 es
454 876 568 917 Deus
587 887 723 916 meus.
748 889 769 913 »
795 875 966 916 Patrem
984 886 1177 931 quaeram
1194 880 1369 930 propter
1384 870 1712 915 haereditatem?
1764 885 1765 920 ἦ

330 963 352 987 «
388 947 453 988 Tu
475 959 518 986 es
542 946 656 987 Deus
685 957 832 996 meus,
851 959 871 984 »
891 957 981 986 non
1003 942 1144 986 solum
1175 941 1300 986 dator
1322 941 1583 985 haereditatis
1600 977 1611 996 ‚
1636 940 1712 985 sed
1764 934 1765 984 ἶ

326 1015 419 1074 ipsa
443 1012 672 1058 haereditas
699 1031 708 1057 :
733 1031 753 1054 (t
777 1013 987 1056 Dominus
1008 1027 1105 1071 pars
1127 1011 1389 1056 haereditatis
1409 1012 1558 1055 1116363.
1582 1029 1601 1052 n
1622 1014 1712 1055 Do-
1764 1064 1765 1068 Ἰ

326 1087 497 1130 minum
530 1099 724 1143 quaeram
754 1095 932 1143 propter
965 1083 1342 1142 redemptionem?
1381 1101 1401 1125 «
1427 1085 1492 1126 Tu
1529 1098 1572 1126 es
1600 1086 1713 1127 Deus
1765 1090 1767 1135 ζ

330 1173 351 1197 »
386 1170 557 1199 meus.»
584 1157 822 1197 Patronum
838 1167 1031 1213 quaeram
1053 1161 1230 1212 propter
1252 1152 1584 1197 liberationem?
1605 1171 1626 1194 «
1648 1155 1714 1196 Tu
1766 1167 1767 1173 ¹
1800 1142 1813 1183 '³'

328 1245 350 1268 »
386 1241 430 1270 es
454 1229 566 1269 Deus
589 1239 761 1268 meus.»
788 1227 1011 1268 Postremo
1028 1233 1196 1268 creatus
1217 1224 1401 1267 recreari
1423 1224 1586 1282 cupio?
1605 1242 1624 1265 α
1649 1227 1714 1268 Tu

327 1315 348 1338 »
385 1311 428 1339 es
454 1298 567 1339 Deus
588 1309 711 1338 meus
727 1328 738 1349 ,
759 1311 779 1334 »
811 1294 887 1353 qui
908 1295 1088 1338 Creator
1113 1308 1258 1347 meus,
1280 1293 1355 1352 qui
1373 1293 1522 1337 creasti
1545 1308 1616 1336 me
1637 1309 1713 1353 per
1766 1318 1768 1354 i

326 1366 521 1412 Verbum
546 1374 693 1419 tuum⁷
723 1373 766 1407 et
788 1364 989 1408 recreasti
1016 1379 1086 1408 me
1109 1379 1187 1423 per
1204 1364 1415 1409 Verbum.
1444 1364 1527 1409 Sed
1560 1365 1714 1408 creasti
1766 1363 1769 1411 ἶ
1813 1368 1815 1372 ”

327 1452 397 1480 1116
418 1451 496 1495 per
518 1435 712 1479 Verbum
737 1437 876 1478 Deum
897 1444 1146 1478 manentem
1167 1435 1284 1494 apud
1310 1443 1352 1478 te
1375 1455 1386 1492 3
1417 1435 1615 1478 recreasti
1637 1450 1714 1493 per
1768 1453 1769 1470 ³

328 1507 525 1552 Verbum
559 1520 737 1550 carnem
758 1503 923 1549 factum
945 1517 1123 1565 propter
1144 1521 1236 1550 nos.
1266 1525 1284 1547 (ι
1310 1508 1426 1549 Doce
1440 1520 1543 1564 ergo
1565 1520 1636 1548 me
1664 1514 1714 1549 ut
1768 1550 1770 1567 ἱ

330 1596 351 1619 »
387 1576 543 1621 faciam
564 1574 836 1619 voluntatem
862 1583 1007 1632 tuam3
1031 1575 1237 1634 quoniam
1256 1584 1304 1618 tu
1324 1590 1367 1618 es
1388 1578 1502 1619 Deus
1524 1589 1660 1618 meus.
1689 1593 1710 1615 »
1767 1572 1770 1598 ⁷

331 1648 374 1692 Si
391 1662 480 1691 non
503 1661 572 1689 1116
589 1645 788 1689 docueris
805 1679 816 1699 ‚
841 1643 999 1689 faciam
1016 1644 1286 1689 voluntatem
1306 1660 1445 1689 meam
1459 1680 1469 1700 ,
1487 1654 1531 1689 et
1551 1644 1718 1689 deseret
1768 1669 1771 1682 ι
1794 1664 1815 1680 m

303 1744 308 1750 -
328 1733 399 1762 me
420 1721 535 1761 Deus
563 1731 700 1759 meus.
730 1734 750 1757 «
775 1718 890 1760 Doce
921 1730 992 1760 me
1025 1725 1076 1759 ut
1097 1715 1251 1759 faciam
1270 1714 1540 1759 voluntatem
1562 1724 1682 1759 tuam
1703 1736 1715 1774 3
1769 1717 1771 1732 ⁴

333 1806 353 1830 »
389 1788 595 1847 quoniam
616 1796 666 1830 tu
688 1801 731 1830 es
763 1788 876 1830 Deus
896 1801 1031 1830 meus.
1058 1789 1173 1830 Doce
1194 1801 1279 1829 me.
1304 1803 1323 1826 »
1352 1786 1451 1830 Non
1468 1785 1584 1829 enim
1609 1795 1657 1830 tu
1673 1800 1718 1830 es
1768 1838 1771 1847 A

331 1862 446 1903 Deus
468 1873 605 1911 meus,
626 1866 670 1900 et
692 1871 772 1914 ego
793 1871 868 1900 ero
889 1856 1092 1915 magister
1113 1871 1249 1900 meus.
1268 1855 1423 1899 Videte
1440 1855 1718 1915 quemadmo-
1770 1883 1771 1889 =

329 1929 438 1972 dum
457 1927 593 1986 gratia
615 1924 964 1970 commendetur.
986 1928 1078 1970 Hoc
1092 1934 1253 1980 tenete,
1279 1926 1363 1970 hoc
1384 1925 1608 1979 imbibite,
1632 1927 1716 1971 hoc

328 2000 452 2044 vobis
468 1999 522 2042 de
544 1998 676 2042 corde
691 1996 839 2041 nullus
861 1997 1076 2042 excutiat:
1093 2012 1149 2041 ne
1163 1996 1356 2040 habeatis
1373 1995 1514 2039 zelum
1533 1997 1623 2051 Dei,
1641 1997 1717 2041 sed
1770 2026 1771 2034 1

329 2085 420 2114 non
437 2068 680 2113 secundum
697 2067 920 2112 scientiam
948 2085 958 2112 z
978 2083 1033 2111 ne
1047 2067 1295 2125 ignorantes
1315 2066 1393 2110 Dei
1408 2066 1620 2125 justitiam
1637 2101 1648 2121 ‚
1674 2075 1716 2110 et

329 2149 515 2184 vestram
536 2138 731 2183 volentes
754 2138 1016 2182 constituere
1030 2137 1046 2161 ⁴
1063 2171 1074 2191 ‚
1089 2136 1269 2195 justitiae
1290 2135 1368 2179 Dei
1389 2151 1479 2180 non
1499 2136 1588 2180 sitis
1608 2136 1716 2180 sub-

324 2210 444 2268 jecti.
483 2207 627 2251 Verba
657 2216 774 2251 certe
800 2206 996 2266 Apostoli
1024 2205 1266 2263 agnoscitis.
1307 2205 1444 2250 Dicite
1474 2221 1576 2265 ergo
1597 2207 1678 2251 ista
1703 2226 1712 2252 ε
1772 2222 1774 2242 2

334 2297 355 2320 «
386 2282 501 2322 Doce
529 2292 600 2321 me
626 2286 677 2320 ut
708 2274 867 2321 faciam
897 2275 1169 2321 voluntatem
1191 2284 1341 2334 tuam3
1374 2276 1584 2336 quoniam
1605 2285 1654 2320 tu
1673 2291 1717 2320 es

333 2366 353 2390 »
390 2350 504 2392 Deus
526 2362 662 2391 meus.
696 2364 717 2387 ))
1772 2345 1775 2358 '

387 2419 582 2461 XVIII.«
597 2417 779 2476 Spiritus
793 2424 895 2460 tuus
913 2415 1055 2460 bonus
1068 2449 1080 2471 ,
1102 2433 1123 2457 »
1148 2430 1238 2460 non
1253 2429 1375 2459 meus
1395 2414 1534 2459 malus
1554 2433 1563 2460 ε
1582 2434 1601 2456 «
1619 2415 1716 2474 Spi-
1772 2469 1778 2481 ,

332 2506 352 2529 »
386 2489 493 2532 ritus
522 2497 621 2531 tuus
643 2487 784 2531 bonus
806 2485 996 2531 deducet
1017 2500 1086 2529 me
1107 2486 1152 2529 in
1181 2494 1343 2530 terram
1359 2494 1536 2529 rectam.
1558 2503 1578 2526 »
1603 2485 1713 2538 Quia
1772 2484 1778 2496 ⁴

378 2579 386 2594 ¹
415 2572 495 2604 Psal.
519 2583 669 2613 cxxxvlii,
689 2582 784 2613 7-10.
800 2588 841 2595 —-
857 2578 870 2594 ²
889 2571 938 2605 Id.
956 2580 1053 2612 extu,
1074 2581 1125 2604 10.
1142 2586 1183 2594 -·
1202 2567 1277 2603 ³1d.
1298 2579 1354 2610 xv,
1372 2569 1401 2602 5.
1424 2585 1467 2592 --
1485 2567 1502 2599 lo
1520 2571 1611 2602 Rom.
1627 2580 1660 2611 x,
1677 2578 1710 2602 2.
1774 2580 1775 2617 ᾗ
