1815 3253
351 239 433 277 508
782 246 816 276 s.
851 246 1084 276 Auens‘nm
1117 248 1298 276 Errscom

348 333 369 357 ›»
404 315 495 374 ejus
530 328 618 358 non
650 322 714 358 est
748 329 971 359 numerus.
1011 332 1031 356 »
1068 312 1251 358 Excedit
1280 326 1429 358 omnes
1464 311 1733 356 numerarios

345 384 631 443 intelligentia
661 386 772 444 ejus,
803 385 1021 429 numerari
1054 400 1078 428 a
1106 383 1230 428 nobis
1265 399 1356 428 non
1388 390 1545 441 potest.
1585 385 1732 441 Ipsum
1774 388 1775 394 ’

346 470 581 499 numerum
604 455 700 515 quis
721 457 947 499 numerat?
964 457 1154 500 Numero
1179 461 1480 507 numerantur,
1506 467 1734 512 quaecum-

346 541 434 586 que
463 536 763 570 numerantur.
799 526 841 571 Si
874 524 1091 586 quidquid
1119 533 1398 579 numeratur,
1436 538 1618 567 numero
1649 539 1734 567 nu-

347 605 567 654 moratur,
591 596 762 640 numeri
779 612 868 640 non
887 604 1028 655 potest
1050 610 1139 639 esse
1158 610 1364 639 numerus
1379 630 1390 650 ,
1411 593 1632 638 numerari
1649 609 1735 638 nu-

347 682 493 711 merus
529 667 653 712 nullo
688 676 816 726 pacto
850 676 1006 726 potest.
1043 667 1160 720 Quid
1193 682 1296 725 ergo
1328 675 1391 710 est
1422 664 1538 725 apud
1566 668 1732 720 Deum,

347 736 467 781 unde
484 736 587 782 fecit
608 738 769 792 omnia,
795 747 838 782 et
860 738 938 782 ubi
955 736 1058 782 fecit
1075 737 1243 792 omnia,
1270 737 1341 782 cui
1362 736 1521 781 dicitur
1547 755 1556 781 ε
1579 736 1606 779 ’«
1631 737 1738 780 Om-
1778 774 1779 778 ,

351 825 372 850 »
407 808 478 851 nia
501 808 547 851 in
573 823 774 852 mensura
797 817 840 853 et
869 823 1052 853 numero
1076 817 1118 852 et
1145 807 1338 868 pondere
1366 807 1610 866 disposuisti
1640 808 1683 850 1?
1714 824 1734 847 »

347 881 438 922 Aut
460 878 556 937 quis
577 878 715 937 ipsam
738 893 1003 933 mensuram,
1029 887 1072 922 et
1091 879 1233 938 ipsum
1256 892 1511 932 numerum,
1532 886 1575 921 et
1596 877 1739 936 ipsum
1780 898 1781 917 ι

348 948 537 1008 pondus,
556 949 634 992 ubi
661 951 774 993 Deus
798 950 940 994 omnia
970 948 1205 1008 disposuit,
1229 958 1303 993 aut
1322 963 1551 992 numerare
1568 955 1735 1006 potest,
1780 958 1781 985 Ξ

348 1028 424 1063 aut
441 1019 581 1063 metiri
598 1054 608 1074 ,
631 1029 705 1064 aut
723 1020 999 1080 appendere?
1016 1024 1147 1078 Ergo,
1177 1039 1198 1062 ‹<
1224 1018 1528 1077 Intelligentiae
1545 1019 1635 1078 ejus
1650 1033 1739 1061 non
1782 1043 1783 1072 ᾗ

351 1107 370 1131 »
406 1098 469 1133 est
491 1105 715 1134 numerus.
751 1108 771 1130 »
797 1091 1102 1135 Conticescant
1126 1091 1329 1134 humanae
1360 1105 1513 1144 voces,
1548 1088 1740 1148 requies-
1782 1113 1785 1151 }
1811 1087 1815 1095 ¹

348 1169 450 1204 cant
470 1161 676 1204 humanae
697 1162 981 1220 cogitationes
1008 1181 1016 1206 :
1043 1162 1098 1206 ad
1118 1158 1570 1221 incomprehensibilia
1589 1175 1679 1203 non
1695 1175 1740 1203 se

350 1230 587 1274 extendant
615 1232 739 1290 quasi
771 1232 1147 1291 comprehensuri,
1174 1230 1250 1275 sed
1272 1240 1480 1290 tanquam
1507 1230 1740 1289 participa-

307 1296 312 1304 ’
351 1301 438 1345 turi
482 1320 490 1345 :
521 1300 750 1360 participes
783 1302 900 1346 enim
932 1302 1106 1346 erimus.
1144 1304 1242 1347 Non
1273 1302 1357 1345 hoc
1392 1300 1513 1361 quod
1548 1301 1742 1361 capimus
1802 1351 1805 1358 Ι

351 1372 526 1427 erimus,
549 1388 629 1416 nec
651 1382 789 1417 totum
805 1373 1023 1433 capiemus
1049 1392 1058 1418 :
1084 1371 1160 1417 sed
1181 1373 1410 1432 participes
1431 1373 1591 1417 erimus
1607 1394 1619 1430 3
1638 1373 1740 1433 quia
1784 1361 1787 1425 ἶ

351 1442 518 1487 dictum
549 1452 613 1487 est
649 1444 704 1487 de
745 1444 982 1487 Jerusalem
1005 1479 1016 1498 ,
1054 1445 1176 1504 cujus
1209 1443 1496 1503 dispersiones
1541 1443 1736 1502 colligit,
1785 1432 1787 1446 ὲ

351 1512 518 1558 dictum
541 1524 605 1558 est
635 1514 689 1558 de
716 1514 790 1559 illa
812 1513 1024 1575 quiddam
1045 1530 1255 1574 magnum
1288 1534 1296 1559 :
1330 1533 1350 1557 «
1380 1513 1619 1559 Jerusalem
1640 1529 1740 1574 quae
1786 1526 1789 1550 i
1814 1518 1815 1521 ’

354 1602 375 1627 »
410 1584 651 1630 aedificatur
683 1594 732 1629 ut
759 1586 907 1630 civitas
925 1621 936 1641 ‚
972 1587 1095 1646 cujus
1126 1585 1400 1645 participatio
1430 1587 1523 1646 ejus
1552 1586 1595 1628 in
1624 1584 1739 1644 idip-
1787 1602 1789 1612 ³

354 1672 374 1696 »
409 1670 506 1699 sum
544 1658 576 1699 2.
611 1659 662 1700 In
704 1655 922 1715 idipsum,
961 1674 981 1698 »
1016 1655 1124 1716 quid
1153 1656 1212 1700 ait
1258 1675 1266 1700 :
1313 1655 1394 1699 nisi
1428 1654 1549 1715 quod
1580 1655 1740 1699 mutari

350 1741 441 1770 non
473 1728 648 1785 potest?
685 1728 852 1772 Caetera
890 1742 990 1787 quae
1023 1737 1127 1772 sunt
1171 1735 1339 1781 creata,
1378 1724 1502 1770 aliter
1534 1735 1577 1770 et
1616 1726 1740 1770 aliter

350 1806 532 1856 possunt
556 1813 645 1842 esse
672 1817 681 1842 ε
707 1798 782 1857 qui
802 1807 948 1842 autem
971 1798 1154 1854 creavit,
1181 1797 1305 1842 aliter
1326 1807 1370 1842 et
1402 1797 1524 1842 aliter
1546 1813 1635 1842 non
1655 1812 1738 1856 po-
1789 1817 1791 1827 ·

354 1876 434 1911 test
473 1883 577 1912 esse.
617 1867 812 1927 Idipsum
847 1883 950 1927 ergo
992 1868 1066 1912 ille
1099 1877 1186 1922 est,
1225 1867 1436 1927 quoniam
1471 1867 1639 1912 dictum
1676 1877 1740 1912 est

350 1939 388 1982 ei
432 1957 441 1983 :
487 1957 507 1980 «
540 1939 730 1983 Mutabis
771 1954 851 1993 ea,
901 1948 944 1983 et
978 1939 1305 1996 mutabuntur3
1350 1947 1399 1982 tu
1433 1947 1579 1982 autem
1624 1937 1739 1982 idem

353 2027 373 2050 »
408 2006 505 2068 ipse‘
535 2024 603 2064 es,
641 2018 684 2053 et
720 2009 822 2053 anni
847 2009 911 2053 tui
946 2025 1037 2054 non
1076 2008 1326 2054 deficient3.
1362 2026 1382 2049 »
1417 2009 1555 2066 Igitur
1591 2008 1626 2052 si
1648 2009 1739 2068 ipse

350 2079 467 2123 idem
498 2079 590 2139 ipse
625 2089 711 2134 est,
751 2089 794 2124 et
828 2080 988 2124 mutari
1023 2095 1073 2123 ex
1106 2078 1227 2123 nulla
1254 2087 1375 2138 parte
1407 2087 1574 2137 potest,
1609 2080 1740 2139 parti·

350 2149 535 2208 cipando
569 2151 658 2210 ejus
685 2150 963 2195 Divinitatem
1000 2150 1159 2193 erimus
1188 2158 1231 2192 et
1273 2164 1351 2192 nos
1386 2149 1652 2193 immortales
1693 2150 1764 2193 in‘

349 2220 483 2263 vitam
505 2229 727 2264 aeternam.
755 2224 811 2264 Et
837 2221 921 2264 hoc
951 2221 1076 2264 nobis
1098 2221 1256 2279 pignus
1279 2221 1430 2264 datum
1453 2229 1517 2264 est
1543 2219 1597 2264 de
1627 2220 1739 2266 Filio

350 2290 453 2346 Dei,
484 2291 605 2350 quod
621 2291 710 2350 jam
733 2289 819 2334 dixi
847 2290 1070 2335 Sanctitati
1098 2293 1284 2345 Vestrae,
1309 2299 1360 2334 ut
1386 2300 1620 2351 antequam
1643 2292 1738 2335 essi-
1796 2286 1799 2319 ἶ

351 2376 547 2405 ceremur
569 2361 796 2420 participes
823 2360 1158 2404 immortalitatis
1185 2361 1339 2420 ipsius,
1367 2362 1489 2405 fieret
1510 2362 1598 2421 ipsc
1620 2362 1738 2421 prius
1796 2361 1815 2386 '²

351 2431 563 2491 particeps
590 2430 863 2475 mortalitatis
896 2440 1071 2475 nostrae.
1107 2431 1227 2475 Sicut
1255 2440 1400 2474 autem
1422 2430 1495 2474 ille
1517 2432 1733 2488 mortalis,
1798 2435 1799 2457 ³

351 2517 441 2546 non
458 2501 512 2545 de
531 2516 607 2545 sua
629 2501 885 2557 substantia,
906 2501 980 2545 sed
1004 2500 1058 2546 de
1079 2510 1226 2546 nostra
1247 2520 1255 2546 :
1281 2502 1339 2545 sic
1358 2517 1434 2546 nos
1453 2501 1732 2556 immortales,

399 2593 407 2610 ¹
428 2588 501 2629 Sap.
522 2597 566 2630 xi,
587 2596 639 2620 21.
662 2604 703 2610 —-
723 2594 735 2611 ²
762 2586 843 2622 Psal.
868 2598 954 2628 exin,
975 2586 1005 2619 3.
1027 2602 1067 2609 -
1090 2584 1102 2610 3
1123 2587 1168 2620 Id.
1186 2597 1228 2630 ct,
1247 2594 1302 2628 27,
1326 2586 1379 2619 28.
