1815 3253
355 187 438 226 246
798 196 831 225 S.
867 197 1096 228 Anevsnm
1126 200 1307 227 EPISCOPI

354 265 459 319 hus,
483 262 604 324 quod
618 263 723 309 boni
747 261 912 323 aliquid
931 263 1238 323 interpretetur
1257 298 1268 320 ,
1298 263 1376 308 ubi
1397 265 1586 309 exercuit
1614 266 1728 309 Deus

354 335 462 378 iram
485 349 620 379 suam.

413 407 513 449 XX.
552 423 573 447 «
604 404 818 449 Percussit
849 413 996 463 gentes
1032 403 1211 460 multas,
1239 414 1283 449 et
1305 404 1463 450 occidit
1495 420 1614 464 reges
1642 405 1732 449 for-

359 493 380 517 »
415 483 494 518 tes.
530 493 549 515 »
576 474 654 519 Dic
676 490 784 534 quos
812 489 933 532 reges
969 483 1012 517 et
1040 489 1146 533 quas
1187 476 1363 532 gentes?
1388 493 1408 517 «
1446 477 1557 519 Seon
1589 489 1731 532 regem

359 562 379 585 »
415 545 809 589 Amorrhaeorum1.
843 561 864 584 »
900 541 1060 587 Audite
1091 545 1264 588 nomina
1293 544 1467 602 gravida
1488 553 1731 588 sacramen-

355 615 424 658 tis.
458 633 478 656 «
509 617 620 658 Seon
646 628 789 671 regem
804 647 815 668 ,
845 612 988 672 inquit
1003 647 1014 667 ,
1045 614 1397 657 Amorrhaeorum
1418 613 1588 657 occidit.
1612 631 1632 654 »
1653 614 1734 657 Oc-

358 684 463 728 cidit
474 684 601 743 planc
623 703 631 727 :
651 692 695 727 et
716 697 834 726 nunc
856 681 1026 726 occidat
1046 681 1283 727 acordibus
1299 698 1521 726 servorum,
1537 697 1731 738 suorum,

357 763 401 798 et
422 770 445 797 a
466 753 778 797 tentationibus
805 751 1009 796 Ecclesiae
1045 767 1159 806 suae,
1195 768 1275 796 nec
1297 761 1431 797 cesset
1458 768 1610 796 manus
1646 753 1736 811 ejus

357 823 404 866 in
426 821 673 867 occidendis
705 821 864 865 talibus
892 822 1064 880 regibus
1091 831 1134 867 et
1165 822 1324 866 talibus
1352 821 1524 882 populis
1562 839 1570 863 :
1598 823 1736 865 inter-

358 901 587 952 pretantur
608 892 723 935 enim
740 894 852 935 Seon
868 926 879 946 ,
907 892 1104 935 Tentatio
1122 891 1373 949 oculorum,
1404 892 1644 936 Amorrhaei
1670 892 1738 934 in-

357 971 646 1021 terpretatur,
672 961 981 1005 Amaricantes.
1024 963 1121 1005 Jam
1154 962 1225 1006 hic
1261 961 1404 1006 videte
1433 963 1466 1006 si
1498 961 1738 1020 intelligere

356 1047 584 1092 possumus
607 1031 830 1091 quomodo
848 1032 1128 1075 amaricantes
1150 1047 1293 1090 regem
1315 1033 1505 1075 habeant
1535 1032 1739 1075 tentatio-

356 1118 456 1146 nem
492 1101 734 1146 oculorum.
764 1102 962 1146 Tentatio
995 1100 1224 1146 oculorum
1245 1117 1334 1146 non
1361 1111 1424 1146 est
1454 1102 1535 1146 nisi
1557 1101 1738 1145 menda-

357 1174 474 1218 cium
501 1190 509 1216 :
545 1171 734 1216 colorem
762 1171 923 1227 habet,
952 1173 1178 1216 veritatem
1211 1188 1301 1216 non
1329 1169 1474 1216 habet.
1507 1174 1602 1215 Jam
1633 1171 1741 1231 quid

356 1245 517 1287 mirum
539 1251 629 1297 est,
655 1242 688 1285 si
704 1243 984 1286 amaricantes
1003 1241 1135 1285 talem
1157 1242 1346 1285 habeant
1365 1258 1531 1301 regem,
1557 1241 1740 1285 menda·-

356 1329 450 1357 cem
468 1328 613 1371 regem
631 1314 648 1354 ἱ)
665 1313 754 1357 Nisi
767 1313 880 1355 enim
900 1310 1177 1355 mendacium
1198 1320 1241 1355 et
1258 1312 1474 1355 simulatio
1495 1311 1738 1371 praecedat,

358 1398 450 1427 non
471 1392 573 1426 sunt
587 1382 868 1426 amaricantes
894 1381 938 1424 in
960 1380 1150 1425 Ecclesia
1177 1400 1186 1425 z
1215 1381 1317 1424 inde
1341 1381 1457 1424 enim
1483 1380 1740 1434 amaricant,

359 1453 462 1514 quia
490 1453 677 1510 fingunt.
704 1449 917 1495 Praecedit
932 1451 1114 1494 tentatio
1140 1450 1390 1505 oculorum,
1417 1450 1662 1494 amaricatio
1679 1465 1744 1494 se-

359 1524 510 1584 quitur
534 1542 543 1567 :
569 1532 612 1567 et
632 1522 678 1566 in
701 1523 794 1581 ipso
816 1520 990 1565 diabolo
1012 1522 1241 1580 praecessit.
1265 1525 1373 1567 Nam
1396 1517 1576 1565 tentatio
1599 1520 1746 1566 oculo-

359 1609 460 1638 rum
482 1603 566 1648 est‚
589 1612 609 1635 «
636 1591 766 1646 Quod
786 1593 1066 1650 transfigurat
1090 1607 1134 1635 se
1154 1591 1275 1636 velut
1302 1591 1506 1650 angelum
1527 1592 1696 1635 lucis2?
1720 1609 1740 1632 n

359 1663 543 1707 Occidat
555 1678 709 1706 manus
723 1662 895 1706 Domini
913 1671 955 1704 et
967 1661 1091 1704 illum
1114 1661 1288 1717 etillos3
1304 1661 1446 1716 illum,
1461 1676 1516 1704 ne
1537 1660 1743 1717 inducat,
1774 1651 1775 1664 ³

360 1733 456 1777 illos
480 1742 529 1777 ut
545 1733 831 1790 corrigantur.
852 1731 1025 1775 Etenim
1043 1731 1087 1774 in
1106 1746 1373 1795 unoquoque
1387 1732 1563 1775 homine
1585 1730 1747 1775 occidi-

360 1811 432 1846 tur
456 1801 529 1845 ille
549 1817 621 1845 rex
639 1835 649 1856 ,
674 1800 852 1861 quando
870 1800 1048 1844 damnat
1069 1799 1389 1844 simulationem
1416 1835 1426 1855 ,
1451 1809 1495 1844 et
1513 1799 1653 1858 diligit
1668 1815 1746 1843 ve-

361 1874 551 1917 ritatem.
577 1875 733 1917 Manus
756 1872 832 1915 Dci
854 1887 944 1915 non
973 1871 1157 1930 quiescit
1182 1870 1227 1914 id
1248 1886 1386 1928 agere.
1409 1874 1517 1916 Nam
1535 1870 1748 1930 quemad-

361 1943 545 1988 modum
567 1944 655 2001 egit
677 1943 730 1986 ad
759 1942 951 1987 litteram
974 1950 1079 1986 tunc
1097 1977 1108 1996 ‚
1143 1942 1202 1985 sic
1224 1943 1310 2001 agit
1332 1957 1448 1986 nunc
1474 1940 1743 2000 spiritaliter,
1773 1959 1775 1962 ·

360 2024 410 2057 ut
446 2012 630 2072 impleat
663 2012 783 2072 quod
812 2022 917 2055 tunc
950 2012 1200 2072 prophetice
1221 2011 1545 2071 praenuntiavit.
1578 2010 1775 2067 Occidit:
1805 2024 1815 2052 a

359 2085 489 2127 etiam
506 2082 639 2126 alium
663 2097 808 2140 regem
824 2090 866 2126 ct
887 2081 1020 2125 alium
1042 2080 1256 2141 populum
1279 2083 1385 2140 ejus.
1405 2100 1425 2123 «
1446 2083 1502 2125 Et
1518 2083 1584 2139 Og
1602 2095 1747 2140 regem

362 2171 382 2194 »
419 2155 571 2196 Basan.
596 2170 615 2192 »
636 2155 707 2211 Et
729 2151 796 2195 liic
827 2166 960 2210 quam
985 2150 1148 2194 malus?
1173 2152 1239 2209 Og
1264 2151 1599 2209 interpretatur,
1642 2165 1750 2206 con-

358 2221 495 2266 clusio
517 2241 525 2266 :
548 2224 688 2265 Basan
704 2223 1036 2280 interpretatur,
1056 2219 1281 2265 Confusio.
1309 2221 1448 2265 Malus
1465 2230 1530 2265 est
1551 2236 1626 2264 rex
1642 2220 1716 2263 ille
1733 2254 1745 2274 ,
1764 2219 1765 2223 ’

360 2292 437 2351 qui
463 2289 718 2335 intercludit
746 2290 860 2335 viam
884 2290 939 2333 ad
962 2293 1116 2334 Deum.
1143 2292 1236 2334 Hoc
1259 2291 1375 2333 enim
1404 2290 1492 2348 agit
1521 2288 1744 2344 diabolus,

358 2377 527 2422 semper
547 2350 816 2420 opponendo
850 2360 1056 2418 figmenta
1079 2375 1180 2415 sua,
1205 2359 1468 2420 opponendo
1497 2358 1612 2404 idola
1644 2374 1744 2414 sua,

1800 339 1815 441 ἷ-ἶ-’ἼΞ
1799 267 1815 312 -ἓ

1800 463 1815 790 &wa—3*

1801 824 1815 859 :Z

1801 901 1815 1001 ›zu-„3

1802 1042 1815 1086 '’S'-

1803 1112 1815 1141 ,ὃ

412 2463 421 2480 ¹
448 2456 531 2488 Psal.
552 2467 680 2496 cxxxiv,
700 2467 751 2497 10,
774 2467 824 2487 11.
845 2473 887 2478 —
909 2463 918 2477 ²
935 2465 953 2488 2
969 2458 1040 2488 Cor.
1062 2467 1108 2495 xi,
1133 2454 1182 2496 14.
1756 2469 1761 2675 ἱ

1799 2509 1815 2539 li
