1815 3253
0 335 4 366 ι
21 312 24 364 i

432 246 675 277 ENARRATIO
707 249 752 276 m
785 245 988 276 PsALMUM
1019 248 1148 275 cxxv.
1403 234 1482 272 101

103 316 182 364 sibi
202 330 302 360 eum
332 315 520 360 tenuisse
548 313 777 358 dimidium
791 349 801 368 ,
827 328 916 357 non
938 321 987 356 ut
1009 313 1192 357 haberet
1213 309 1333 371 quod
1353 308 1490 371 possi-

104 389 240 442 deret,
256 386 328 431 sed
344 396 394 430 ut
411 387 590 430 haberet
608 384 725 429 unde
743 384 888 429 debita
914 385 1128 429 redderet.
1151 386 1311 442 Magna
1333 381 1488 426 volun-

103 468 166 504 tas
186 493 197 513 ,
224 456 411 502 multum
434 456 555 501 dedit
572 492 583 511 ,
609 457 798 500 multum
822 456 1062 500 seminavit.
1090 458 1206 513 Ergo
1228 453 1358 498 vidua
1381 452 1453 497 illa
1475 488 1486 508 ‚

102 545 200 590 quae
220 528 309 573 duo
336 528 500 571 minuta
531 528 672 582 misit,
697 543 852 587 parum
879 526 1137 570 seminavit?
1162 528 1255 569 Imo
1284 533 1455 568 tantum
1475 559 1486 579 ‚

103 609 314 660 quantum
337 599 582 643 Zacchaeus.
609 599 800 643 Minores
822 598 938 641 enim
956 596 1182 641 facultates
1205 595 1389 651 ferebat,
1415 594 1491 639 sed

102 685 249 731 parem
279 669 550 714 voluntatem
587 668 824 713 habebat¹.
849 668 966 712 Misit
987 668 1076 711 duo
1097 667 1265 710 minuta
1291 665 1345 709 de
1368 675 1489 710 tanta

101 739 344 794 voluntate,
363 739 418 784 de
437 749 601 800 quanta
623 740 854 784 Zacehaeus
878 737 1108 799 dimidium
1131 736 1380 798 patrimonii
1404 737 1485 781 sui.

105 811 148 856 Si
166 810 362 855 attendas
381 809 487 869 quid
509 808 725 854 dederunt
744 845 756 866 ,
781 809 959 863 ⁴diversa
980 807 1173 853 invenies
1200 828 1210 853 z
1235 808 1270 853 si
1292 806 1490 852 attendas

102 881 221 925 unde
242 880 474 936 dederunt,
490 881 608 940 paria
621 881 837 926 invenies:
855 880 1071 941 quidquid
1084 879 1237 924 habuit
1253 878 1377 924 dedit
1395 878 1486 934 illa,

103 962 146 998 et
163 952 284 1012 quod
311 952 466 996 habuit
487 951 608 997 dedit
626 953 714 997 ille.

158 1025 261 1068 XII.
294 1026 381 1068 Fac
414 1023 603 1083 aliquem
632 1039 723 1068 non
744 1024 908 1068 habere
935 1023 1006 1085 vel
1028 1023 1137 1068 duos
1165 1038 1367 1067 nummos
1394 1042 1404 1068 :
1429 1031 1494 1067 est

103 1093 267 1154 aliquid
290 1092 415 1138 vilius
437 1093 558 1154 quod
589 1094 851 1139 seminemus
868 1130 880 1149 ,
907 1104 957 1138 ut
983 1106 1198 1138 metamus
1234 1093 1352 1138 illam
1376 1109 1492 1137 mes-

103 1166 224 1210 sem?
246 1167 322 1209 Est
340 1183 349 1209 2
379 1184 400 1207 «
423 1165 609 1210 Calicem
636 1181 760 1225 aquae
778 1163 948 1224 frigidae
969 1165 1045 1225 qui
1068 1163 1238 1208 dederit
1259 1163 1491 1224 discipulo,

107 1255 128 1278 »
162 1252 251 1280 non
268 1235 419 1296 perdet
443 1235 687 1281 mercedem
710 1252 832 1281 suam
849 1240 882 1280 ².
898 1256 918 1278 »
935 1236 1055 1282 Calix
1073 1252 1199 1297 aquae
1215 1235 1382 1295 frigidae
1404 1252 1496 1282 non

104 1306 276 1352 duobus
299 1308 511 1363 nummis,
537 1307 612 1352 sed
631 1309 761 1367 gratis
779 1317 948 1353 constat
969 1327 977 1353 :
1005 1317 1151 1352 tamen
1176 1307 1414 1368 aliquando
1435 1308 1495 1354 sic

105 1379 234 1438 gratis
252 1389 443 1435 constat,
458 1390 507 1424 ut
529 1380 687 1424 habeat
707 1380 834 1424 illum
852 1381 978 1435 alius,
996 1389 1040 1424 et
1062 1380 1170 1424 alius
1193 1395 1283 1424 non
1305 1380 1492 1426 habeat:

104 1450 139 1495 si
163 1466 266 1509 ergo
292 1450 365 1494 ille
390 1452 467 1511 qui
500 1451 624 1495 illum
646 1452 806 1507 habet,
835 1451 1004 1496 dederit
1030 1451 1093 1495 illi
1120 1451 1196 1511 qui
1219 1467 1309 1496 non
1332 1451 1494 1509 habet3

104 1531 275 1567 tantum
298 1521 434 1575 dedit,
453 1522 486 1567 si
506 1522 560 1566 de
582 1523 710 1582 plena
730 1523 939 1567 charitate
960 1521 1082 1566 dedit
1103 1522 1224 1582 quod
1249 1521 1386 1578 dedit,
1403 1532 1500 1567 tan-

104 1601 198 1636 tum
213 1591 349 1646 dedit,
368 1602 583 1653 quantum
602 1593 675 1637 illa
696 1594 741 1637 in
754 1593 926 1638 duobus
942 1592 1140 1647 minutis,
1155 1602 1368 1653 quantum
1388 1596 1497 1638 Zac-

105 1663 250 1708 chaeus
272 1663 316 1706 in
339 1663 521 1708 dimidio
537 1679 682 1708 rerum
700 1679 891 1708 suarum.
911 1666 1009 1708 Non
1027 1664 1145 1707 enim
1163 1666 1255 1707 sine
1272 1679 1400 1708 eausa
1420 1664 1499 1708 ad-

105 1733 261 1788 didit,«
274 1734 507 1793 Frigidae‚»
523 1744 569 1779 ut
584 1751 819 1795 pauperem
838 1734 1100 1780 ostenderet.
1114 1734 1219 1779 Ideo
1235 1734 1362 1780 dixit:
1384 1754 1404 1777 «
1419 1737 1500 1780 Ca-

109 1822 129 1846 »
163 1804 290 1848 licem
305 1821 429 1864 aquae
451 1804 638 1864 frigidae,
652 1821 740 1850 »ne
767 1807 863 1866 quis
881 1805 949 1849 vel
966 1805 1069 1850 inde
1091 1815 1356 1861 causaretur,
1376 1807 1499 1867 quod

106 1873 274 1933 lignum
296 1890 385 1918 non
415 1875 618 1919 habuerit
640 1877 758 1920 unde
783 1875 1039 1920 calefaceret
1061 1892 1235 1936 aquam.
1266 1896 1286 1918 «
1310 1875 1500 1920 Calicem

111 1963 131 1985 »
167 1961 291 2005 aquae
311 1943 481 2004 frigidae
504 1945 580 2005 qui
604 1944 773 1990 dederit
793 1947 870 1990 uni
896 1961 946 1989 ex
977 1946 1167 1990 minimis
1182 1981 1192 2001 ,
1230 1961 1320 1991 non
1347 1946 1502 2006 perdet

110 2032 131 2056 a
167 2015 412 2059 mercedem
434 2032 601 2060 suam.»
624 2015 742 2070 Quid
760 2016 794 2061 si
817 2032 897 2060 nec
914 2017 998 2061 hoc
1020 2017 1212 2061 habeat?
1230 2019 1414 2062 Securus
1427 2017 1497 2073 sit,

70 2143 73 2147 .
109 2086 187 2130 etsi
207 2102 286 2131 nee
310 2087 392 2132 hoc
421 2087 555 2131 habet
572 2123 583 2142 ,
613 2107 633 2130 «
657 2091 746 2132 Pax
772 2088 816 2132 in
846 2097 958 2133 terra
982 2088 1236 2133 hominibus
1259 2088 1390 2134 bonae
1420 2105 1500 2134 vo-

111 2174 132 2198 »
169 2155 346 2201 luntatis
370 2177 378 2202 :
407 2176 427 2198 »
454 2166 626 2202 tantum
650 2157 760 2202 illud
784 2159 960 2213 timeat,
991 2175 1047 2203 ne
1068 2159 1230 2205 habeat
1251 2168 1295 2204 et
1317 2175 1407 2204 non
1432 2159 1503 2204 fa-

111 2228 210 2272 ciat.
239 2229 281 2272 Si
303 2229 419 2273 enim
441 2229 575 2274 habet
594 2239 638 2274 et
660 2245 750 2275 non
783 2228 887 2276 facit
902 2265 913 2286 ,
946 2231 1063 2275 intus
1086 2230 1243 2289 gelavit
1269 2250 1278 2276 ε
1303 2231 1505 2276 nondum

112 2299 253 2344 soluta
276 2310 377 2344 sunt
398 2310 576 2360 peecata
600 2302 691 2361 ejus
714 2301 826 2346 sicut
849 2310 1017 2346 torrens
1039 2302 1085 2346 in
1109 2311 1279 2357 austro,
1305 2303 1406 2363 quia
1426 2319 1507 2347 vo-

111 2369 257 2415 luntas
280 2370 435 2430 frigida
459 2382 537 2417 est.
562 2372 680 2426 Quid
701 2372 849 2418 valent
871 2383 991 2418 tanta
1018 2373 1135 2418 bona
1152 2409 1162 2428 ,
1189 2390 1290 2434 quae
1311 2374 1507 2434 posside-

113 2456 209 2484 mus
227 2444 244 2484 ?
262 2442 443 2485 Accedit
458 2442 659 2487 voluntas
684 2444 853 2487 fervens
870 2479 880 2497 ,
895 2445 984 2503 jam
1008 2443 1148 2488 soluta
1172 2443 1314 2489 calore
1337 2445 1468 2489 austri
1492 2465 1503 2502 3

115 2512 191 2555 etsi
225 2512 333 2555 nihil
366 2513 524 2556 habeat
543 2549 552 2566 ,
602 2523 740 2557 totum
773 2515 835 2557 illi
879 2524 1175 2574 computatur.
1213 2518 1384 2567 Quanta
1424 2515 1505 2558 sibi

165 2604 171 2618 ¹
195 2599 271 2629 Luc,
301 2609 366 2636 xv,
386 2596 456 2634 ῐ-ζί,
476 2615 481 2618 «
496 2615 518 2622 r»
545 2606 556 2618 '¹
571 2598 687 2628 Matili-
702 2610 734 2632 x,
756 2598 962 2633 12.‹‘¹1Mm·(*.
993 2611 1036 2632 Π.
1062 2599 1110 2632 ⁷50.
