1815 3253
372 205 454 244 436
811 215 843 239 s.
880 211 1109 241 Aueusnm
1141 214 1320 242 El’lscol’l

371 302 389 324 »
425 280 570 333 vivus,
593 277 669 337 qui
689 277 743 321 de
774 276 886 322 coelo
904 276 1105 322 descendi
1124 280 1153 321 ¹.
1190 299 1207 320 »
1234 282 1338 323 Haec
1353 287 1418 322 est
1438 295 1609 324 annona
1630 295 1744 339 prae·
1765 308 1768 311 -

366 350 568 395 liantium
587 382 598 403 7
630 346 685 391 de
713 347 876 391 horreis
897 348 1066 392 invecta
1093 346 1320 393 dominicis
1336 384 1347 404 ,
1373 349 1489 393 unde
1508 359 1746 410 pascuntur

365 418 519 478 Angeli
540 437 548 463 ε
574 417 676 478 quia
695 452 706 473 ‚
730 436 751 459 «
776 421 936 462 Panem
953 416 1218 476 Angelorum
1235 418 1515 464 manducavit
1530 421 1662 465 homo
1674 424 1706 464 ².
1724 441 1742 462 »

365 496 468 537 Post
489 488 636 551 praelia
659 504 761 534 vero
783 498 826 534 et
847 491 960 534 hanc
982 505 1200 534 annonam
1221 490 1328 550 quid
1349 494 1519 536 servat?
1541 491 1648 553 quid
1669 491 1748 536 da-

365 563 432 608 bit
448 561 708 616 victoribus,
734 559 815 603 nisi
836 561 957 621 quod
977 560 1022 604 in
1043 559 1128 605 alio
1153 561 1321 606 Psalmo
1344 561 1503 606 dicitur
1529 582 1538 607 :
1560 581 1581 605 «
1606 565 1748 607 Unam

366 652 388 675 >›
425 632 528 693 petii
546 648 570 675 a
593 631 796 686 Domino,
818 631 931 676 hanc
958 632 1198 691 requiram,
1222 640 1272 676 ut
1290 632 1531 678 inhabitem
1553 633 1597 677 in
1615 633 1748 679 domo

368 724 386 746 >›
422 702 680 761 Dominiper
696 716 845 745 omnes
866 701 956 746 dies
977 701 1076 746 vitae
1097 717 1204 746 meae
1223 722 1235 760 ξ,
1255 712 1304 747 ut
1319 703 1588 763 contempler
1601 702 1748 748 delec-

364 793 386 816 >›
421 774 629 818 tationem
654 772 843 828 Domini,
867 782 909 816 et
929 783 1130 832 protegar
1146 773 1358 834 templum
1376 776 1466 835 ejus
1481 776 1495 800 ³
1513 776 1531 816 ⁶?
1552 773 1669 828 Quid
1685 784 1750 819 est

366 863 387 886 »
424 845 577 899 homo,
611 843 820 903 quoniam
842 843 1067 888 innotuisti
1088 844 1152 899 ei,
1179 853 1253 888 aut
1275 844 1388 889 filius
1406 845 1615 901 hominis,
1633 860 1748 905 quo-

363 934 384 959 »
420 917 538 961 niam
559 915 744 959 aestimas
768 917 901 959 eum?
928 935 945 957 »

419 989 500 1031 XI.
526 1005 544 1027 «
574 989 715 1030 Homo
738 985 920 1030 vanitati
941 984 1090 1029 similis
1111 985 1252 1031 factus
1274 995 1336 1032 est
1350 988 1365 1012 4
1386 1006 1394 1030 :
1426 1007 1442 1028 »
1461 996 1504 1030 et
1526 996 1671 1031 tamen
1687 986 1749 1031 in-

362 1058 544 1104 notuisti
566 1058 621 1113 ei,
639 1067 683 1101 et
703 1058 887 1101 aestimas
904 1073 1022 1102 eum.
1042 1076 1060 1098 ‹<
1081 1060 1222 1103 Homo
1243 1058 1424 1103 vanitati
1446 1058 1591 1103 similis
1611 1057 1750 1103 factus

366 1151 385 1173 »
422 1140 499 1174 est.
530 1149 548 1171 »
580 1129 663 1174 Cui
697 1129 907 1174 vanitati?
947 1129 1235 1188 Temporibus
1265 1129 1675 1189 praeterlabentibus
1707 1138 1751 1173 et

359 1201 776 1263 praeterfluentibus.
809 1201 985 1244 Vanitas
1010 1200 1127 1244 enim
1147 1201 1228 1246 ista
1261 1200 1421 1245 dicitur
1447 1201 1493 1244 in
1521 1217 1748 1261 compara-

359 1274 479 1318 tione
501 1286 670 1330 semper
702 1271 915 1314 manentis
951 1279 994 1314 et
1015 1286 1244 1331 nunquam
1269 1270 1508 1315 deficientis
1539 1272 1744 1317 veritatiS.

358 1346 470 1390 Nam
506 1351 550 1386 et
580 1341 660 1385 ista
689 1350 886 1400 creatura
914 1350 978 1385 est
1003 1339 1088 1385 loci
1110 1341 1191 1385 sui.
1218 1360 1235 1381 «
1263 1341 1465 1402 Implevit
1491 1343 1605 1387 enim
1635 1346 1749 1387 Deus

365 1436 383 1458 »
420 1424 596 1467 terram,
621 1413 731 1457 sicut
753 1413 963 1472 scriptum
986 1421 1069 1466 est,
1089 1412 1214 1457 bonis
1227 1413 1353 1457 suis⁵.
1367 1433 1383 1453 »
1406 1413 1519 1466 Quid
1534 1423 1612 1469 est,
1631 1413 1749 1458 suis?

363 1485 454 1531 Sibi
494 1483 850 1541 congruentibus.
890 1482 974 1527 Sed
1007 1483 1101 1527 haec
1133 1484 1278 1527 omnia
1312 1492 1507 1538 terrena,
1538 1483 1747 1539 volatica,

361 1555 629 1609 transitoria,
662 1554 696 1598 si
719 1563 1027 1613 comparentur
1054 1552 1119 1596 illi
1140 1554 1331 1610 veritati,
1358 1555 1434 1598 ubi
1464 1555 1628 1615 dictum
1655 1563 1745 1598 est:

367 1647 384 1670 «
421 1629 517 1685 Ego
539 1641 635 1670 sum
653 1625 728 1686 qui
750 1640 844 1669 sum
864 1627 878 1650 ⁰
901 1644 910 1669 :
935 1645 954 1666 »
975 1633 1116 1669 totum
1132 1625 1216 1670 hoc
1238 1626 1359 1686 quod
1382 1626 1534 1670 transit
1550 1611 1574 1680 ‚’
1587 1626 1750 1671 vanitas

362 1696 537 1743 dicitur.
560 1695 788 1740 Evanescit
801 1695 917 1738 enim
936 1711 1012 1755 per
1035 1704 1205 1755 tempus
1218 1731 1228 1750 ‚
1251 1705 1457 1757 tanquam
1477 1697 1522 1740 in
1539 1712 1663 1740 auras
1680 1694 1751 1740 fu-

362 1784 474 1812 mus.
512 1769 568 1811 Et
589 1764 698 1826 quid
721 1764 863 1809 dicam
887 1765 1072 1825 amplius
1089 1801 1100 1821 ‚
1124 1782 1256 1826 quam
1294 1766 1339 1810 id
1375 1766 1495 1826 quod
1517 1766 1750 1826 Apostolus

364 1839 555 1884 Jacobus
581 1837 690 1881 dixit
706 1872 716 1892 ,
753 1836 903 1882 volens
923 1837 1119 1881 homines
1141 1837 1351 1897 superbos
1372 1837 1427 1881 ad
1458 1837 1750 1881 humilitatem

360 1909 557 1969 redigere
574 1910 592 1952 P
618 1927 635 1948 «
658 1910 766 1961 Quae
789 1917 853 1951 est
870 1907 987 1951 enim
1004 1943 1015 1963 ,
1039 1908 1209 1968 inquit,
1229 1909 1316 1953 vita
1335 1911 1503 1953 vestra?
1521 1911 1666 1968 Vapor
1686 1918 1751 1953 est

364 2002 384 2025 2>
421 1982 477 2026 ad
510 1979 734 2024 modicum
771 1995 981 2039 apparens
1000 2014 1011 2034 ,
1049 1979 1252 2039 deinceps
1289 1980 1644 2024 exterminabitur
1659 1982 1690 2023 ⁷.
1727 2000 1745 2021 »

360 2055 502 2112 Ergo,
532 2070 549 2092 «
575 2054 718 2095 Homo
735 2051 915 2095 vanitati
933 2050 1082 2094 similis
1097 2050 1237 2095 factus
1257 2060 1333 2094 est.
1359 2069 1377 2091 »
1394 2050 1617 2095 Peccando
1633 2070 1652 2093 «
1667 2053 1750 2094 Va-

366 2144 384 2166 »
420 2123 548 2167 nitati
571 2120 718 2165 similis
735 2120 875 2165 lactus
896 2130 973 2165 est.
993 2141 1009 2161 »
1028 2124 1135 2165 Nam
1151 2120 1328 2180 quando
1350 2131 1414 2165 est
1434 2122 1623 2180 primum
1643 2135 1749 2166 con-

361 2194 479 2238 ditus
495 2228 505 2248 ‚
528 2192 700 2237 veritati
722 2191 869 2235 similis
892 2191 1031 2236 factus
1053 2201 1117 2236 est
1137 2211 1146 2236 2
1170 2191 1246 2236 sed
1268 2193 1370 2252 quia
1399 2192 1621 2251 peccavit,
1646 2192 1748 2253 quia

362 2263 526 2323 recepit
542 2262 669 2319 digna
691 2296 702 2316 ,
731 2279 749 2302 «
780 2261 960 2305 vanitati
978 2261 1124 2305 similis
1143 2261 1282 2306 factus
1304 2271 1381 2306 est.
1408 2266 1491 2306 Pro
1518 2262 1748 2323 iniquitate

366 2356 386 2378 >›
422 2334 538 2378 enim
557 2332 734 2377 erudisti
751 2332 973 2376 hominem
993 2367 1003 2387 ,
1024 2331 1131 2376 dixit
1151 2333 1195 2376 in
1217 2332 1300 2376 alio
1321 2331 1489 2376 Psalmo
1507 2368 1518 2386 ‚
1538 2342 1581 2377 ct
1603 2333 1746 2377 tabes-

367 2425 385 2447 »
421 2420 518 2450 cere
532 2402 671 2448 fecisti
685 2403 797 2447 sicut
815 2417 1014 2447 araneam
1033 2403 1221 2447 animam
1236 2403 1326 2462 ejus
1341 2404 1372 2446 ²³.
1399 2423 1417 2444 »
1444 2402 1553 2447 Inde
1572 2412 1615 2447 et
1631 2403 1714 2448 hoc
1732 2438 1743 2458 ‚

413 2508 423 2525 ¹
441 2503 530 2534 Joan.
551 2511 596 2542 vi,
615 2498 717 2542 4ι.-
737 2505 750 2522 2
775 2498 857 2532 Psal.
880 2509 1002 2540 mxvii,
1017 2498 1118 2531 25.--
1137 2496 1151 2520 3
1169 2498 1217 2530 Id.
1231 2508 1298 2539 xv1‚
1312 2496 1345 2539 4.
1366 2514 1408 2520 —
1424 2496 1441 2528 ⁴
1458 2497 1503 2529 Id.
1519 2506 1625 2539 cnut,
1646 2496 1679 2539 4.
1705 2512 1747 2520 --

365 2558 380 2583 5
400 2558 499 2592 Eccli.
521 2569 588 2600 xw,
609 2557 710 2591 30.—
728 2554 743 2580 ⁶
764 2556 862 2589 Exod.
879 2567 926 2598 ιιι,
949 2553 1046 2598 14„—
1064 2561 1078 2590 7
1092 2554 1204 2588 Jacob.
1230 2565 1273 2596 iv,
1298 2554 1398 2587 15.—
1417 2553 1431 2577 3
1447 2553 1526 2586 Psal.
1543 2564 1674 2597 xxxvm,
1695 2545 1759 2758 12!
1807 2568 1809 2582 1

1746 2761 1754 2987 ¹

1792 2104 1815 2149 dit

1790 2477 1815 2506 §er
