1815 3253
1795 75 1798 101 ι

363 201 447 238 306
784 211 816 237 s.
854 212 1083 240 AUGUSTINI
1117 213 1298 242 Emscom
1792 118 1797 281 Ι

357 294 377 315 »
413 289 554 318 meam
569 276 598 318 ².
618 274 769 328 »Quid
787 275 855 319 hic
872 277 999 320 sessio
1012 279 1030 319 ‘3
1043 277 1160 331 Quid
1174 279 1247 323 hic
1271 279 1559 324 resurrectio?
1582 281 1668 332 Qui
1681 296 1740 325 se·
1768 309 1770 311 >

352 344 443 399 det,
461 343 664 388 humiliat
671 360 729 388 se.
746 343 865 390 Sedit
877 361 980 404 ergo
992 347 1202 392 Dominus
1217 348 1264 392 in
1276 348 1490 407 passione,
1502 349 1684 394 surrexit
1695 350 1742 395 in

353 415 679 459 resurrectione.
706 433 726 456 «
749 417 814 458 Tu
835 449 846 469 ,
873 415 1017 476 inquit
1037 451 1048 471 ,
1073 417 1156 460 hoc
1170 417 1409 475 cognovisti
1431 436 1440 462 ε
1468 435 1489 458 »
1514 418 1560 462 id
1582 421 1671 473 est,
1692 428 1747 465 tu„

355 484 546 541 voluisti,
559 494 609 529 tu
620 485 886 544 approbasti,
902 486 1146 530 secundum
1158 487 1430 532 voluntatem
1444 496 1563 532 tuam
1577 488 1743 533 factum
1803 478 1813 534 s

356 564 433 599 est.
462 556 504 600 Si
538 565 684 600 autem
717 555 906 601 volueris
928 558 1120 615 accipere
1140 572 1293 603 vocem
1315 558 1466 616 capitis
1487 573 1538 601 ex
1562 573 1744 616 persona
1807 599 1809 602 .

355 626 562 685 corporis,
583 625 777 670 dicamus
795 635 838 670 et
856 641 934 670 nos
949 661 960 682 ‚
985 645 1005 668 «
1023 630 1089 671 Tu
1102 628 1342 685 cognovisti
1358 628 1590 672 sessionem
1603 643 1744 675 meam
1784 588 1815 718 li.

359 713 380 736 ))
415 704 460 739 et
475 688 832 740 resurfectionem
860 711 1016 739 meam.
1046 714 1066 737 »
1095 697 1224 742 Sedet
1241 697 1358 741 enim
1379 697 1539 752 homo,
1566 697 1745 758 quando
1802 721 1815 749 »,,1

356 764 557 809 humiliat
577 780 622 809 se
643 765 961 824 inpoenitentia
982 785 991 811 :
1014 768 1151 825 surgit
1170 776 1315 811 autem
1337 768 1520 812 remissis
1537 768 1741 827 peccatis,
1803 786 1815 819 ρ

355 834 532 894 quando
555 834 735 892 erigitur
758 835 803 878 in
823 850 943 894 spem
965 836 1065 880 vitae
1079 845 1269 881 aeternae.
1292 841 1524 896 Propterea
1541 838 1646 882 etin
1660 837 1747 884 alio
1788 857 1815 898 -q

358 905 528 949 Psalmo
550 904 709 949 dicitur
724 940 735 960 ,
761 924 782 948 «
809 906 981 964 Surgite
1002 916 1284 967 posteaquam
1307 906 1474 951 sedistis
1489 941 1500 962 ,
1527 907 1604 967 qui
1627 923 1745 953 man·
1799 925 1813 957 n

358 993 378 1017 »
414 974 582 1020 ducatis
620 990 777 1034 panem
815 975 975 1020 doloris
989 980 1021 1020 ².
1056 995 1076 1017 »
1099 980 1260 1021 Panem
1292 976 1454 1022 doloris
1480 977 1746 1036 poenitentes
1797 994 1813 1035 φ

359 1044 648 1101 manducant,
668 1046 745 1106 qui
760 1054 938 1090 cantant
955 1047 1000 1089 in
1011 1045 1094 1090 alio
1108 1046 1294 1103 Psalmo,
1311 1056 1355 1091 et
1371 1046 1542 1101 dicunt,
1563 1066 1585 1089 «
1603 1050 1747 1092 Factae
1777 1095 1781 1128 Ι
1798 1035 1812 1109 0³1

361 1134 382 1158 »
413 1127 516 1161 sunt
532 1117 638 1161 mihi
663 1117 868 1175 lacrymae
882 1132 990 1162 meae
1002 1118 1125 1176 panis
1137 1118 1207 1162 die
1229 1134 1278 1163 ac
1307 1120 1475 1162 nocte3.
1505 1136 1525 1159 »
1553 1119 1665 1171 Quid
1685 1127 1750 1164 est

360 1204 490 1247 ergo,
521 1208 540 1230 «
577 1190 748 1248 Surgite
780 1198 1064 1249 posteaquam
1093 1188 1285 1233 sedistis?
1310 1208 1330 1231 »
1361 1189 1506 1234 Nolite
1540 1188 1744 1245 exaltari,
1795 1116 1811 1260 ἶ

360 1260 440 1303 nisi
461 1259 676 1303 humiliati
696 1258 879 1303 fueritis.
909 1260 1038 1311 Multi
1059 1260 1177 1303 enim
1208 1259 1365 1304 volunt
1392 1274 1588 1318 surgere,
1625 1269 1749 1305 ante-
1774 1246 1809 1322 ll

358 1344 491 1389 quam
512 1330 702 1374 sederint
728 1329 907 1374 :volunt
924 1345 967 1373 se
978 1330 1118 1389 justos
1131 1329 1283 1385 videri,
1302 1339 1535 1390 antequam
1551 1340 1748 1389 peccato·
1774 1323 1777 1378 Ι
1798 1357 1807 1375 ι,

359 1416 425 1444 res
443 1415 486 1444 se
498 1415 587 1444 esse
603 1399 786 1445 confessi
807 1400 908 1444 sint.
926 1402 1041 1457 Ergo
1054 1400 1088 1443 si
1101 1415 1151 1443 ex
1166 1415 1346 1459 persona
1359 1400 1511 1459 capitis
1523 1401 1658 1448 nostri
1675 1416 1748 1446 ac-
1772 1381 1776 1450 Ι
1795 1421 1807 1449 r.

359 1470 488 1529 cipis,
519 1471 576 1515 sic
597 1470 791 1529 intellige
812 1489 821 1514 z
846 1489 867 1512 «
903 1471 969 1513 Tu
988 1470 1226 1527 cognovisti
1266 1469 1497 1514 sessionem
1534 1485 1676 1514 meam
1706 1452 1775 1520 eti

362 1559 383 1583 »
419 1542 778 1585 resurrectionem
795 1555 936 1584 meam
958 1575 968 1594 ,
996 1558 1017 1581 »
1041 1541 1281 1600 passionem
1301 1555 1441 1584 meam
1464 1548 1508 1583 et
1530 1556 1749 1586 resurrec-
1798 1563 1805 1575 ι

358 1613 522 1657 tionem
558 1628 713 1656 meam.
750 1612 793 1656 Si
824 1627 875 1655 ex
911 1627 1092 1671 persona
1112 1613 1303 1671 corporis
1337 1631 1345 1656 :
1376 1631 1397 1653 «
1419 1613 1485 1655 Tu
1503 1612 1744 1670 cognovisti

359 1684 592 1728 sessionem
610 1698 750 1727 meam
772 1692 814 1727 et
837 1685 1196 1728 resurrectionem
1217 1698 1359 1727 meam
1376 1718 1388 1738 ,
1426 1701 1446 1724 »
1477 1699 1624 1728 coram
1647 1699 1753 1728 ocu-

361 1753 413 1798 lis
452 1754 537 1798 tuis
578 1762 622 1798 et
650 1761 824 1813 peccata
857 1752 1079 1797 confessus
1100 1768 1224 1809 sum,
1250 1762 1294 1797 et
1327 1762 1402 1797 tua
1433 1755 1570 1812 gratia
1586 1755 1751 1814 justifi-

368 1833 489 1870 catus
508 1839 620 1868 sum.
1204 1830 1208 1832 ’

425 1897 478 1939 V.
509 1914 529 1938 «
548 1893 802 1939 Intellexisti
823 1894 1103 1952 cogitationes
1125 1909 1241 1938 meas
1264 1893 1318 1938 de
1334 1893 1575 1954 longinquo
1593 1914 1601 1939 :
1620 1895 1750 1942 semi-2
1813 1936 1815 1955 l

365 1985 385 2009 »
421 1975 512 2011 tam
529 1981 670 2010 meam
687 1974 730 2009 et
750 1964 933 2009 limitem
956 1979 1103 2008 meum
1124 1965 1404 2023 investigasti,
1429 1974 1473 2009 et
1489 1980 1639 2009 omnes
1656 1966 1746 2014 vias
1812 2010 1813 2017 ,

368 2056 389 2080 »
424 2052 540 2081 meas
564 2035 844 2096 praevidisti4.
873 2054 893 2077 »
925 2033 1042 2088 Quid
1061 2044 1124 2078 est
1140 2070 1151 2089 ,
1176 2054 1197 2077 «
1223 2038 1283 2079 De
1301 2034 1568 2095 longinquo?
1590 2053 1610 2076 »
1637 2037 1751 2081 Cum
1811 2072 1815 2088 ,

369 2108 514 2153 adhuc
531 2108 577 2151 in
598 2106 942 2166 peregrinatione
958 2121 1054 2149 sum
1069 2140 1079 2159 ‚
1101 2114 1334 2164 antequam
1349 2105 1404 2148 ad
1431 2104 1550 2148 illam
1571 2106 1755 2164 patriam

338 2173 341 2175 ’
367 2179 564 2233 veniam,
584 2187 634 2221 tu
655 2176 896 2235 cognovisti
911 2175 1216 2233 cogitationem
1238 2190 1393 2218 meam.
1411 2175 1601 2220 Attende
1626 2165 1761 2250 illum}
1811 2214 1815 2232 ἶ

372 2248 533 2293 Filium
550 2247 761 2291 minorem
778 2265 788 2292 z
803 2246 906 2306 quia
917 2245 1007 2305 ipse
1023 2245 1154 2289 etiam
1171 2243 1311 2289 factus
1330 2254 1394 2289 est
1409 2261 1566 2304 corpus
1577 2246 1750 2302 Christi,
1811 2272 1815 2304 g

370 2318 562 2363 Ecclesia
583 2318 637 2361 de
648 2317 861 2362 Gentibus
886 2316 1078 2359 veniens.
1098 2318 1212 2359 Ierat
1227 2315 1390 2376 quippe
1404 2317 1449 2359 in
1460 2315 1750 2376 longinquum

374 2389 488 2435 filius
511 2390 667 2433 minor.
702 2391 818 2432 Duos
859 2387 975 2430 enim
997 2386 1107 2431 filios
1141 2387 1330 2431 habebat
1361 2386 1540 2447 quidam
1569 2386 1755 2446 paterfa-}

1813 1853 1815 1889 i

427 2491 434 2506 ¹
457 2484 536 2516 Psal.
556 2495 715 2524 cxxxviii,
734 2491 767 2515 2.
787 2498 830 2505 --
845 2489 857 2505 ²
878 2482 926 2514 Id.
953 2492 1046 2514 cxxvr
1060 2506 1069 2524 ‚
1088 2490 1119 2513 2.
1145 2497 1186 2504 --·
1206 2479 1218 2504 3
1238 2481 1286 2514 Id.
1304 2493 1379 2523 xm,
1404 2480 1437 2523 4.
1454 2477 1741 2515 —41d.exxxv1n
1808 2495 1815 2524 ς.

375 2539 471 2583 3‚4.
