1815 3253
362 198 604 231 ENARRATIO
635 202 682 230 m
714 198 918 230 rsALMUM
948 200 1116 229 cxxxv1.
1351 188 1435 229 265

0 263 11 283 '¹
48 271 180 331 cipit:
205 272 301 314 «Te
322 268 447 314 decet
464 270 671 327 hymnus,
697 271 810 313 Deus
830 269 875 313 in
899 267 1027 322 Sion,
1053 275 1097 311 et
1119 266 1200 311 tibi
1222 267 1434 312 reddetur

0 389 2 396 y
50 360 72 384 »
107 349 258 386 votum
288 340 334 384 in
357 339 595 384 Jerusalem
612 341 642 382 ¹.
671 357 691 380 »
720 338 939 384 Hodierna
970 346 1118 382 autem
1140 336 1210 381 die
1237 336 1438 383 decanta-

0 412 3 427 *
47 413 216 459 vimus:
246 430 266 455 «
293 413 432 471 Super
453 410 634 455 flumina
667 409 903 469 Babylonis
936 408 998 452 ibi
1026 407 1216 452 sedimus
1239 417 1283 452 et
1309 409 1436 453 ssevi-

48 502 71 527 >›
105 499 202 542 mus
221 517 233 539 ,
269 497 371 528 cum
403 481 732 527 recordaremur
765 481 911 526 Sion2.
945 496 966 521 »
992 479 1149 523 Videte
1166 479 1270 539 quia
1292 479 1339 522 in
1360 478 1437 524 illo

48 555 216 600 dictum
237 561 322 598 est:
344 555 403 597 Te
425 551 551 597 decet
570 553 779 610 hymnus,
795 554 932 606 Deus,
952 550 998 594 in
1018 550 1120 595 Sion
1143 569 1152 594 :
1174 549 1246 594 hic
1269 558 1433 606 autem,

51 643 72 669 «
107 627 246 684 Super
262 623 444 668 flumina
466 623 703 681 Babylonis
723 622 785 666 ibi
806 620 996 666 sedimus
1015 629 1059 665 et
1080 621 1280 665 flevimus
1297 655 1309 676 ‚
1333 635 1436 665 cum

48 713 71 739 »
105 694 434 740 recordaremur
457 694 561 739 Sion
596 713 605 739 ε
641 711 661 736 »
686 692 806 738 illam
829 692 956 748 Sion,
981 691 1061 736 ubi
1094 690 1221 736 decet
1243 691 1437 747 hymnus

45 769 202 812 Deum.
728 801 739 807 -

105 840 163 882 11.
185 839 298 893 Quae
314 844 416 881 sunt
435 851 538 896 ergo
560 835 744 881 flumina
772 834 1008 893 Babylonis
1026 869 1038 890 ,
1063 843 1107 879 et
1123 832 1233 895 quid
1250 842 1315 878 est
1335 848 1436 878 nos-

46 919 164 955 trum
191 906 340 952 sedere
369 916 412 951 et
433 908 536 951 ssere
557 908 604 951 in
625 908 926 952 recordatione
954 907 1089 952 Sion?
1114 906 1158 952 Si
1180 906 1296 950 enim
1322 906 1437 951 cives

46 979 147 1024 inde
167 994 338 1034 sumus,
363 994 454 1023 non
488 987 659 1023 tantum
688 979 772 1022 hoc
799 987 1025 1022 cantamus
1041 1012 1051 1032 ,
1079 976 1156 1021 sed
1176 985 1220 1020 et
1250 977 1433 1034 agimus.

48 1051 92 1096 Si
123 1051 234 1095 cives
256 1065 406 1095 sumus
429 1049 483 1094 de
505 1049 743 1094 Jerusalem
759 1084 770 1104 ‚
795 1048 840 1094 id
863 1058 926 1093 est
942 1083 952 1103 ,
975 1049 1031 1093 de
1054 1048 1157 1092 Sion
1177 1083 1188 1103 ,
1215 1056 1260 1091 et
1279 1047 1326 1091 in
1356 1047 1436 1092 ista

46 1122 159 1177 vita,
179 1121 226 1165 in
246 1122 326 1166 ista
360 1120 618 1166 confusione
655 1119 801 1165 saeculi
831 1120 987 1180 hujus,
1018 1119 1065 1162 in
1094 1118 1174 1162 ista
1194 1117 1438 1175 Babylonia

46 1209 136 1238 non
168 1191 281 1237 cives
301 1193 546 1237 habitamus
566 1226 578 1249 ,
608 1191 684 1237 sed
707 1191 866 1252 captivi
888 1190 1162 1242 detine-mum
1187 1199 1360 1249 oportet
1389 1199 1440 1234 ut

46 1279 135 1308 non
152 1272 324 1308 tantum
346 1263 428 1307 ista
449 1262 747 1317 decantemus,
768 1261 844 1306 sed
861 1271 904 1306 et
927 1260 1137 1305 faciamus
1161 1260 1322 1304 affectu
1341 1275 1439 1305 cor-

46 1333 110 1379 dis
127 1334 216 1394 pio,
237 1333 438 1393 religioso
460 1332 675 1378 desiderio
695 1342 869 1378 aeternae
891 1332 1090 1376 civitatis.
1111 1331 1257 1376 Habet
1277 1341 1322 1376 et
1342 1332 1438 1376 haec

46 1406 194 1450 civitas
217 1422 316 1465 quae
338 1404 578 1463 Babylonia
599 1404 762 1449 dicitur
777 1440 788 1460 ,
813 1412 1025 1448 amatores
1042 1418 1140 1447 suos
1161 1402 1438 1447 consulentes

45 1476 142 1536 paci
172 1474 425 1535 temporali,
457 1484 500 1519 et
527 1475 637 1519 nihil
660 1475 773 1519 ultra
803 1482 1026 1534 sperantes
1043 1508 1054 1527 ,
1076 1482 1309 1532 totumque
1332 1488 1440 1531 gau-

47 1545 167 1591 dium
191 1561 318 1590 suum
334 1546 396 1589 ibi
418 1546 601 1605 figentes
617 1580 628 1600 ,
653 1544 716 1589 ibi
730 1544 930 1588 finientes
950 1579 961 1599 ,
987 1552 1030 1587 et
1049 1543 1249 1588 videmus
1269 1558 1342 1587 eos
1361 1558 1440 1602 pro

47 1616 270 1678 republica
304 1626 474 1661 terrena
501 1615 744 1676 plurimum
776 1615 976 1660 laborare
1003 1634 1012 1659 ε
1038 1613 1114 1658 sed
1137 1623 1181 1658 et
1197 1614 1243 1659 in
1265 1630 1313 1658 ea
1338 1615 1439 1675 qui-

8 1683 15 1735 ⁵2
48 1703 235 1749 cumque
253 1687 440 1732 fideliter
457 1696 700 1742 versantur,
719 1687 752 1731 si
774 1702 865 1731 non
881 1686 942 1730 ibi
962 1695 1172 1745 appetant
1189 1685 1441 1746 superbiam

9 1772 16 1803 1¹
47 1768 90 1804 et
109 1760 347 1819 perituram
366 1758 600 1803 elatione'm
627 1757 912 1818 odiosamque
943 1757 1197 1817 jactantiam
1218 1778 1229 1815 3
1266 1755 1344 1801 sed
1369 1772 1441 1801 ve-

10 1850 14 1871 t
47 1845 136 1875 ram
156 1830 292 1874 fidem
320 1830 576 1884 exhibeant,
603 1844 740 1889 quam
762 1837 969 1889 possunt,
1005 1827 1202 1888 quandiu
1223 1837 1406 1888 possunt
1425 1863 1437 1884 ,

11 1917 24 1936 ι·
48 1902 204 1962 quibus
226 1910 406 1961 possunt
424 1936 434 1956 ‚
456 1900 742 1961 ad‘quantum
766 1898 916 1944 vident
932 1908 1102 1943 terrena
1123 1933 1134 1953 ,
1160 1907 1203 1942 et
1225 1898 1281 1942 ad
1304 1914 1442 1958 quan-

12 1938 24 2014 1
46 1981 141 2017 tum
169 1971 424 2031 intelligunt
444 1971 632 2031 speciem
655 1971 862 2026 civitatis,
891 1986 982 2014 non
1005 1985 1078 2014 eos
1101 1970 1202 2013 sinit
1223 1972 1339 2014 Deus
1361 1985 1440 2029 pe-

21 2019 24 2053 Ι
47 2044 130 2087 rire
148 2043 194 2087 in
217 2042 460 2100 Babylonia
483 2061 491 2086 :
526 2040 850 2102 praedestinavit
884 2041 1000 2084 enim
1033 2055 1105 2085 eos
1127 2040 1242 2085 cives
1264 2043 1442 2085 Jerusa-

46 2113 146 2158 lem.
169 2112 381 2172 Intelligit
402 2113 698 2172 captivitatem
728 2127 878 2157 eorum
902 2115 1017 2156 Deus
1033 2147 1045 2167 ,
1076 2121 1120 2156 et
1140 2111 1331 2156 ostendit
1358 2112 1441 2156 illis

50 2185 175 2251 aliam
198 2185 462 2244 civitatem,
475 2185 669 2244 cuissvere
686 2184 876 2228 debeant
899 2184 1115 2243 suspirare
1130 2219 1141 2239 ,
1165 2199 1245 2243 pro
1263 2200 1350 2244 qua
1367 2182 1442 2228 de-

49 2256 180 2301 beant
197 2264 355 2300 cuncta
379 2255 540 2310 conari,
559 2254 613 2299 ad
635 2270 768 2315 quam
789 2253 1098 2314 capessendam
1120 2253 1310 2298 debeant
1327 2254 1441 2299 cives

50 2341 146 2372 suos
176 2341 322 2371 secum
353 2325 630 2385 peregrinos,
669 2334 887 2386 quantum
914 2323 1161 2378 valuerint,
1198 2324 1436 2368 adhortari.

50 2401 281 2457 Propterea
299 2395 405 2440 dicit
426 2396 639 2440 Dominus
657 2397 780 2439 Jesus
799 2395 1018 2441 Christus:
1048 2414 1067 2436 (ι
1089 2394 1172 2448 Qui
1197 2395 1243 2438 in
1266 2394 1440 2439 modico

54 2485 75 2510 »
107 2467 246 2512 fidelis
269 2476 359 2521 est,
384 2475 428 2510 et
448 2467 494 2509 in
527 2481 686 2525 magno
709 2465 848 2511 fidelis
871 2475 950 2510 est.
978 2484 998 2508 »
1029 2468 1088 2511 Et
1108 2481 1281 2510 rursum
1300 2465 1404 2509 dicit
1427 2484 1435 2509 :

99 2559 108 2575 ¹
128 2552 207 2585 Psal.
235 2562 325 2593 mv,
344 2561 438 2595 24—
457 2558 470 2574 ²
489 2551 536 2583 Id.
554 2560 670 2594 cxxxv,
688 2562 717 2582 1.
