1815 3253
328 153 411 193 512
748 163 781 191 s.
818 162 1047 192 AUGUSTINI
1079 164 1259 191 Emscom

325 230 392 273 via
415 227 515 271 fidei
533 227 712 287 perduci
728 228 781 273 ad
796 228 1104 288 possessionem
1122 227 1291 286 speciei,
1311 227 1454 285 incipe
1467 227 1513 269 in
1532 225 1704 271 confes-

324 300 457 343 sione.
479 301 537 341 Te
551 297 669 357 prius
692 314 845 343 accusa
864 307 932 344 :te
953 306 1169 353 accusato,
1186 301 1326 342 Deum
1344 295 1490 341 lauda.
1515 300 1673 341 Invoca
1691 331 1702 352 ‚

324 384 456 429 quem
479 368 676 412 nondum
706 369 818 413 nosti
838 403 849 424 ,
885 378 936 413 ut
954 368 1122 423 veniat,
1148 376 1191 411 et
1213 368 1371 412 sciatur
1393 385 1401 411 :
1434 382 1524 411 non
1546 376 1596 410 ut
1615 367 1706 426 ipse

324 440 495 494 veniat,
530 439 605 483 sed
627 448 677 483 ut
698 448 741 483 te
763 439 818 483 ad
853 454 897 483 se
930 440 1156 499 perducat.
1182 437 1412 491 Quomodo
1443 437 1533 497 ipse
1554 438 1672 481 venit
1691 471 1702 492 ‚

323 509 442 555 unde
458 526 688 570 nunquam
711 509 925 554 discedit?
948 513 1044 569 Ipsa
1062 518 1125 553 est
1154 509 1269 552 enim
1290 509 1499 569 perfectio
1533 508 1705 567 sapien—

324 582 416 636 tiae,
441 581 606 641 ubique
624 590 708 637 θεῖ,
735 590 778 625 θῖ
798 580 929 640 longe
943 589 1007 624 est
1027 595 1051 624 a
1073 578 1210 624 malis.
1229 579 1399 640 Ubique
1413 588 1491 634 est,
1507 579 1703 638 inquam,

323 661 366 695 et
386 652 516 710 longe
534 661 598 696 est
614 668 636 695 a
658 651 781 696 malis
803 652 879 712 qui
900 652 1065 712 ubique
1082 659 1199 695 sunt.
1223 654 1347 709 Rogo
1368 666 1443 695 vos
1457 685 1467 704 ‚
1494 667 1517 694 a
1545 649 1707 709 quibus

322 722 450 779 longe
480 731 543 766 est
563 721 682 782 quod
704 723 870 782 ubique
892 724 984 766 est?
1008 722 1090 766 Ubi
1111 721 1272 781 putatis
1293 756 1305 777 ‚
1333 720 1414 765 nisi
1436 721 1538 780 quia
1562 721 1708 779 jacent

322 791 368 836 in
390 792 743 837 dissimilitudine
765 808 841 837 sua
858 828 869 849 ‚
889 792 1220 837 exterminantes
1240 791 1285 835 in
1311 805 1353 835 se
1379 789 1707 835 similitudinem

322 862 424 905 Dei?
440 862 672 906 Dissimiles
687 861 790 906 sacti
807 871 1090 917 recesserunt,
1111 860 1333 905 reformati
1350 860 1543 904 redeant.
1558 858 1703 915 Unde,

321 933 478 992 inquit,
506 932 869 977 reformabimur?
898 932 1075 994 quando
1097 931 1462 976 reformabimur?
1483 949 1501 972 «
1524 929 1707 989 Incipite

324 1020 344 1044 >›
380 1003 560 1048 Domino
583 1003 629 1047 in
652 1002 937 1048 confessione.
958 1022 979 1045 ³)
1004 1007 1106 1047 Post
1122 1000 1435 1047 confessionem
1469 999 1603 1060 quid?
1628 1002 1705 1045 Se-

322 1083 516 1133 quantur
544 1074 658 1119 bona
681 1090 825 1134 opera.
852 1093 872 1116 «
898 1073 1072 1119 Psallite
1103 1076 1194 1118 Deo
1226 1081 1374 1117 nostro
1405 1071 1451 1115 in
1473 1071 1651 1116 cithara.
1680 1088 1701 1112 »

326 1143 440 1197 Quid
463 1153 550 1198 est,
579 1163 600 1186 «
626 1147 677 1187 In
700 1145 897 1188 cithara?
921 1161 941 1184 »
963 1143 1088 1196 Quod
1103 1144 1193 1203 jam
1218 1142 1398 1202 exposui
1418 1176 1429 1196 ,
1454 1141 1564 1185 sicut
1593 1139 1705 1184 illud

321 1213 367 1256 in
387 1213 594 1272 psalterio
608 1213 804 1257 Psalmus
819 1249 829 1269 ,
849 1214 904 1257 sit
921 1222 964 1257 et
988 1214 1152 1256 cithara
1171 1213 1189 1269 ξ
1207 1228 1297 1256 non
1318 1211 1460 1256 solum
1481 1226 1608 1266 voce,
1629 1210 1706 1255 sed

321 1292 364 1327 et
386 1299 530 1342 opere.
562 1301 581 1324 «
608 1282 779 1327 Psallite
800 1287 890 1327 Deo
911 1291 1059 1340 nostro
1084 1283 1130 1325 in
1151 1282 1329 1325 cithara.
1358 1299 1378 1322 »

380 1356 476 1397 XV.
502 1356 616 1397 Ecce
633 1353 901 1398 confitemini
918 1388 929 1408 ,
955 1352 1196 1412 operamini
1218 1367 1348 1412 opera
1369 1349 1672 1395 misericordias
1687 1385 1700 1406 ‚

323 1444 343 1466 «
379 1423 552 1468 Psallite
592 1428 682 1469 Deo
719 1433 883 1470 nostro.
922 1425 1005 1469 Cui
1042 1428 1134 1469 Deo
1165 1426 1349 1468 nostro?
1384 1424 1469 1476 Qui
1511 1423 1705 1483 cooperit

322 1514 341 1536 »
378 1494 544 1539 coelum
577 1495 816 1540 nubibus1.
854 1494 1015 1548 »Quid
1048 1505 1133 1550 est,
1170 1514 1190 1537 «
1215 1495 1300 1548 Qui
1318 1495 1512 1554 cooperit
1540 1493 1705 1538 coelum

322 1585 343 1607 υ
379 1567 604 1610 nubibus?
629 1585 649 1608 n
675 1567 758 1620 Qui
785 1567 978 1625 contegit
1013 1567 1279 1626 Scripturam
1301 1566 1451 1625 figuris
1488 1574 1531 1609 et
1559 1580 1702 1609 sacra·

318 1638 491 1681 mentis.
519 1636 598 1680 Ille
635 1637 711 1697 qui
745 1636 945 1695 humiliat
981 1646 1227 1696 peccatores
1264 1652 1403 1696 usque
1434 1635 1488 1680 ad
1514 1645 1700 1690 terram,

316 1705 389 1750 ille
410 1707 484 1767 qui
503 1707 681 1765 suscipit
697 1716 968 1761 mansuetos‚
995 1725 1016 1749 ι(
1039 1707 1245 1767 Cooperit
1265 1705 1427 1751 coelum
1448 1705 1654 1750 nubibus.
1678 1723 1698 1746 η

318 1780 375 1822 Εῖ
396 1779 493 1838 quis
514 1779 660 1823 videat
675 1779 836 1823 coelum
849 1814 859 1834 ‚
881 1778 1001 1838 quod
1022 1787 1276 1838 coopertum
1291 1787 1354 1822 est
1374 1777 1593 1821 nubibus?
1605 1776 1703 1821 Noli

318 1847 491 1904 timere,
517 1848 617 1892 audi
635 1850 756 1909 quod
777 1849 974 1909 sequitur
993 1868 1001 1893 :
1032 1868 1051 1892 «
1069 1849 1155 1902 Qui
1174 1849 1368 1908 cooperit
1389 1846 1551 1892 coelum
1572 1846 1704 1890 nubi-

320 1934 340 1958 »
376 1917 481 1973 bus,
519 1919 595 1977 qui
623 1929 745 1978 parat
779 1928 905 1962 terrae
937 1918 1145 1978 pluviam.
1184 1919 1269 1972 Qui
1311 1917 1504 1977 cooperit
1538 1916 1702 1961 coelum

318 2006 339 2028 »
377 1988 572 2032 nubibus
600 2007 608 2032 ε
644 2006 662 2030 »
705 1990 936 2048 expavisti,
974 1989 1077 2049 quia
1105 2003 1202 2045 ¹non
1235 1988 1354 2033 vides
1384 1987 1568 2044 coelum3
1600 2001 1700 2031 cum

316 2057 503 2116 pluerit,
543 2057 826 2103 fructificabis
847 2094 857 2114 ,
898 2068 941 2103 θῖ
978 2073 1178 2102 serenum
1223 2058 1403 2103 videbis.
1445 2075 1465 2098 «
1496 2057 1702 2116 Cooperit

323 2145 342 2166 υ
378 2127 542 2171 coelum
561 2128 754 2172 nubibus
771 2164 782 2184 ,
808 2129 884 2188 qui
901 2138 1025 2184 parat
1046 2137 1171 2172 terrae
1190 2127 1383 2186 pluviam
1404 2142 1413 2168 :
1437 2145 1457 2167 »
1482 2126 1595 2171 forte
1616 2127 1700 2171 hoc

316 2196 417 2240 fecit
435 2198 644 2241 Dominus
666 2202 780 2242 Deus
802 2206 962 2242 noster.
988 2197 1077 2243 Nisi
1097 2198 1210 2241 enim
1234 2197 1491 2240 haberemus
1513 2197 1700 2241 occasio-

315 2282 415 2310 nem
434 2268 708 2311 obscuritatis
732 2268 1075 2327 Scripturarum3
1101 2268 1177 2311 ista
1199 2267 1321 2311 vobis
1336 2282 1425 2312 non
1439 2266 1696 2323 diceremus,

314 2338 471 2396 quibus
492 2337 701 2395 gaudetis.
730 2340 833 2382 Haec
855 2353 958 2396 ergo
983 2337 1159 2381 {ortasse
1182 2336 1329 2396 pluvia
1351 2346 1434 2392 cst,
1472 2336 1527 2380 ad
1564 2352 1696 2397 quam

315 2407 525 2466 gaudetis.
552 2408 745 2467 Exprimi
762 2408 883 2452 vobis
897 2423 972 2467 per
993 2407 1187 2465 linguam
1210 2416 1401 2452 nostram
1423 2422 1510 2451 non
1533 2416 1691 2466 posset,

363 2498 369 2513 ¹
393 2491 469 2523 [nal.
495 2503 600 2530 cxtvi,
622 2493 652 2523 ὃ.
