1815 3253
381 175 459 214 128
816 185 848 213 s.
886 185 1114 215 AUGUSTIM
1144 187 1326 215 nmscom

373 250 599 294 continent
621 265 664 294 30
705 266 727 294 a
747 260 937 310 peccato.
969 252 1141 295 Habent
1156 253 1353 296 timorem
1370 286 1381 307 ‚
1402 260 1445 295 et
1465 266 1541 311 per
1554 252 1753 297 timorem

372 320 599 365 continent
620 336 662 365 se
684 336 706 364 a
728 330 921 380 peccato.
950 322 1122 366 Timent
1142 322 1340 382 quidem,
1378 321 1453 365 sed
1487 338 1577 366 non
1607 331 1755 367 amant
1784 355 1787 365 4

368 390 595 450 justitiam.
618 392 730 435 Cum
748 400 892 434 autem
909 406 984 450 per
1002 391 1200 435 timorem
1215 391 1442 436 continent
1459 407 1502 436 se
1518 408 1541 435 a
1556 401 1750 451 peccato,

373 462 423 505 fit
443 461 713 505 consuetudo
728 462 905 521 justitiae
917 497 928 516 ‚
945 470 988 505 et
1009 461 1161 521 incipit
1180 461 1301 522 quod
1315 462 1475 506 durum
1493 471 1584 506 erat
1601 462 1750 517 amari,
1774 450 1787 470 '⁸

369 540 412 574 et
433 531 644 576 dulcescit
671 535 784 575 Deus
814 550 822 576 ε
848 540 890 575 et
917 532 1004 591 jam
1037 531 1189 591 incipit
1231 533 1364 576 homo
1394 541 1620 592 propterea
1635 533 1753 592 juste

374 602 545 657 vivere,
586 617 676 646 non
704 602 805 662 quia
828 602 950 646 timet
971 617 1150 661 poenas,
1182 602 1257 646 sed
1292 603 1394 662 quia
1427 611 1543 647 amat
1577 596 1775 647 aeterni-¹

373 681 520 716 tatem.
542 671 753 716 Exclusus
777 681 841 716 est
872 687 973 730 ergo
992 673 1121 716 timor
1143 688 1166 716 a
1181 673 1415 731 eharitate3
1453 673 1530 717 sed
1551 673 1754 718 successit
1778 675 1783 718 ,ἕ

374 743 500 786 timor
522 751 678 786 castus.
1770 751 1780 785 ι’
1814 748 1815 766 ³

429 815 550 856 VIII.
573 812 678 865 Quis
708 820 772 856 est
792 812 870 856 iste
894 813 1023 857 timor
1046 814 1221 857 castus?
1246 812 1494 857 Secundum
1519 827 1650 872 quem
1672 812 1751 856 de-

370 882 544 937 bemus,
564 882 716 927 fratres
734 884 846 939 mei,
869 883 1110 942 intelligere
1132 883 1252 943 quod
1274 884 1440 927 dictum
1464 892 1528 927 est
1552 902 1561 928 :
1588 902 1608 925 «
1634 883 1752 927 Beati
1774 894 1775 907 ³

372 972 391 994 »
428 969 576 997 omnes
609 954 684 1013 qui
722 954 876 997 timent
910 954 1144 998 Dominum
1164 988 1175 1009 ,
1216 954 1293 1014 qui
1330 953 1559 997 ambulant
1589 954 1634 996 in
1670 953 1751 997 viis
1767 981 1775 1009 ς,
1813 965 1815 979 ²

370 1041 390 1064 »
426 1024 529 1082 ejus.
567 1042 586 1064 »
613 1024 654 1067 Si
676 1032 871 1082 xpotuero
905 1022 1033 1081 digne
1061 1023 1202 1067 dicere
1231 1023 1285 1066 de
1313 1023 1395 1067 isto
1426 1023 1580 1067 timore
1609 1015 1769 1079 casto‚{

368 1093 601 1153 adjuvante
627 1094 812 1137 Domino
834 1096 924 1138 Deo
948 1103 1118 1149 nostro⁷
1143 1094 1269 1137 multi
1291 1093 1468 1138 fortasse
1492 1094 1576 1137 hoc
1596 1094 1750 1138 timore

367 1174 484 1209 casto
515 1165 902 1208 inflammabuntur
931 1166 974 1208 in
1009 1180 1198 1209 amorem
1235 1174 1416 1211 castum.
1450 1168 1538 1209 Nec
1574 1179 1749 1224 possum
1780 1191 1781 1194 =
1811 1164 1815 1190 „³

368 1234 582 1294 explicare
604 1234 808 1292 fortassis,
826 1235 906 1278 nisi
922 1236 1140 1294 proposita
1158 1234 1300 1295 aliqua
1319 1235 1616 1279 similitudine.
1630 1238 1749 1278 Pone

368 1305 558 1364 aliquam
581 1303 806 1348 foeminam
829 1313 1004 1359 castam,
1030 1305 1254 1348 timentem
1271 1305 1412 1349 virum
1437 1320 1563 1349 suum
1587 1323 1595 1348 :
1619 1297 1765 1362 aliam?

366 1391 479 1434 pone
498 1375 739 1418 adulteram
755 1409 766 1429 ‚
793 1384 835 1417 et
851 1374 940 1433 ipsa
964 1374 1088 1418 timet
1108 1375 1250 1419 virum
1271 1391 1414 1419 suum.
1445 1377 1572 1420 Casta
1594 1375 1716 1419 timet
1733 1366 1763 1430 ,J
1809 1376 1815 1416 'I

366 1462 420 1489 ne
457 1445 649 1490 discedat
671 1446 764 1502 vir3
789 1443 984 1488 adultera
1001 1480 1011 1500 ,
1045 1460 1100 1489 ne
1121 1445 1281 1489 veniat.
1317 1443 1434 1498 Quid
1455 1444 1489 1488 si
1509 1444 1639 1488 ambo
1667 1445 1746 1488 ab·
1807 1460 1810 1470 ⁸

365 1525 504 1560 sentes
522 1514 742 1560 sunt?llla
761 1514 884 1558 timet
905 1530 959 1558 nc
981 1516 1146 1569 veniat,
1166 1514 1237 1558 illa
1254 1530 1309 1558 ne
1326 1515 1482 1558 tardet.
1497 1514 1663 1558 Absens
1685 1524 1747 1558 est
1806 1520 1815 1542 a

363 1585 553 1646 quodam
575 1584 705 1628 modo
724 1585 792 1628 cui
810 1583 1056 1643 desponsati
1078 1600 1248 1640 sumus,
1275 1585 1426 1629 absens
1447 1593 1511 1629 est
1531 1584 1606 1644 qui
1623 1584 1746 1628 nobis
1806 1584 1812 1609 ’“’

364 1656 531 1699 arrham
549 1654 669 1698 dedit
689 1654 895 1714 Spiritum
914 1663 1111 1698 sanctum
1128 1689 1139 1710 ,
1162 1655 1315 1698 absens
1337 1663 1401 1698 est
1416 1654 1493 1713 qui
1518 1669 1595 1698 nos
1617 1653 1758 1712 redeffi
1806 1656 1815 1682 ³⁵

364 1727 442 1770 mit
464 1724 671 1782 sanguine
693 1739 771 1768 suo
791 1744 802 1781 3
827 1739 1008 1783 sponsus
1030 1722 1102 1767 ille
1120 1759 1130 1779 ,
1156 1740 1244 1784 quo
1267 1723 1378 1768 nihil
1404 1732 1466 1767 est
1487 1723 1710 1783 pulchrius
1730 1743 1757 1788 t,2
1813 1780 1814 1783 Ἴ

363 1797 437 1856 qui
454 1796 575 1856 quasi
598 1793 740 1838 foedus
762 1794 962 1854 apparuit
982 1795 1094 1838 inter
1110 1810 1263 1838 manus
1284 1795 1637 1855 persequentium
1657 1829 1668 1849 ‚
1689 1793 1757 1856 def

361 1882 450 1928 quo
474 1865 604 1926 paulo
627 1874 726 1908 ante
748 1864 921 1908 dicebat
943 1868 1073 1908 Isa'i'as
1093 1884 1101 1909 :
1132 1884 1151 1906 «
1171 1868 1228 1909 Et
1243 1865 1430 1910 vidimus
1444 1880 1542 1909 eum
1556 1899 1567 1920 ‚
1588 1873 1631 1908 et
1654 1857 1755 1908 noni

364 1956 384 1979 »
420 1936 611 1980 habebat
632 1935 816 1994 speciem
839 1950 981 1993 neque
998 1935 1199 1978 decorem
1214 1937 1272 1978 ¹.»
1298 1938 1414 1993 Ergo
1436 1950 1616 1994 sponsus
1638 1949 1741 1978 nos-
1804 1973 1806 1975 ,

361 2017 426 2052 ter
449 2006 593 2050 foedus
616 2007 706 2049 est?
726 2004 863 2048 Absit.
890 2005 1120 2057 Quomodo
1137 2005 1250 2048 enim
1274 2004 1397 2048 illum
1414 2005 1601 2063 virgines
1625 2020 1753 2051 ama-.

360 2088 483 2133 rent,
509 2094 607 2138 quae
630 2078 672 2120 in
704 2085 816 2120 terra
840 2076 1014 2120 maritos
1037 2092 1124 2120 non
1149 2076 1571 2136 quaesieruntPErgo
1597 2065 1752 2135 perse-l
1807 2138 1809 2142 v

359 2148 595 2209 quentibus
614 2145 760 2192 foedus
781 2147 1005 2205 apparuit3
1025 2155 1067 2189 et
1092 2146 1172 2190 nisi
1194 2161 1293 2189 cum
1318 2145 1488 2191 foedum
1507 2155 1751 2205 punirent„¹
1801 2151 1815 2172 ³¹

363 2236 450 2264 non
474 2218 707 2271 insilirent,
729 2233 817 2261 non
836 2215 1015 2274 flagellis
1038 2215 1281 2271 caederent,
1308 2232 1396 2261 non
1414 2217 1544 2276 spinis
1559 2231 1739 2260 corona·
1800 2217 1814 2240 ‘⁴‘

360 2298 476 2343 rent,
493 2304 580 2333 non
598 2288 733 2347 sputis
748 2287 1072 2330 inhonestarent
1095 2305 1102 2330 :
1123 2285 1197 2329 scd
1219 2287 1319 2345 quia
1342 2287 1486 2330 foedus
1508 2285 1590 2329 illis
1609 2278 1749 2345 appa-l
1800 2307 1803 2311 κ

357 2360 479 2402 rebat
495 2393 505 2412 ‚
532 2357 725 2401 fecerunt
752 2356 813 2399 illi
831 2357 908 2399 ista
928 2377 937 2412 3
963 2371 1050 2399 non
1073 2356 1187 2398 enim
1205 2355 1426 2402 habebant
1448 2354 1596 2400 oculos
1618 2355 1746 2406 unde!
1799 2357 1808 2384 ἓ

357 2430 552 2474 Christus
574 2427 756 2487 pulcher
772 2425 1006 2470 videretur.
1037 2424 1248 2478 Qualibus
1271 2425 1403 2470 oculis
1424 2425 1619 2469 Christus
1636 2411 1745 2484 pul-¹

403 2520 410 2536 ¹
432 2514 504 2545 lsai.
522 2523 586 2553 mn,
602 2521 635 2545 2.
