1815 3253
366 164 450 204 256
793 173 827 202 s.
862 172 1092 204 ,mausum
1123 176 1304 204 EPISCOPI

361 239 516 284 merito
539 240 674 300 quaeri
705 239 828 284 solet.
860 242 918 283 Et
945 240 1149 299 scriptum
1173 240 1413 285 invenimus
1436 239 1482 283 in
1504 239 1587 284 alio
1623 228 1776 285 psal-⁷
1799 224 1802 266 3

359 326 454 365 mo,
480 310 583 355 deos
618 311 745 355 etiarn
768 310 964 354 homines
999 309 1261 369 appellatos,
1299 309 1422 353 sicuti
1452 319 1536 365 est,
1573 329 1593 352 «
1627 314 1741 356 Deus
1798 323 1806 370 J

363 398 384 422 »
420 381 538 424 stetit
566 380 611 424 in
643 395 864 438 synagoga
887 378 1094 434 deorum,
1120 379 1166 422 in
1187 379 1330 424 medio
1360 389 1505 424 autem
1533 379 1634 424 deos
1656 379 1742 425 dis-

364 469 385 492 1)
421 452 571 495 cernit.
602 469 622 491 »
653 449 869 513 Etlpaulo
900 459 1022 509 post,
1054 469 1070 490 «
1106 452 1198 507 Ego
1223 450 1336 505 dixi,
1365 450 1431 494 Dii
1460 450 1557 506 estis
1591 459 1634 495 et
1664 449 1742 495 filii
1792 452 1813 506 f'.

364 539 385 563 »
421 520 575 566 excelsi
608 536 780 576 omnes,
810 536 886 565 vos
917 530 1063 564 autem
1095 529 1146 564 ut
1171 521 1366 565 homines
1393 521 1664 576 moriemini,
1700 530 1743 586 eij
1790 519 1813 577 f,

363 610 385 634 »
420 593 531 636 sicut
547 608 660 636 unus
682 607 733 635 ex
751 591 1019 651 principibus
1037 591 1196 635 cadetis
1220 593 1279 636 1.»
1302 591 1430 644 Quod
1447 592 1742 636 testimonium

362 663 493 706 etiam
514 662 724 706 Dominus
738 661 783 704 in
803 661 1040 719 Evangelio
1058 671 1367 705 commemorat
1384 661 1530 705 dicens
1552 681 1561 706 :
1591 664 1744 707 «Non-

365 750 386 773 »
422 748 476 775 ne
509 732 718 790 scriptum
750 740 814 774 est
844 731 888 774 in
917 734 1031 789 Lege
1054 741 1218 787 vestra,
1253 731 1376 791 quia,
1404 747 1483 789 ego
1517 731 1602 775 dixi
1630 751 1639 776 :
1675 731 1744 775 Dii
1791 734 1815 781 ·“’,

365 820 386 843 1)
423 801 550 845 estis?
575 801 618 846 Si
634 800 730 845 illos
755 800 862 844 dixit
885 801 1003 855 deos,
1030 800 1086 845 ad
1102 817 1210 861 quos
1232 816 1371 845 sermo
1392 801 1468 845 Dei
1490 800 1629 845 factus
1651 810 1740 857 est,

367 892 387 914 »
423 881 466 915 et
486 887 575 916 non
592 881 734 931 potest
754 870 860 915 solvi
878 871 1119 930 Scriptura,
1144 886 1275 932 quem
1297 875 1422 915 Pater
1444 871 1740 926 sanctificavit,
1810 920 1815 934 u

366 960 387 983 »
424 951 467 986 et
477 941 650 985 misitin
664 941 876 984 mundum
890 975 900 995 ,
919 956 993 985 vos
1007 940 1146 985 dicitis
1171 960 1179 986 :
1200 941 1302 1001 quia
1315 940 1590 999 Blasphemas
1607 975 1618 996 ,
1643 941 1745 1000 quia
1809 978 1814 996 7

366 1030 387 1054 »
422 1011 532 1066 dixi,
559 1011 692 1055 Filius
711 1011 786 1054 Dei
804 1026 900 1054 sum
920 1011 962 1051 2?
987 1029 1005 1052 »
1031 1013 1128 1056 Non
1150 1026 1252 1069 ergo
1277 1010 1378 1070 quia
1400 1010 1505 1054 boni
1526 1019 1626 1054 sunt
1648 1026 1743 1055 om-
1808 1001 1810 1006 ¹

363 1098 440 1125 nes
454 1117 464 1137 ,
486 1081 559 1125 sed
582 1081 683 1141 quia
706 1096 845 1124 sermo
869 1081 945 1125 Dei
962 1081 1017 1124 ad
1037 1079 1132 1125 illos
1151 1079 1291 1124 faetus
1310 1089 1373 1124 est
1387 1115 1398 1135 ,
1419 1080 1621 1139 appellati
1644 1089 1744 1125 sunt
1805 1121 1810 1147 Ξ

364 1151 439 1196 dii.
461 1155 570 1196 Nam
591 1152 624 1195 si
646 1160 870 1210 propterea
894 1151 992 1210 quia
1015 1151 1118 1194 boni
1134 1160 1273 1194 essent
1296 1166 1460 1203 omnes,
1482 1165 1571 1205 non
1592 1150 1650 1194 sic
1673 1165 1744 1195 eos
1774 1171 1776 1174 ’
1807 1175 1809 1182 ⁴

365 1221 635 1281 dijudicaret.
661 1223 773 1265 Cum
791 1221 906 1263 enim
924 1221 1098 1264 dixisset
1119 1240 1127 1264 :
1149 1239 1169 1262 «
1192 1224 1304 1264 Deus
1327 1220 1443 1264 stetit
1459 1220 1504 1263 in
1525 1235 1744 1279 synagoga
1776 1245 1814 1286 3·

365 1310 385 1333 »
422 1291 627 1348 deorum,
655 1308 675 1331 »
701 1305 791 1333 non
812 1290 892 1339 ait,
927 1293 977 1333 In
1000 1288 1142 1334 medio
1169 1291 1271 1334 deos
1296 1299 1339 1334 et
1360 1291 1553 1334 homines
1582 1289 1744 1334 diseer-

362 1361 455 1416 nit,
486 1370 695 1420 tanquam
730 1359 960 1403 ostendens
989 1359 1097 1419 quid
1123 1360 1290 1404 intersit
1321 1360 1432 1403 iuter
1465 1359 1567 1404 deos
1598 1369 1640 1403 et
1661 1361 1745 1404 ho-

363 1432 536 1475 mines:
561 1430 662 1481 sed,
694 1448 714 1470 «
750 1432 802 1472 In
820 1428 978 1482 medio,
992 1429 1154 1506 inqiiit,
1177 1429 1279 1506 deos
1295 1429 1513 1473 discernit.
1539 1447 1558 1471 »
1581 1429 1745 1474 Deinde

365 1588 464 1631 quae
497 1572 650 1630 utique
684 1585 770 1613 non
806 1570 1033 1624 omnibus,
1074 1569 1149 1613 sed
1185 1530 1343 1630 quib‘us
1325 1569 1447 1614 dam
1478 1569 1609 1625 dicit,
1644 1570 1744 1630 quia
1770 1586 1813 1648 ᾗ

365 1643 609 1685 discernens
627 1639 754 1696 dicit,
772 1648 813 1682 et
832 1648 977 1682 tamen
998 1639 1042 1682 in
1058 1639 1202 1683 medio
1221 1639 1323 1683 deos
1345 1638 1564 1683 discernit.
1775 1651 1781 1689 ε
1803 1686 1815 1702 η

427 1715 508 1755 ΙΙΙ.
538 1709 621 1755 Sed
644 1709 875 1769 quaeritur,
902 1709 934 1753 si
956 1709 1168 1764 homines,
1194 1708 1249 1753 ad
1271 1725 1379 1769 quos
1399 1725 1538 1753 sermo
1562 1709 1635 1753 Dei
1655 1708 1744 1754 fac-

365 1791 434 1825 tus
457 1789 544 1834 est,
570 1780 631 1823 dii
653 1789 878 1834 vocantui,
905 1788 1053 1822 utrum
1075 1788 1118 1822 et
1148 1778 1302 1856 Angeli
1329 1779 1512 1823 vocandi
1535 1788 1636 1823 sunt
1656 1779 1740 1836 dii,

365 1867 466 1896 eum
488 1849 739 1894 hominibus
754 1849 931 1977 ]113113Ὸ
910 1858 953 1893 et
973 1848 1380 1926 33110113111ῚΧ111111111
1399 1850 1625 1909 piaemium
1643 1865 1744 1908 pio·
1767 1866 1776 1892 .’

364 2063 501 2106 dictos
534 2059 721 2118 Angelos
748 2059 850 2104 deos
881 2079 889 2103 :
923 2058 998 2102 sed
1031 2074 1129 2102 cum
1163 2058 1217 2102 de
1248 2059 1431 2103 Domino
1462 2062 1551 2103 Deo
1559 2005 1781 2103 v'd‘icm'm'·
1755 2035 1815 2138 ,1ἑῖ

366 2130 795 2187 esset,‹<'le11ibilis
824 2146 952 2189 supei
974 2145 1121 2173 01111103
1144 2129 1246 2174 (1003
1266 2132 1297 2185 ⁵,
1321 2148 1341 2171 »
1365 2146 1442 2175 eur
1462 2131 1545 2176 hoc
1562 2130 1674 2175 dixe
1662 2131 1738 2186 rit,
1764 2154 1768 2174 ,ε

366 2192 574 2247 continuo
614 2199 735 2245 velut
771 2199 1026 2259 exponendo
1059 2201 1315 2259 conjunxit,
1364 2220 1384 2242 (1
1431 2201 1646 2253 Quoniam
1682 2200 1739 2244 dii

370 2293 386 2312 «
424 2271 627 2316 Gentium
651 2269 880 2314 daemonia.
908 2289 927 2310 »
963 2272 1099 2328 Super
1123 2269 1224 2313 iales
1248 2269 1349 2314 deos
1379 2270 1487 2314 dixit
1510 2271 1697 2316 Dominu

365 2342 601 2387 terribilem
619 2340 664 2383 in
687 2340 842 2384 sanctis
864 2340 964 2395 suis,
990 2356 1097 2400 quos
1120 2339 1253 2383 000103
1275 2340 1399 2395 feeit,
1425 2357 1447 2384 a
1469 2341 1628 2400 quibus
1650 2330 1736 2385 dte·
1783 2349 1796 2388 „s

413 2445 421 2460 ¹
454 2437 534 2469 [²5:11.
562 2446 655 2468 mxxxi
671 2461 679 2477 ,
705 2447 715 2469 1
737 2441 769 2468 et
788 2436 808 2468 6
823 2461 832 2478 ,
855 2446 885 2478 7.
906 2452 947 2458 -—-
974 2442 986 2458 ²
1011 2425 1102 2468 Joan.
1134 2446 1175 2477 x,
1207 2435 1324 2477 34-556.
1346 2453 1386 2458 -
1404 2435 1415 2459 3
1436 2436 1511 2468 Psal.
1532 2447 1626 2469 mxxxi
1645 2445 1674 2469 2.

364 2492 378 2523 la
398 2495 441 2526 Id.
465 2505 536 2534 xcv,
553 2492 584 2534 ΙΙ,
603 2498 666 2524 otc.
