1815 3253
366 215 606 246 ENAnnAno
638 219 684 246 ΙΝ
716 216 919 247 PsALMUM
950 221 1126 248 cxxxiv.
1337 208 1420 249 243

45 297 66 323 >›
101 296 290 342 cumque
309 280 452 326 voluit
472 281 590 326 fecit.
614 300 634 324 »
657 286 781 328 Latet
799 300 873 329 cor
890 284 1055 329 bonum
1073 319 1084 339 ,
1109 285 1215 330 latet
1235 301 1310 330 cor
1326 302 1422 332 ma-

42 351 157 407 lum,
178 352 357 407 abyssus
381 361 445 396 est
465 361 508 396 et
530 353 575 396 in
598 352 727 397 corde
748 354 865 398 bono
879 390 892 410 ,
913 363 955 398 et
977 355 1022 398 in
1041 354 1171 398 corde
1189 355 1303 400 malo
1323 375 1331 401 :
1349 357 1424 401 sed

42 423 136 467 haec
158 422 276 467 nuda
298 433 398 467 sunt
413 426 523 478 Deo,
549 440 677 483 quem
702 425 811 468 nihil
834 425 955 470 latet.
977 425 1237 470 Consolatur
1254 442 1328 471 cor
1345 427 1426 472 bo-

42 508 150 537 num
166 528 176 546 ‚
198 503 372 554 torquet
395 509 469 538 cor
491 493 668 538 malum.
700 515 720 538 «
739 495 895 539 Omnia
917 510 1018 553 ergo
1047 511 1147 555 quae
1166 496 1304 540 voluit
1326 496 1429 542 fecit

45 580 67 604 >›
101 563 145 606 in
168 563 280 608 coelo
302 573 344 607 et
362 564 407 607 in
420 573 555 618 terra,
577 565 621 608 in
647 567 754 609 mari
777 565 882 610 etin
904 566 1110 610 omnibus
1133 567 1312 624 abyssis.
1343 586 1363 609 »

100 635 245 677 XVII.
267 640 286 675 ‹'‹
305 634 520 679 Suscitans
542 635 679 679 nubes
702 635 757 679 ab
774 644 966 680 extremo
980 638 1183 679 terrae1.»
1209 639 1326 690 Quas
1344 653 1429 682 nu-

42 701 143 747 bes?
162 703 468 749 Praedicatores
491 705 815 750 Verbiveritatis
837 721 940 750 suae.
968 709 1029 750 De
1048 706 1207 766 quibus
1230 708 1425 752 nubibus

43 772 128 817 alio
158 773 254 818 loco
285 774 470 819 irascens
502 775 639 819 vineae
664 791 752 819 suae
779 777 913 830 dicit,
943 795 962 818 «
989 777 1209 822 Mandabo
1236 778 1430 823 nubibus

46 861 66 885 »
101 844 206 888 meis
229 857 290 888 ‘ne
311 845 465 904 pluant
488 862 618 905 super
639 846 755 891 illam
785 847 969 891 imbrem
984 850 1016 891 ².
1052 866 1072 889 »
1095 852 1152 893 Et
1183 865 1338 908 parum
1366 859 1429 894 est

44 913 248 957 excitasse
281 914 418 958 nubes
445 914 500 958 de
533 915 771 960 Jerusalem
796 917 865 960 vel
899 916 953 960 de
988 917 1143 974 Israel,
1178 935 1286 979 quas
1317 920 1433 964 misit

43 983 279 1044 praedicare
300 983 584 1042 Evangelium
604 1001 732 1030 suum
769 988 814 1030 in
846 996 940 1031 toto
974 988 1079 1032 orbe
1110 997 1351 1047 terrarum3
1376 990 1431 1034 de

45 1055 205 1115 quibus
235 1056 427 1099 nubibus
452 1055 620 1100 dictum
656 1066 746 1112 est,
777 1077 796 1099 «
823 1061 875 1101 In
908 1050 1083 1102 omnem
1111 1068 1270 1104 terram
1300 1061 1431 1105 exivit

47 1142 68 1167 »
103 1140 233 1169 sonus
256 1140 406 1169 eorum
426 1146 437 1183 3
459 1135 502 1169 et
532 1126 576 1169 in
596 1126 703 1170 fines
730 1126 845 1170 orbis
867 1136 993 1170 terrae
1014 1128 1146 1172 verba
1170 1144 1321 1174 eorum
1341 1131 1380 1188 ³3
1408 1147 1429 1171 »

45 1209 197 1254 parum
215 1205 279 1240 est
299 1197 382 1240 hoc
404 1215 412 1240 ε
433 1196 510 1240 sed
528 1197 629 1256 quia
648 1197 739 1255 ipse
753 1198 963 1241 Dominus
987 1199 1060 1252 ait,
1080 1217 1100 1240 «
1119 1198 1434 1244 Praedieabitur

47 1283 68 1308 »
101 1264 184 1311 hoc
201 1266 487 1324 Evangelium
506 1268 626 1325 regni
646 1268 691 1311 in
714 1277 807 1312 toto
829 1268 933 1312 orbe
956 1278 1169 1313 terrarum
1186 1305 1197 1325 ‚
1226 1270 1274 1315 in
1307 1272 1431 1315 testi-

47 1337 300 1381 »·monium
329 1338 535 1381 omnibus
558 1338 759 1394 gentibus
775 1373 785 1391 ‚
823 1347 866 1382 et
903 1347 1010 1383 tunc
1046 1340 1191 1383 veniet
1227 1341 1354 1385 finis⁴
1374 1377 1384 1396 ‚
1408 1359 1428 1383 n

45 1406 200 1451 excitat
220 1407 359 1451 nubes
378 1408 432 1451 ab
447 1417 639 1452 extremo
655 1417 795 1451 terrae.
813 1410 922 1452 Nam
941 1417 1160 1452 crescente
1178 1411 1430 1468 Evangelio,

0 1487 1 1513 ἓ
44 1478 163 1521 unde
181 1488 310 1522 erunt
335 1479 638 1538 praedicatores
659 1479 883 1537 Evangelii
904 1480 946 1522 in
984 1480 1144 1524 finibus
1168 1491 1294 1524 terrae
1315 1516 1326 1536 ‚
1352 1483 1433 1526 nisi

0 1567 2 1576 ’
43 1548 103 1592 ibi
119 1552 276 1592 excitet
286 1550 425 1592 nubes
443 1549 497 1593 ab
512 1558 704 1594 extremo
716 1552 867 1594 terrae?
886 1553 947 1594 De
964 1550 1063 1609 ipsis
1081 1560 1227 1601 autem
1242 1553 1435 1597 nubibus

0 1637 2 1647 ¹
43 1619 150 1679 quid
171 1621 408 1678 operatur?
437 1619 670 1678 «Fulgura
702 1620 747 1662 in
781 1619 976 1678 pluviam
1008 1618 1123 1665 fecit.
1153 1640 1172 1661 n
1204 1623 1344 1667 Minas
1379 1624 1435 1668 ad

43 1689 381 1734 misericordiam
404 1689 542 1743 flexit,
564 1689 619 1732 de
641 1690 878 1734 terroribus
895 1690 1102 1749 irrigavit.
1127 1694 1361 1744 Quomodo
1379 1695 1435 1740 de

0 1795 1 1798 η
47 1760 283 1804 terroribus
320 1760 541 1818 irrigavit?
561 1758 748 1812 Quando
770 1759 849 1803 tibi
878 1760 1069 1804 minatur
1092 1764 1205 1806 Deus
1228 1779 1305 1822 per
1328 1768 1436 1809 Pro-

0 1829 3 1862 ἰ
45 1831 219 1890 phetam
232 1840 274 1874 et
287 1846 364 1889 per
375 1830 650 1889 Apostolum,
660 1840 704 1874 et
713 1831 854 1883 times‚
866 1847 1013 1874 nonne
1027 1833 1268 1878 coruscatio
1281 1836 1435 1881 terruit

0 1918 3 1933 ⁵
46 1903 118 1945 te?
142 1901 227 1946 Sed
243 1917 343 1946 cum
369 1901 620 1961 poenitendo
650 1901 888 1959 corrigeris,
915 1911 958 1946 et
980 1903 1173 1960 agnoscis
1201 1904 1285 1948 hoc
1309 1906 1437 1949 mise-

0 2009 1 2012 ,
47 1970 229 2016 ricordia
251 1971 368 2023 fieri,
394 1971 439 2014 in
472 1971 666 2030 pluviam
689 1972 873 2015 vertitur
907 1970 1092 2029 fulguris
1120 1982 1273 2018 terror.
1304 1994 1323 2017 «
1352 1976 1437 2028 Qui

0 2064 4 2072 ·
51 2057 71 2082 »
105 2041 254 2085 educit
275 2051 427 2085 ventos
450 2041 504 2084 de
524 2041 738 2084 thesauris
761 2041 861 2084 suis.
886 2059 905 2081 »
933 2039 1120 2084 Eosdem
1146 2052 1255 2101 puto
1274 2045 1436 2102 praedi-

0 2134 4 2144 ·
50 2122 211 2158 catores
233 2121 277 2155 et
299 2112 438 2155 nubes
461 2120 502 2154 et
524 2120 676 2155 ventos
694 2146 704 2165 ,
732 2111 872 2154 nubes
895 2119 1071 2169 propter
1102 2126 1301 2170 carnem3
1332 2130 1440 2159 ven-

50 2193 114 2228 tos
133 2219 144 2239 ‚
178 2192 357 2243 propter
380 2183 595 2242 spiritum.
621 2182 770 2227 Nubes
803 2182 919 2225 enirn
941 2181 1168 2237 videntur,
1194 2186 1311 2228 venti
1337 2201 1439 2230 sen-

0 2277 6 2286 ·
50 2255 221 2300 tiuntur
233 2262 276 2296 et
290 2268 379 2296 non
391 2252 611 2295 videntur.
624 2252 820 2311 Denique
834 2252 1040 2311 quoniam
1056 2268 1229 2296 carnem
1243 2254 1441 2301 videmus

0 2323 4 2331 '
46 2325 141 2368 ‘esse
163 2323 217 2367 de
239 2332 378 2366 terra:
400 2340 419 2362 «
439 2322 608 2375 Nubes,
633 2322 798 2380 inquit,
824 2322 979 2365 excitat
994 2322 1048 2365 ab
1061 2332 1251 2368 extremo
1263 2333 1435 2370 terrae.»

53 2395 329 2454 Expresserat
350 2390 468 2435 unde
488 2390 643 2434 excitet
662 2391 802 2435 nubes
825 2410 833 2435 ε
854 2392 973 2435 venit
988 2391 1042 2434 ad
1063 2401 1214 2437 ventos
1237 2395 1339 2454 quia
1360 2397 1444 2456 spi-

97 2496 107 2512 1
135 2489 219 2521 Psal.
248 2499 388 2529 cxxxiv,
418 2498 449 2528 7.
482 2503 522 2508 -—
549 2493 562 2508 ²
592 2487 664 2518 lsai.
695 2497 740 2527 v,
770 2486 803 2518 6.
825 2503 866 2508 —
886 2485 899 2509 3
924 2487 1003 2518 Psal.
1034 2498 1134 2528 xvm,
1165 2488 1195 2519 5.
1217 2506 1259 2513 -—-
1278 2488 1295 2514 4
1324 2492 1438 2524 Matth.

55 2555 142 2587 xxiv,
163 2544 212 2585 14.

1168 2599 1230 2637 16.
