<?xml version="1.0" encoding="UTF-8"?>
<!DOCTYPE html PUBLIC "-//W3C//DTD XHTML 1.0 Transitional//EN"
    "http://www.w3.org/TR/xhtml1/DTD/xhtml1-transitional.dtd">
<html xmlns="http://www.w3.org/1999/xhtml" xml:lang="en" lang="en">
 <head>
  <title>
</title>
<meta http-equiv="Content-Type" content="text/html;charset=utf-8" />
  <meta name='ocr-system' content='tesseract 3.04.00' />
  <meta name='ocr-capabilities' content='ocr_page ocr_carea ocr_par ocr_line ocrx_word'/>
</head>
<body>
  <div class='ocr_page' id='page_1' title='image "./operaomniaaccura12auguuoft_0301.png"; bbox 0 0 1815 3253; ppageno 0'>
   <div class='ocr_carea' id='block_1_1' title="bbox 0 0 40 3253">
    <p class='ocr_par' dir='ltr' id='par_1_1' title="bbox 0 0 40 3253">
     <span class='ocr_line' id='line_1_1' title="bbox 0 0 40 3253; baseline 0 0"><span class='ocrx_word' id='word_1_1' title='bbox 0 0 40 3253; x_wconf 95' lang='lat' dir='ltr'> </span> 
     </span>
    </p>
   </div>
   <div class='ocr_carea' id='block_1_2' title="bbox 357 199 1430 236">
    <p class='ocr_par' dir='ltr' id='par_1_2' title="bbox 357 199 1430 236">
     <span class='ocr_line' id='line_1_2' title="bbox 357 199 1430 236; baseline 0.002 -2"><span class='ocrx_word' id='word_1_2' title='bbox 357 204 597 234; x_wconf 64' lang='lat' dir='ltr'>nnAimATio</span> <span class='ocrx_word' id='word_1_3' title='bbox 630 207 673 232; x_wconf 64' lang='lat' dir='ltr'>nv</span> <span class='ocrx_word' id='word_1_4' title='bbox 707 206 907 233; x_wconf 78' lang='lat' dir='ltr'>PsALMUM</span> <span class='ocrx_word' id='word_1_5' title='bbox 940 209 1133 234; x_wconf 85' lang='lat' dir='ltr'>cxxxvu.</span> <span class='ocrx_word' id='word_1_6' title='bbox 1352 199 1430 236; x_wconf 76' lang='lat'>291</span> 
     </span>
    </p>
   </div>
   <div class='ocr_carea' id='block_1_3' title="bbox 0 269 1440 2440">
    <p class='ocr_par' dir='ltr' id='par_1_3' title="bbox 52 269 1439 542">
     <span class='ocr_line' id='line_1_3' title="bbox 53 269 1436 330; baseline 0 -13"><span class='ocrx_word' id='word_1_7' title='bbox 53 273 300 318; x_wconf 88' lang='lat' dir='ltr'>ficationem</span> <span class='ocrx_word' id='word_1_8' title='bbox 317 281 508 316; x_wconf 86' lang='lat' dir='ltr'>nostram</span> <span class='ocrx_word' id='word_1_9' title='bbox 535 272 566 325; x_wconf 89' lang='lat'>¹,</span> <span class='ocrx_word' id='word_1_10' title='bbox 590 269 776 329; x_wconf 89' lang='lat' dir='ltr'>implens</span> <span class='ocrx_word' id='word_1_11' title='bbox 797 270 946 315; x_wconf 87' lang='lat' dir='ltr'>fideles</span> <span class='ocrx_word' id='word_1_12' title='bbox 963 271 1125 330; x_wconf 86' lang='lat' dir='ltr'>Spiritu</span> <span class='ocrx_word' id='word_1_13' title='bbox 1147 281 1311 327; x_wconf 84' lang='lat' dir='ltr'>sancto,</span> <span class='ocrx_word' id='word_1_14' title='bbox 1331 274 1436 317; x_wconf 88' lang='lat' dir='ltr'>mit-</span> 
     </span>
     <span class='ocr_line' id='line_1_4' title="bbox 52 342 1437 403; baseline -0.001 -14"><span class='ocrx_word' id='word_1_15' title='bbox 52 352 147 389; x_wconf 91' lang='lat' dir='ltr'>tens</span> <span class='ocrx_word' id='word_1_16' title='bbox 174 343 400 403; x_wconf 87' lang='lat' dir='ltr'>praedicari</span> <span class='ocrx_word' id='word_1_17' title='bbox 421 356 499 401; x_wconf 88' lang='lat' dir='ltr'>per</span> <span class='ocrx_word' id='word_1_18' title='bbox 527 350 696 400; x_wconf 87' lang='lat' dir='ltr'>gentes,</span> <span class='ocrx_word' id='word_1_19' title='bbox 725 360 745 383; x_wconf 95' lang='lat'>«</span> <span class='ocrx_word' id='word_1_20' title='bbox 778 342 905 400; x_wconf 84' lang='lat' dir='ltr'>Agite</span> <span class='ocrx_word' id='word_1_21' title='bbox 927 342 1255 401; x_wconf 87' lang='lat' dir='ltr'>poenitentiam,</span> <span class='ocrx_word' id='word_1_22' title='bbox 1276 359 1437 403; x_wconf 91' lang='lat' dir='ltr'>appro-</span> 
     </span>
     <span class='ocr_line' id='line_1_5' title="bbox 53 410 1439 473; baseline 0.002 -18"><span class='ocrx_word' id='word_1_23' title='bbox 53 430 75 456; x_wconf 85' lang='lat'>»</span> <span class='ocrx_word' id='word_1_24' title='bbox 109 413 339 473; x_wconf 89' lang='lat' dir='ltr'>pinquavit</span> <span class='ocrx_word' id='word_1_25' title='bbox 357 413 471 456; x_wconf 90' lang='lat' dir='ltr'>enim</span> <span class='ocrx_word' id='word_1_26' title='bbox 494 424 674 469; x_wconf 84' lang='lat' dir='ltr'>regnum</span> <span class='ocrx_word' id='word_1_27' title='bbox 699 410 910 455; x_wconf 88' lang='lat' dir='ltr'>coelorum</span> <span class='ocrx_word' id='word_1_28' title='bbox 927 414 960 456; x_wconf 74' lang='lat'>².</span> <span class='ocrx_word' id='word_1_29' title='bbox 993 429 1012 452; x_wconf 84' lang='lat'>»</span> <span class='ocrx_word' id='word_1_30' title='bbox 1040 414 1097 456; x_wconf 91' lang='lat' dir='ltr'>Et</span> <span class='ocrx_word' id='word_1_31' title='bbox 1114 427 1212 456; x_wconf 90' lang='lat' dir='ltr'>ecce</span> <span class='ocrx_word' id='word_1_32' title='bbox 1233 431 1253 454; x_wconf 92' lang='lat'>«</span> <span class='ocrx_word' id='word_1_33' title='bbox 1273 414 1439 472; x_wconf 86' lang='lat' dir='ltr'>Magni—</span> 
     </span>
     <span class='ocr_line' id='line_1_6' title="bbox 52 483 1165 542; baseline -0.003 -17"><span class='ocrx_word' id='word_1_34' title='bbox 52 499 74 525; x_wconf 79' lang='lat'>»</span> <span class='ocrx_word' id='word_1_35' title='bbox 107 483 253 528; x_wconf 88' lang='lat' dir='ltr'>ficavit</span> <span class='ocrx_word' id='word_1_36' title='bbox 271 497 400 542; x_wconf 91' lang='lat' dir='ltr'>super</span> <span class='ocrx_word' id='word_1_37' title='bbox 421 495 552 526; x_wconf 91' lang='lat' dir='ltr'>omne</span> <span class='ocrx_word' id='word_1_38' title='bbox 573 496 734 525; x_wconf 89' lang='lat' dir='ltr'>nomen</span> <span class='ocrx_word' id='word_1_39' title='bbox 750 490 948 525; x_wconf 91' lang='lat' dir='ltr'>sanctum</span> <span class='ocrx_word' id='word_1_40' title='bbox 969 497 1114 526; x_wconf 87' lang='lat' dir='ltr'>suurn.</span> <span class='ocrx_word' id='word_1_41' title='bbox 1144 499 1165 523; x_wconf 86' lang='lat'>»</span> 
     </span>
    </p>

    <p class='ocr_par' dir='ltr' id='par_1_4' title="bbox 0 551 1440 2440">
     <span class='ocr_line' id='line_1_7' title="bbox 108 551 1432 614; baseline -0.001 -15"><span class='ocrx_word' id='word_1_42' title='bbox 108 556 208 599; x_wconf 91' lang='lat' dir='ltr'><strong>VII.</strong></span> <span class='ocrx_word' id='word_1_43' title='bbox 245 573 263 594; x_wconf 88' lang='lat'>«</span> <span class='ocrx_word' id='word_1_44' title='bbox 300 557 350 598; x_wconf 90' lang='lat' dir='ltr'>In</span> <span class='ocrx_word' id='word_1_45' title='bbox 373 567 651 614; x_wconf 86' lang='lat' dir='ltr'>quacumque</span> <span class='ocrx_word' id='word_1_46' title='bbox 674 551 744 595; x_wconf 90' lang='lat' dir='ltr'>die</span> <span class='ocrx_word' id='word_1_47' title='bbox 775 552 1033 596; x_wconf 80' lang='lat' dir='ltr'>invocavero</span> <span class='ocrx_word' id='word_1_48' title='bbox 1061 561 1125 606; x_wconf 88' lang='lat' dir='ltr'>te,</span> <span class='ocrx_word' id='word_1_49' title='bbox 1162 553 1249 597; x_wconf 90' lang='lat' dir='ltr'>cito</span> <span class='ocrx_word' id='word_1_50' title='bbox 1277 554 1432 598; x_wconf 83' lang='lat' dir='ltr'>exaudi</span> 
     </span>
     <span class='ocr_line' id='line_1_8' title="bbox 52 621 1434 683; baseline 0.002 -18"><span class='ocrx_word' id='word_1_51' title='bbox 52 639 73 666; x_wconf 83' lang='lat'>»</span> <span class='ocrx_word' id='word_1_52' title='bbox 108 639 178 668; x_wconf 91' lang='lat' dir='ltr'>me</span> <span class='ocrx_word' id='word_1_53' title='bbox 192 625 223 667; x_wconf 81' lang='lat'>³.</span> <span class='ocrx_word' id='word_1_54' title='bbox 247 643 267 665; x_wconf 87' lang='lat'>»</span> <span class='ocrx_word' id='word_1_55' title='bbox 293 627 455 678; x_wconf 81' lang='lat' dir='ltr'>Quare,</span> <span class='ocrx_word' id='word_1_56' title='bbox 481 623 592 667; x_wconf 79' lang='lat' dir='ltr'>cito?</span> <span class='ocrx_word' id='word_1_57' title='bbox 611 622 722 676; x_wconf 89' lang='lat' dir='ltr'><strong>Quia</strong></span> <span class='ocrx_word' id='word_1_58' title='bbox 745 631 793 666; x_wconf 94' lang='lat' dir='ltr'>tu</span> <span class='ocrx_word' id='word_1_59' title='bbox 814 621 981 676; x_wconf 78' lang='lat' dir='ltr'>dixisti,</span> <span class='ocrx_word' id='word_1_60' title='bbox 1007 641 1026 664; x_wconf 91' lang='lat'>«</span> <span class='ocrx_word' id='word_1_61' title='bbox 1050 621 1207 667; x_wconf 89' lang='lat' dir='ltr'>Adhuc</span> <span class='ocrx_word' id='word_1_62' title='bbox 1225 622 1434 683; x_wconf 83' lang='lat' dir='ltr'>loquente</span> 
     </span>
     <span class='ocr_line' id='line_1_9' title="bbox 54 693 1436 755; baseline 0.002 -19"><span class='ocrx_word' id='word_1_63' title='bbox 54 714 72 736; x_wconf 92' lang='lat'>»</span> <span class='ocrx_word' id='word_1_64' title='bbox 107 703 150 738; x_wconf 89' lang='lat' dir='ltr'>te</span> <span class='ocrx_word' id='word_1_65' title='bbox 171 694 312 738; x_wconf 87' lang='lat' dir='ltr'>dicam</span> <span class='ocrx_word' id='word_1_66' title='bbox 341 714 350 739; x_wconf 79' lang='lat'>2</span> <span class='ocrx_word' id='word_1_67' title='bbox 380 698 493 738; x_wconf 87' lang='lat' dir='ltr'>Eece</span> <span class='ocrx_word' id='word_1_68' title='bbox 515 693 668 737; x_wconf 82' lang='lat' dir='ltr'>adsum</span> <span class='ocrx_word' id='word_1_69' title='bbox 692 693 706 718; x_wconf 78' lang='lat'>⁴</span> <span class='ocrx_word' id='word_1_70' title='bbox 740 711 759 733; x_wconf 73' lang='lat' dir='ltr'>n</span> <span class='ocrx_word' id='word_1_71' title='bbox 784 695 953 747; x_wconf 89' lang='lat' dir='ltr'>Quare,</span> <span class='ocrx_word' id='word_1_72' title='bbox 989 712 1009 735; x_wconf 92' lang='lat'>«</span> <span class='ocrx_word' id='word_1_73' title='bbox 1034 693 1146 737; x_wconf 74' lang='lat' dir='ltr'>cito?</span> <span class='ocrx_word' id='word_1_74' title='bbox 1171 712 1190 734; x_wconf 67' lang='grc' dir='ltr'><strong>η</strong></span> <span class='ocrx_word' id='word_1_75' title='bbox 1217 695 1328 747; x_wconf 87' lang='lat' dir='ltr'>Quia</span> <span class='ocrx_word' id='word_1_76' title='bbox 1345 696 1436 755; x_wconf 85' lang='lat' dir='ltr'>jam</span> 
     </span>
     <span class='ocr_line' id='line_1_10' title="bbox 48 761 1435 823; baseline 0.001 -15"><span class='ocrx_word' id='word_1_77' title='bbox 48 779 138 808; x_wconf 91' lang='lat' dir='ltr'>non</span> <span class='ocrx_word' id='word_1_78' title='bbox 159 773 261 823; x_wconf 88' lang='lat' dir='ltr'>peto</span> <span class='ocrx_word' id='word_1_79' title='bbox 276 763 526 808; x_wconf 82' lang='lat' dir='ltr'>felicitatem</span> <span class='ocrx_word' id='word_1_80' title='bbox 550 773 780 816; x_wconf 77' lang='lat' dir='ltr'>terrenam,</span> <span class='ocrx_word' id='word_1_81' title='bbox 802 761 934 807; x_wconf 88' lang='lat' dir='ltr'>didici</span> <span class='ocrx_word' id='word_1_82' title='bbox 951 772 1150 807; x_wconf 90' lang='lat' dir='ltr'>sanctum</span> <span class='ocrx_word' id='word_1_83' title='bbox 1171 764 1435 809; x_wconf 90' lang='lat' dir='ltr'>desiderium</span> 
     </span>
     <span class='ocr_line' id='line_1_11' title="bbox 50 832 1435 891; baseline 0.001 -13"><span class='ocrx_word' id='word_1_84' title='bbox 50 832 106 878; x_wconf 91' lang='lat' dir='ltr'>de</span> <span class='ocrx_word' id='word_1_85' title='bbox 118 836 241 879; x_wconf 90' lang='lat' dir='ltr'>Novo</span> <span class='ocrx_word' id='word_1_86' title='bbox 257 837 547 877; x_wconf 88' lang='lat' dir='ltr'>Testamento.</span> <span class='ocrx_word' id='word_1_87' title='bbox 568 836 665 877; x_wconf 91' lang='lat' dir='ltr'>Non</span> <span class='ocrx_word' id='word_1_88' title='bbox 678 841 779 891; x_wconf 87' lang='lat' dir='ltr'>peto</span> <span class='ocrx_word' id='word_1_89' title='bbox 796 842 972 887; x_wconf 87' lang='lat' dir='ltr'>terram,</span> <span class='ocrx_word' id='word_1_90' title='bbox 993 846 1082 877; x_wconf 87' lang='lat' dir='ltr'>non</span> <span class='ocrx_word' id='word_1_91' title='bbox 1099 833 1435 879; x_wconf 86' lang='lat' dir='ltr'>foecunditatem</span> 
     </span>
     <span class='ocr_line' id='line_1_12' title="bbox 49 902 1437 963; baseline 0.001 -15"><span class='ocrx_word' id='word_1_92' title='bbox 49 904 282 958; x_wconf 87' lang='lat' dir='ltr'>carnalem,</span> <span class='ocrx_word' id='word_1_93' title='bbox 304 919 393 948; x_wconf 93' lang='lat' dir='ltr'>non</span> <span class='ocrx_word' id='word_1_94' title='bbox 408 903 591 947; x_wconf 91' lang='lat' dir='ltr'>salutem</span> <span class='ocrx_word' id='word_1_95' title='bbox 610 902 909 963; x_wconf 79' lang='lat' dir='ltr'>temporalem,</span> <span class='ocrx_word' id='word_1_96' title='bbox 936 918 1025 948; x_wconf 90' lang='lat' dir='ltr'>non</span> <span class='ocrx_word' id='word_1_97' title='bbox 1046 904 1321 948; x_wconf 85' lang='lat' dir='ltr'>inimicorum</span> <span class='ocrx_word' id='word_1_98' title='bbox 1337 906 1437 950; x_wconf 55' lang='lat' dir='ltr'>sub*</span> 
     </span>
     <span class='ocr_line' id='line_1_13' title="bbox 45 969 1434 1035; baseline 0.002 -17"><span class='ocrx_word' id='word_1_99' title='bbox 45 973 296 1034; x_wconf 84' lang='lat' dir='ltr'>jectionem,</span> <span class='ocrx_word' id='word_1_100' title='bbox 316 969 407 1018; x_wconf 85' lang='lat' dir='ltr'>non</span> <span class='ocrx_word' id='word_1_101' title='bbox 432 973 625 1028; x_wconf 89' lang='lat' dir='ltr'>divitias,</span> <span class='ocrx_word' id='word_1_102' title='bbox 649 988 739 1017; x_wconf 89' lang='lat' dir='ltr'>non</span> <span class='ocrx_word' id='word_1_103' title='bbox 763 974 965 1028; x_wconf 90' lang='lat' dir='ltr'>honores,</span> <span class='ocrx_word' id='word_1_104' title='bbox 990 974 1101 1017; x_wconf 88' lang='lat' dir='ltr'>nihil</span> <span class='ocrx_word' id='word_1_105' title='bbox 1122 975 1279 1018; x_wconf 92' lang='lat' dir='ltr'>horum</span> <span class='ocrx_word' id='word_1_106' title='bbox 1303 985 1404 1035; x_wconf 91' lang='lat' dir='ltr'>peto</span> <span class='ocrx_word' id='word_1_107' title='bbox 1425 995 1434 1021; x_wconf 90' lang='lat'>:</span> 
     </span>
     <span class='ocr_line' id='line_1_14' title="bbox 48 1042 1440 1103; baseline 0.002 -15"><span class='ocrx_word' id='word_1_108' title='bbox 48 1043 146 1088; x_wconf 87' lang='lat' dir='ltr'>ideo</span> <span class='ocrx_word' id='word_1_109' title='bbox 176 1062 196 1085; x_wconf 91' lang='lat'>«</span> <span class='ocrx_word' id='word_1_110' title='bbox 221 1043 319 1088; x_wconf 91' lang='lat' dir='ltr'>Cito</span> <span class='ocrx_word' id='word_1_111' title='bbox 341 1043 497 1087; x_wconf 86' lang='lat' dir='ltr'>exaudi</span> <span class='ocrx_word' id='word_1_112' title='bbox 526 1055 610 1086; x_wconf 91' lang='lat' dir='ltr'>me.</span> <span class='ocrx_word' id='word_1_113' title='bbox 646 1061 666 1084; x_wconf 92' lang='lat'>»</span> <span class='ocrx_word' id='word_1_114' title='bbox 696 1043 807 1096; x_wconf 85' lang='lat' dir='ltr'>Quia</span> <span class='ocrx_word' id='word_1_115' title='bbox 838 1042 1026 1087; x_wconf 86' lang='lat' dir='ltr'>docuisti</span> <span class='ocrx_word' id='word_1_116' title='bbox 1056 1044 1162 1103; x_wconf 89' lang='lat' dir='ltr'>quid</span> <span class='ocrx_word' id='word_1_117' title='bbox 1185 1055 1357 1103; x_wconf 87' lang='lat' dir='ltr'>petam,</span> <span class='ocrx_word' id='word_1_118' title='bbox 1384 1047 1440 1091; x_wconf 89' lang='lat' dir='ltr'>da</span> 
     </span>
     <span class='ocr_line' id='line_1_15' title="bbox 48 1111 1438 1174; baseline 0.001 -16"><span class='ocrx_word' id='word_1_119' title='bbox 48 1111 168 1174; x_wconf 90' lang='lat' dir='ltr'>quod</span> <span class='ocrx_word' id='word_1_120' title='bbox 190 1123 306 1173; x_wconf 86' lang='lat' dir='ltr'>peto.</span> <span class='ocrx_word' id='word_1_121' title='bbox 344 1113 544 1157; x_wconf 89' lang='lat' dir='ltr'>Dicamus</span> <span class='ocrx_word' id='word_1_122' title='bbox 565 1112 690 1167; x_wconf 90' lang='lat' dir='ltr'>huic,</span> <span class='ocrx_word' id='word_1_123' title='bbox 718 1113 820 1156; x_wconf 82' lang='lat' dir='ltr'>Tale</span> <span class='ocrx_word' id='word_1_124' title='bbox 842 1112 1009 1172; x_wconf 90' lang='lat' dir='ltr'>aliquid</span> <span class='ocrx_word' id='word_1_125' title='bbox 1036 1114 1170 1172; x_wconf 83' lang='lat' dir='ltr'>petis?</span> <span class='ocrx_word' id='word_1_126' title='bbox 1197 1115 1438 1160; x_wconf 86' lang='lat' dir='ltr'>Audiamus</span> 
     </span>
     <span class='ocr_line' id='line_1_16' title="bbox 0 1182 1435 1245; baseline 0.001 -17"><span class='ocrx_word' id='word_1_127' title='bbox 0 1212 3 1222; x_wconf 56' lang='grc' dir='ltr'><strong>ι</strong></span> <span class='ocrx_word' id='word_1_128' title='bbox 49 1198 126 1229; x_wconf 85' lang='lat' dir='ltr'>nos</span> <span class='ocrx_word' id='word_1_129' title='bbox 142 1219 153 1240; x_wconf 92' lang='lat'>,</span> <span class='ocrx_word' id='word_1_130' title='bbox 184 1193 353 1228; x_wconf 90' lang='lat' dir='ltr'>eructet</span> <span class='ocrx_word' id='word_1_131' title='bbox 377 1183 632 1243; x_wconf 83' lang='lat' dir='ltr'>petitionem</span> <span class='ocrx_word' id='word_1_132' title='bbox 654 1197 773 1226; x_wconf 87' lang='lat' dir='ltr'>suam</span> <span class='ocrx_word' id='word_1_133' title='bbox 794 1217 805 1238; x_wconf 89' lang='lat'>,</span> <span class='ocrx_word' id='word_1_134' title='bbox 832 1192 875 1227; x_wconf 89' lang='lat' dir='ltr'>et</span> <span class='ocrx_word' id='word_1_135' title='bbox 901 1182 1126 1228; x_wconf 88' lang='lat' dir='ltr'>videamus</span> <span class='ocrx_word' id='word_1_136' title='bbox 1153 1185 1261 1244; x_wconf 85' lang='lat' dir='ltr'>quid</span> <span class='ocrx_word' id='word_1_137' title='bbox 1286 1195 1435 1245; x_wconf 69' lang='lat' dir='ltr'>petat,</span> 
     </span>
     <span class='ocr_line' id='line_1_17' title="bbox 0 1254 1438 1316; baseline 0.001 -15"><span class='ocrx_word' id='word_1_138' title='bbox 0 1275 3 1302; x_wconf 72' lang='grc' dir='ltr'><em>ε</em></span> <span class='ocrx_word' id='word_1_139' title='bbox 48 1264 92 1300; x_wconf 87' lang='lat' dir='ltr'>et</span> <span class='ocrx_word' id='word_1_140' title='bbox 112 1254 326 1300; x_wconf 88' lang='lat' dir='ltr'>discamus</span> <span class='ocrx_word' id='word_1_141' title='bbox 351 1270 429 1314; x_wconf 89' lang='lat' dir='ltr'>per</span> <span class='ocrx_word' id='word_1_142' title='bbox 455 1270 556 1298; x_wconf 91' lang='lat' dir='ltr'>eum</span> <span class='ocrx_word' id='word_1_143' title='bbox 577 1263 747 1314; x_wconf 88' lang='lat' dir='ltr'>petere,</span> <span class='ocrx_word' id='word_1_144' title='bbox 773 1263 822 1298; x_wconf 91' lang='lat' dir='ltr'>ut</span> <span class='ocrx_word' id='word_1_145' title='bbox 843 1268 1087 1298; x_wconf 89' lang='lat' dir='ltr'>mereamur</span> <span class='ocrx_word' id='word_1_146' title='bbox 1110 1256 1320 1316; x_wconf 86' lang='lat' dir='ltr'>accipere.</span> <span class='ocrx_word' id='word_1_147' title='bbox 1348 1260 1438 1303; x_wconf 88' lang='lat' dir='ltr'>Ve-</span> 
     </span>
     <span class='ocr_line' id='line_1_18' title="bbox 0 1323 1438 1388; baseline 0.003 -19"><span class='ocrx_word' id='word_1_148' title='bbox 0 1347 3 1374; x_wconf 85' lang='lat'><strong>:</strong></span> <span class='ocrx_word' id='word_1_149' title='bbox 49 1338 172 1369; x_wconf 86' lang='lat' dir='ltr'>neras</span> <span class='ocrx_word' id='word_1_150' title='bbox 188 1325 243 1369; x_wconf 91' lang='lat' dir='ltr'>ad</span> <span class='ocrx_word' id='word_1_151' title='bbox 260 1323 513 1379; x_wconf 82' lang='lat' dir='ltr'>Ecclesiam,</span> <span class='ocrx_word' id='word_1_152' title='bbox 535 1325 679 1369; x_wconf 88' lang='lat' dir='ltr'>nescio</span> <span class='ocrx_word' id='word_1_153' title='bbox 698 1324 804 1385; x_wconf 90' lang='lat' dir='ltr'>quid</span> <span class='ocrx_word' id='word_1_154' title='bbox 820 1325 952 1368; x_wconf 90' lang='lat' dir='ltr'>hodie</span> <span class='ocrx_word' id='word_1_155' title='bbox 970 1326 1198 1384; x_wconf 90' lang='lat' dir='ltr'>petiturus.</span> <span class='ocrx_word' id='word_1_156' title='bbox 1219 1328 1336 1380; x_wconf 89' lang='lat' dir='ltr'>Quid</span> <span class='ocrx_word' id='word_1_157' title='bbox 1359 1344 1438 1388; x_wconf 91' lang='lat' dir='ltr'>pu-</span> 
     </span>
     <span class='ocr_line' id='line_1_19' title="bbox 10 1395 1432 1454; baseline 0.002 -14"><span class='ocrx_word' id='word_1_158' title='bbox 10 1395 11 1400; x_wconf 71' lang='grc'>’</span> <span class='ocrx_word' id='word_1_159' title='bbox 49 1403 191 1440; x_wconf 83' lang='lat' dir='ltr'>tamus</span> <span class='ocrx_word' id='word_1_160' title='bbox 217 1410 395 1439; x_wconf 88' lang='lat' dir='ltr'>veneras</span> <span class='ocrx_word' id='word_1_161' title='bbox 435 1395 682 1454; x_wconf 78' lang='lat' dir='ltr'>periturus?</span> <span class='ocrx_word' id='word_1_162' title='bbox 717 1397 906 1438; x_wconf 89' lang='lat' dir='ltr'>Veneras</span> <span class='ocrx_word' id='word_1_163' title='bbox 948 1410 1050 1439; x_wconf 90' lang='lat' dir='ltr'>cum</span> <span class='ocrx_word' id='word_1_164' title='bbox 1083 1395 1297 1442; x_wconf 90' lang='lat' dir='ltr'>desiderio</span> <span class='ocrx_word' id='word_1_165' title='bbox 1331 1407 1432 1454; x_wconf 89' lang='lat' dir='ltr'>tuo,</span> 
     </span>
     <span class='ocr_line' id='line_1_20' title="bbox 0 1456 1437 1525; baseline 0.003 -16"><span class='ocrx_word' id='word_1_166' title='bbox 0 1488 5 1503; x_wconf 63' lang='grc' dir='ltr'>ι</span> <span class='ocrx_word' id='word_1_167' title='bbox 47 1466 192 1510; x_wconf 89' lang='lat' dir='ltr'>nescio</span> <span class='ocrx_word' id='word_1_168' title='bbox 213 1481 326 1525; x_wconf 91' lang='lat' dir='ltr'>quo,</span> <span class='ocrx_word' id='word_1_169' title='bbox 362 1465 530 1509; x_wconf 90' lang='lat' dir='ltr'>utinam</span> <span class='ocrx_word' id='word_1_170' title='bbox 560 1464 806 1519; x_wconf 89' lang='lat' dir='ltr'>innocenti,</span> <span class='ocrx_word' id='word_1_171' title='bbox 839 1456 917 1508; x_wconf 89' lang='lat' dir='ltr'>etsi</span> <span class='ocrx_word' id='word_1_172' title='bbox 949 1464 1126 1510; x_wconf 85' lang='lat' dir='ltr'>carnali.</span> <span class='ocrx_word' id='word_1_173' title='bbox 1156 1467 1240 1511; x_wconf 89' lang='lat' dir='ltr'>Sed</span> <span class='ocrx_word' id='word_1_174' title='bbox 1262 1484 1437 1514; x_wconf 88' lang='lat' dir='ltr'>remove</span> 
     </span>
     <span class='ocr_line' id='line_1_21' title="bbox 0 1534 1436 1600; baseline 0.003 -22"><span class='ocrx_word' id='word_1_175' title='bbox 0 1535 12 1574; x_wconf 67' lang='grc'>-“</span> <span class='ocrx_word' id='word_1_176' title='bbox 48 1535 339 1595; x_wconf 87' lang='lat' dir='ltr'>iniquitatem,</span> <span class='ocrx_word' id='word_1_177' title='bbox 363 1550 537 1579; x_wconf 90' lang='lat' dir='ltr'>remove</span> <span class='ocrx_word' id='word_1_178' title='bbox 554 1534 850 1579; x_wconf 82' lang='lat' dir='ltr'>carnalitatem</span> <span class='ocrx_word' id='word_1_179' title='bbox 879 1554 889 1579; x_wconf 73' lang='grc' dir='ltr'><strong><em>ι</em></strong></span> <span class='ocrx_word' id='word_1_180' title='bbox 910 1534 1026 1580; x_wconf 85' lang='lat' dir='ltr'>disce</span> <span class='ocrx_word' id='word_1_181' title='bbox 1048 1537 1156 1596; x_wconf 92' lang='lat' dir='ltr'>quid</span> <span class='ocrx_word' id='word_1_182' title='bbox 1170 1547 1306 1596; x_wconf 90' lang='lat' dir='ltr'>petas,</span> <span class='ocrx_word' id='word_1_183' title='bbox 1328 1540 1436 1600; x_wconf 88' lang='lat' dir='ltr'>quid</span> 
     </span>
     <span class='ocr_line' id='line_1_22' title="bbox 12 1604 1437 1654; baseline 0.005 -6"><span class='ocrx_word' id='word_1_184' title='bbox 12 1604 13 1648; x_wconf 62' lang='grc' dir='ltr'>ἐ</span> <span class='ocrx_word' id='word_1_185' title='bbox 46 1606 177 1650; x_wconf 91' lang='lat' dir='ltr'>hodie</span> <span class='ocrx_word' id='word_1_186' title='bbox 190 1605 380 1650; x_wconf 86' lang='lat' dir='ltr'>celebres</span> <span class='ocrx_word' id='word_1_187' title='bbox 391 1604 581 1649; x_wconf 86' lang='lat' dir='ltr'>attende.</span> <span class='ocrx_word' id='word_1_188' title='bbox 597 1604 850 1651; x_wconf 87' lang='lat' dir='ltr'>Natalitium</span> <span class='ocrx_word' id='word_1_189' title='bbox 864 1615 1025 1650; x_wconf 86' lang='lat' dir='ltr'>sanctae</span> <span class='ocrx_word' id='word_1_190' title='bbox 1041 1616 1085 1650; x_wconf 89' lang='lat' dir='ltr'>et</span> <span class='ocrx_word' id='word_1_191' title='bbox 1092 1606 1232 1652; x_wconf 84' lang='lat' dir='ltr'>beatae</span> <span class='ocrx_word' id='word_1_192' title='bbox 1244 1607 1437 1654; x_wconf 82' lang='lat' dir='ltr'>foeminae</span> 
     </span>
     <span class='ocr_line' id='line_1_23' title="bbox 12 1674 1434 1741; baseline 0.004 -21"><span class='ocrx_word' id='word_1_193' title='bbox 12 1692 14 1705; x_wconf 33' lang='grc' dir='ltr'>ἰ</span> <span class='ocrx_word' id='word_1_194' title='bbox 46 1675 254 1733; x_wconf 88' lang='lat' dir='ltr'>celebras,</span> <span class='ocrx_word' id='word_1_195' title='bbox 273 1684 316 1720; x_wconf 90' lang='lat' dir='ltr'>et</span> <span class='ocrx_word' id='word_1_196' title='bbox 327 1675 440 1720; x_wconf 90' lang='lat' dir='ltr'>forte</span> <span class='ocrx_word' id='word_1_197' title='bbox 451 1674 705 1720; x_wconf 86' lang='lat' dir='ltr'>felicitatem</span> <span class='ocrx_word' id='word_1_198' title='bbox 722 1684 939 1720; x_wconf 83' lang='lat' dir='ltr'>terrenam</span> <span class='ocrx_word' id='word_1_199' title='bbox 957 1675 1189 1722; x_wconf 86' lang='lat' dir='ltr'>desideras.</span> <span class='ocrx_word' id='word_1_200' title='bbox 1212 1678 1291 1724; x_wconf 90' lang='lat' dir='ltr'>Illa</span> <span class='ocrx_word' id='word_1_201' title='bbox 1303 1695 1434 1741; x_wconf 90' lang='lat' dir='ltr'>prop-</span> 
     </span>
     <span class='ocr_line' id='line_1_24' title="bbox 0 1746 1430 1809; baseline 0.004 -18"><span class='ocrx_word' id='word_1_202' title='bbox 0 1767 10 1784; x_wconf 91' lang='lat'>·-</span> <span class='ocrx_word' id='word_1_203' title='bbox 47 1756 112 1792; x_wconf 86' lang='lat' dir='ltr'>ter</span> <span class='ocrx_word' id='word_1_204' title='bbox 137 1746 400 1791; x_wconf 89' lang='lat' dir='ltr'>desiderium</span> <span class='ocrx_word' id='word_1_205' title='bbox 425 1755 626 1791; x_wconf 87' lang='lat' dir='ltr'>sanctum</span> <span class='ocrx_word' id='word_1_206' title='bbox 647 1746 810 1791; x_wconf 90' lang='lat' dir='ltr'>dimisit</span> <span class='ocrx_word' id='word_1_207' title='bbox 830 1746 1084 1791; x_wconf 88' lang='lat' dir='ltr'>felicitatem</span> <span class='ocrx_word' id='word_1_208' title='bbox 1099 1783 1110 1803; x_wconf 92' lang='lat'>,</span> <span class='ocrx_word' id='word_1_209' title='bbox 1135 1765 1268 1809; x_wconf 88' lang='lat' dir='ltr'>quam</span> <span class='ocrx_word' id='word_1_210' title='bbox 1290 1751 1430 1797; x_wconf 91' lang='lat' dir='ltr'>habe-</span> 
     </span>
     <span class='ocr_line' id='line_1_25' title="bbox 47 1816 1433 1879; baseline 0.004 -17"><span class='ocrx_word' id='word_1_211' title='bbox 47 1817 183 1862; x_wconf 87' lang='lat' dir='ltr'>batin</span> <span class='ocrx_word' id='word_1_212' title='bbox 204 1827 319 1862; x_wconf 86' lang='lat' dir='ltr'>terra</span> <span class='ocrx_word' id='word_1_213' title='bbox 344 1836 353 1861; x_wconf 92' lang='lat'>:</span> <span class='ocrx_word' id='word_1_214' title='bbox 379 1817 543 1861; x_wconf 85' lang='lat' dir='ltr'>dimisit</span> <span class='ocrx_word' id='word_1_215' title='bbox 565 1816 677 1862; x_wconf 88' lang='lat' dir='ltr'>filios</span> <span class='ocrx_word' id='word_1_216' title='bbox 710 1817 863 1862; x_wconf 89' lang='lat' dir='ltr'>flentes</span> <span class='ocrx_word' id='word_1_217' title='bbox 893 1827 937 1861; x_wconf 89' lang='lat' dir='ltr'>et</span> <span class='ocrx_word' id='word_1_218' title='bbox 966 1827 1178 1879; x_wconf 88' lang='lat' dir='ltr'>tanquam</span> <span class='ocrx_word' id='word_1_219' title='bbox 1209 1822 1433 1867; x_wconf 90' lang='lat' dir='ltr'>crudelem</span> 
     </span>
     <span class='ocr_line' id='line_1_26' title="bbox 48 1886 1434 1947; baseline 0.004 -16"><span class='ocrx_word' id='word_1_220' title='bbox 48 1897 230 1932; x_wconf 90' lang='lat' dir='ltr'>matrem</span> <span class='ocrx_word' id='word_1_221' title='bbox 259 1886 455 1932; x_wconf 90' lang='lat' dir='ltr'>dolentes</span> <span class='ocrx_word' id='word_1_222' title='bbox 471 1922 482 1941; x_wconf 82' lang='lat'>,</span> <span class='ocrx_word' id='word_1_223' title='bbox 510 1888 613 1947; x_wconf 91' lang='lat' dir='ltr'>quia</span> <span class='ocrx_word' id='word_1_224' title='bbox 633 1887 756 1932; x_wconf 87' lang='lat' dir='ltr'>velut</span> <span class='ocrx_word' id='word_1_225' title='bbox 776 1887 1025 1947; x_wconf 85' lang='lat' dir='ltr'>perdiderat</span> <span class='ocrx_word' id='word_1_226' title='bbox 1046 1890 1283 1935; x_wconf 88' lang='lat' dir='ltr'>humanam</span> <span class='ocrx_word' id='word_1_227' title='bbox 1306 1893 1434 1938; x_wconf 87' lang='lat' dir='ltr'>mise-</span> 
     </span>
     <span class='ocr_line' id='line_1_27' title="bbox 0 1956 1436 2018; baseline 0.005 -16"><span class='ocrx_word' id='word_1_228' title='bbox 0 1978 6 2007; x_wconf 74' lang='lat'>:</span> <span class='ocrx_word' id='word_1_229' title='bbox 49 1958 293 2013; x_wconf 83' lang='lat' dir='ltr'>ricordiam,</span> <span class='ocrx_word' id='word_1_230' title='bbox 313 1974 412 2018; x_wconf 83' lang='lat' dir='ltr'>quae</span> <span class='ocrx_word' id='word_1_231' title='bbox 431 1957 485 2002; x_wconf 89' lang='lat' dir='ltr'>ad</span> <span class='ocrx_word' id='word_1_232' title='bbox 501 1958 694 2002; x_wconf 86' lang='lat' dir='ltr'>divinam</span> <span class='ocrx_word' id='word_1_233' title='bbox 716 1956 949 2004; x_wconf 87' lang='lat' dir='ltr'>festinabat</span> <span class='ocrx_word' id='word_1_234' title='bbox 966 1975 1187 2005; x_wconf 90' lang='lat' dir='ltr'>coronam.</span> <span class='ocrx_word' id='word_1_235' title='bbox 1208 1964 1436 2009; x_wconf 88' lang='lat' dir='ltr'>Nesciebat</span> 
     </span>
     <span class='ocr_line' id='line_1_28' title="bbox 48 2027 1433 2088; baseline 0.004 -15"><span class='ocrx_word' id='word_1_236' title='bbox 48 2042 148 2073; x_wconf 89' lang='lat' dir='ltr'>vero</span> <span class='ocrx_word' id='word_1_237' title='bbox 168 2027 242 2072; x_wconf 88' lang='lat' dir='ltr'>illa</span> <span class='ocrx_word' id='word_1_238' title='bbox 272 2029 381 2088; x_wconf 89' lang='lat' dir='ltr'>quid</span> <span class='ocrx_word' id='word_1_239' title='bbox 403 2027 687 2083; x_wconf 88' lang='lat' dir='ltr'>desideraret,</span> <span class='ocrx_word' id='word_1_240' title='bbox 714 2028 821 2088; x_wconf 90' lang='lat' dir='ltr'>quid</span> <span class='ocrx_word' id='word_1_241' title='bbox 841 2029 1057 2074; x_wconf 77' lang='lat' dir='ltr'>calcaret?</span> <span class='ocrx_word' id='word_1_242' title='bbox 1077 2034 1274 2077; x_wconf 90' lang='lat' dir='ltr'>Imovero</span> <span class='ocrx_word' id='word_1_243' title='bbox 1296 2050 1433 2079; x_wconf 87' lang='lat' dir='ltr'>nove-</span> 
     </span>
     <span class='ocr_line' id='line_1_29' title="bbox 50 2097 1433 2159; baseline 0.005 -17"><span class='ocrx_word' id='word_1_244' title='bbox 50 2107 114 2142; x_wconf 86' lang='lat' dir='ltr'>rat</span> <span class='ocrx_word' id='word_1_245' title='bbox 131 2097 313 2157; x_wconf 88' lang='lat' dir='ltr'>psallere</span> <span class='ocrx_word' id='word_1_246' title='bbox 330 2113 476 2142; x_wconf 90' lang='lat' dir='ltr'>coram</span> <span class='ocrx_word' id='word_1_247' title='bbox 493 2097 669 2156; x_wconf 82' lang='lat' dir='ltr'>Angelis</span> <span class='ocrx_word' id='word_1_248' title='bbox 684 2098 774 2152; x_wconf 87' lang='lat' dir='ltr'>Dei,</span> <span class='ocrx_word' id='word_1_249' title='bbox 798 2113 1039 2159; x_wconf 85' lang='lat' dir='ltr'>eorumque</span> <span class='ocrx_word' id='word_1_250' title='bbox 1056 2100 1302 2147; x_wconf 85' lang='lat' dir='ltr'>desiderare</span> <span class='ocrx_word' id='word_1_251' title='bbox 1323 2120 1433 2149; x_wconf 87' lang='lat' dir='ltr'>con-</span> 
     </span>
     <span class='ocr_line' id='line_1_30' title="bbox 51 2168 1433 2227; baseline 0.005 -15"><span class='ocrx_word' id='word_1_252' title='bbox 51 2169 250 2223; x_wconf 88' lang='lat' dir='ltr'>sortium,</span> <span class='ocrx_word' id='word_1_253' title='bbox 276 2168 508 2212; x_wconf 89' lang='lat' dir='ltr'>amicitiam</span> <span class='ocrx_word' id='word_1_254' title='bbox 535 2176 729 2211; x_wconf 88' lang='lat' dir='ltr'>sanctam</span> <span class='ocrx_word' id='word_1_255' title='bbox 751 2177 794 2212; x_wconf 88' lang='lat' dir='ltr'>et</span> <span class='ocrx_word' id='word_1_256' title='bbox 818 2183 999 2227; x_wconf 86' lang='lat' dir='ltr'>puram,</span> <span class='ocrx_word' id='word_1_257' title='bbox 1026 2170 1105 2213; x_wconf 87' lang='lat' dir='ltr'>ubi</span> <span class='ocrx_word' id='word_1_258' title='bbox 1135 2170 1316 2217; x_wconf 89' lang='lat' dir='ltr'>ulterius</span> <span class='ocrx_word' id='word_1_259' title='bbox 1343 2190 1433 2219; x_wconf 91' lang='lat' dir='ltr'>non</span> 
     </span>
     <span class='ocr_line' id='line_1_31' title="bbox 51 2237 1433 2300; baseline 0.005 -17"><span class='ocrx_word' id='word_1_260' title='bbox 51 2248 310 2292; x_wconf 86' lang='lat' dir='ltr'>moreretur,</span> <span class='ocrx_word' id='word_1_261' title='bbox 340 2238 417 2282; x_wconf 88' lang='lat' dir='ltr'>ubi</span> <span class='ocrx_word' id='word_1_262' title='bbox 449 2237 642 2297; x_wconf 86' lang='lat' dir='ltr'>judicem</span> <span class='ocrx_word' id='word_1_263' title='bbox 676 2248 821 2282; x_wconf 87' lang='lat' dir='ltr'>nosset</span> <span class='ocrx_word' id='word_1_264' title='bbox 852 2239 971 2298; x_wconf 91' lang='lat' dir='ltr'>apud</span> <span class='ocrx_word' id='word_1_265' title='bbox 1004 2256 1137 2300; x_wconf 89' lang='lat' dir='ltr'>quem</span> <span class='ocrx_word' id='word_1_266' title='bbox 1168 2257 1258 2286; x_wconf 91' lang='lat' dir='ltr'>non</span> <span class='ocrx_word' id='word_1_267' title='bbox 1289 2244 1433 2290; x_wconf 83' lang='lat' dir='ltr'>valere</span> 
     </span>
     <span class='ocr_line' id='line_1_32' title="bbox 0 2307 1430 2367; baseline 0.005 -15"><span class='ocrx_word' id='word_1_268' title='bbox 0 2331 6 2339; x_wconf 89' lang='lat'><em>-</em></span> <span class='ocrx_word' id='word_1_269' title='bbox 50 2318 189 2367; x_wconf 89' lang='lat' dir='ltr'>posset</span> <span class='ocrx_word' id='word_1_270' title='bbox 223 2308 515 2352; x_wconf 86' lang='lat' dir='ltr'>mendacium.</span> <span class='ocrx_word' id='word_1_271' title='bbox 551 2307 669 2361; x_wconf 89' lang='lat' dir='ltr'>Quid</span> <span class='ocrx_word' id='word_1_272' title='bbox 697 2323 821 2366; x_wconf 83' lang='lat' dir='ltr'>ergo,</span> <span class='ocrx_word' id='word_1_273' title='bbox 860 2309 906 2352; x_wconf 90' lang='lat' dir='ltr'>in</span> <span class='ocrx_word' id='word_1_274' title='bbox 941 2308 1013 2354; x_wconf 90' lang='lat' dir='ltr'>illa</span> <span class='ocrx_word' id='word_1_275' title='bbox 1049 2311 1138 2355; x_wconf 91' lang='lat' dir='ltr'>vita</span> <span class='ocrx_word' id='word_1_276' title='bbox 1169 2312 1290 2357; x_wconf 87' lang='lat' dir='ltr'>nulla</span> <span class='ocrx_word' id='word_1_277' title='bbox 1326 2325 1430 2360; x_wconf 89' lang='lat' dir='ltr'>sunt</span> 
     </span>
     <span class='ocr_line' id='line_1_33' title="bbox 5 2377 1427 2440; baseline 0.004 -18"><span class='ocrx_word' id='word_1_278' title='bbox 5 2386 8 2393; x_wconf 93' lang='grc'><strong>’</strong></span> <span class='ocrx_word' id='word_1_279' title='bbox 52 2377 165 2423; x_wconf 86' lang='lat' dir='ltr'>hona</span> <span class='ocrx_word' id='word_1_280' title='bbox 176 2381 193 2421; x_wconf 67' lang='grc' dir='ltr'>’Β</span> <span class='ocrx_word' id='word_1_281' title='bbox 215 2381 412 2423; x_wconf 88' lang='lat' dir='ltr'>Imovero</span> <span class='ocrx_word' id='word_1_282' title='bbox 425 2378 488 2421; x_wconf 90' lang='lat' dir='ltr'>ibi</span> <span class='ocrx_word' id='word_1_283' title='bbox 508 2377 598 2422; x_wconf 89' lang='lat' dir='ltr'>sola</span> <span class='ocrx_word' id='word_1_284' title='bbox 615 2387 717 2426; x_wconf 84' lang='lat' dir='ltr'>sunt</span> <span class='ocrx_word' id='word_1_285' title='bbox 736 2378 854 2423; x_wconf 85' lang='lat' dir='ltr'>bona</span> <span class='ocrx_word' id='word_1_286' title='bbox 869 2413 881 2433; x_wconf 91' lang='lat'>,</span> <span class='ocrx_word' id='word_1_287' title='bbox 901 2393 993 2423; x_wconf 85' lang='lat' dir='ltr'>non</span> <span class='ocrx_word' id='word_1_288' title='bbox 1009 2379 1132 2424; x_wconf 86' lang='lat' dir='ltr'>malis</span> <span class='ocrx_word' id='word_1_289' title='bbox 1144 2381 1278 2427; x_wconf 84' lang='lat' dir='ltr'>mixta</span> <span class='ocrx_word' id='word_1_290' title='bbox 1294 2384 1427 2440; x_wconf 87' lang='lat' dir='ltr'>bona,</span> 
     </span>
    </p>
   </div>
   <div class='ocr_carea' id='block_1_4' title="bbox 55 2471 1423 2572">
    <p class='ocr_par' dir='ltr' id='par_1_5' title="bbox 55 2471 1423 2572">
     <span class='ocr_line' id='line_1_34' title="bbox 99 2471 1423 2518; baseline 0.005 -12"><span class='ocrx_word' id='word_1_291' title='bbox 99 2479 109 2496; x_wconf 87' lang='lat'><em>¹</em></span> <span class='ocrx_word' id='word_1_292' title='bbox 141 2475 234 2507; x_wconf 87' lang='lat' dir='ltr'>Rom.</span> <span class='ocrx_word' id='word_1_293' title='bbox 263 2484 316 2517; x_wconf 76' lang='lat' dir='ltr'>iv,</span> <span class='ocrx_word' id='word_1_294' title='bbox 338 2476 395 2506; x_wconf 80' lang='lat'>25.</span> <span class='ocrx_word' id='word_1_295' title='bbox 423 2489 467 2496; x_wconf 93' lang='lat'>—</span> <span class='ocrx_word' id='word_1_296' title='bbox 492 2478 505 2496; x_wconf 84' lang='lat'>²</span> <span class='ocrx_word' id='word_1_297' title='bbox 531 2472 645 2506; x_wconf 86' lang='lat' dir='ltr'>Matth.</span> <span class='ocrx_word' id='word_1_298' title='bbox 674 2484 732 2515; x_wconf 87' lang='lat'>111,</span> <span class='ocrx_word' id='word_1_299' title='bbox 753 2482 785 2505; x_wconf 80' lang='lat'>2.</span> <span class='ocrx_word' id='word_1_300' title='bbox 812 2488 855 2497; x_wconf 93' lang='lat'><strong>—</strong></span> <span class='ocrx_word' id='word_1_301' title='bbox 879 2471 894 2497; x_wconf 81' lang='lat'>³</span> <span class='ocrx_word' id='word_1_302' title='bbox 921 2473 1004 2507; x_wconf 79' lang='lat' dir='ltr'>Psal.</span> <span class='ocrx_word' id='word_1_303' title='bbox 1023 2485 1174 2518; x_wconf 77' lang='lat' dir='ltr'>cxxxvii,</span> <span class='ocrx_word' id='word_1_304' title='bbox 1192 2476 1224 2509; x_wconf 83' lang='lat'>3.</span> <span class='ocrx_word' id='word_1_305' title='bbox 1252 2494 1292 2501; x_wconf 94' lang='lat'><strong>—</strong></span> <span class='ocrx_word' id='word_1_306' title='bbox 1309 2477 1326 2509; x_wconf 74' lang='lat'>4</span> <span class='ocrx_word' id='word_1_307' title='bbox 1352 2481 1423 2513; x_wconf 81' lang='lat' dir='ltr'>lsai.</span> 
     </span>
     <span class='ocr_line' id='line_1_35' title="bbox 55 2537 196 2572; baseline 0.007 -10"><span class='ocrx_word' id='word_1_308' title='bbox 55 2537 142 2571; x_wconf 65' lang='lat' dir='ltr'>tvm,</span> <span class='ocrx_word' id='word_1_309' title='bbox 162 2539 196 2572; x_wconf 87' lang='lat'>9.</span> 
     </span>
    </p>
   </div>
   <div class='ocr_carea' id='block_1_5' title="bbox 1164 2586 1228 2624">
    <p class='ocr_par' dir='ltr' id='par_1_6' title="bbox 1164 2586 1228 2624">
     <span class='ocr_line' id='line_1_36' title="bbox 1164 2586 1228 2624; baseline 0 0"><span class='ocrx_word' id='word_1_310' title='bbox 1164 2586 1228 2624; x_wconf 84' lang='lat'>19.</span> 
     </span>
    </p>
   </div>
  </div>
 </body>
</html>
