1815 3253
400 250 641 282 ENARRA'rlo
674 255 719 282 IN
753 253 955 282 rsALMnM
986 255 1124 282 eximi.
1368 244 1451 282 513

66 321 147 365 nisi
167 323 282 365 Deus
305 319 497 364 nubibus
513 319 751 378 figurarum
775 319 937 364 coelum
957 321 1275 380 Scripturarum
1295 335 1454 379 coope-

0 413 1 431 1
66 391 186 434 riret.
208 389 278 435 Ad
299 391 382 435 hoc
405 405 508 448 ergo
530 389 602 434 ille
623 390 816 449 cooperit
837 389 997 435 coelum
1016 390 1233 445 nubibus,
1258 399 1308 434 ut
1336 400 1460 450 paret

65 469 195 504 terrae
217 459 425 519 pluviam.
451 459 520 503 Ad
542 460 625 504 hoc
648 460 829 505 obscura
847 475 936 504 esse
956 459 1096 504 voluit
1113 460 1227 504 dicta
1255 461 1454 520 Prophe-

0 559 2 566 ·
65 539 207 574 tarum
229 565 239 584 ‚
265 540 316 574 ut
333 530 544 574 haberent
565 540 714 589 postea
737 530 847 575 servi
866 531 968 586 Dei,
991 530 1110 590 quod
1127 531 1456 590 interpretando

65 600 304 644 influerent
326 615 455 659 super
478 616 602 645 aures
619 609 663 644 et
694 600 825 645 corda
846 601 1076 645 hominum
1097 636 1108 656 ‚
1136 601 1457 660 ‘excipientium

66 670 121 713 de
143 669 337 713 nubibus
361 669 440 714 Dei
456 670 646 727 saginam
680 669 844 714 laetitiae
865 670 1079 730 spiritalis.
1111 690 1129 712 «
1156 672 1242 724 Qui
1265 671 1460 731 cooperit

66 758 87 782 »
123 739 286 785 coelum
308 740 503 785 nubibus
524 776 535 796 ‚
561 741 637 801 qui
658 750 782 801 parat
805 751 930 786 terrae
954 742 1163 801 pluviam.
1196 760 1216 784 »

121 811 242 854 XVI.
271 829 291 852 «
316 810 402 864 Qui
424 811 578 855 exoriri
597 810 702 855 facit
713 812 758 855 in
777 812 1003 856 montibus
1015 811 1202 868 foenum,
1224 821 1266 857 et
1278 813 1460 857 herbam

67 897 88 921 »
123 881 323 925 servituti
342 881 586 926 hominum.
603 900 623 924 »
644 885 757 927 Ecce
772 882 944 928 fructus
957 883 1134 943 pluviae.
1153 903 1172 925 «
1189 884 1275 937 Qui
1288 884 1459 939 exoriri,

67 967 88 991 »
122 950 289 1010 inquit,
314 951 419 995 facit
435 951 481 994 in
502 952 727 996 montibus
745 951 928 997 foenum.
952 971 973 995 »
993 953 1223 1014 Numquid
1245 969 1334 998 non
1352 963 1394 998 et
1412 954 1458 998 in

0 1055 7 1063 .
63 1029 178 1063 terra
200 1020 382 1064 humili?
406 1021 490 1066 Sed
519 1022 640 1081 quod
671 1037 882 1081 magnum
904 1032 982 1078 est,
1025 1043 1045 1065 «
1071 1026 1123 1067 In
1157 1025 1405 1079 montibus,
1435 1042 1455 1064 »

63 1092 236 1135 Montes
252 1089 356 1134 dicit
373 1090 564 1135 excelsos
586 1090 731 1135 saeculi
752 1111 760 1137 :
788 1092 932 1153 aliqua
945 1108 1103 1151 magna
1126 1093 1339 1151 dignitate
1351 1109 1461 1152 prae-

65 1160 178 1206 ditos
193 1197 204 1217 ,
223 1162 308 1206 hoc
339 1161 437 1207 loco
461 1171 629 1207 montes
667 1163 828 1222 accipe.
854 1166 913 1207 Et
935 1177 1025 1207 non
1047 1172 1112 1206 est
1145 1163 1304 1206 mirum
1321 1198 1332 1218 ,
1357 1163 1461 1222 quia

65 1231 154 1276 duo
176 1232 345 1276 minuta
367 1232 484 1275 misit
505 1232 650 1276 nescio
672 1248 773 1292 quae
811 1233 943 1277 vidua
975 1233 1021 1276 in
1046 1233 1457 1292 gazophylacium13

65 1311 178 1346 terra
194 1302 342 1346 attulit
363 1300 557 1356 foenum,
583 1310 697 1346 terra
719 1301 898 1346 humilis
920 1322 928 1347 :
955 1311 999 1346 et
1015 1318 1140 1347 mons
1155 1303 1303 1347 attulit
1323 1338 1333 1358 ‚
1353 1306 1459 1347 Zac-

63 1374 212 1418 chaeus
230 1373 302 1417 ille
325 1374 462 1433 major
486 1372 874 1418 Publicanorum2.
900 1376 995 1418 Hoc
1017 1375 1133 1418 enim
1155 1383 1247 1419 erat
1277 1375 1459 1418 mirabi-

62 1443 171 1499 lius,
209 1444 312 1503 quia
342 1458 468 1488 mons
494 1443 642 1487 attulit
673 1442 861 1488 foenum.
889 1446 1065 1497 Quanto
1102 1445 1217 1488 enim
1240 1443 1341 1489 elati
1359 1455 1462 1489 sunt

63 1512 264 1558 homines
283 1549 295 1569 ,
315 1522 438 1558 tanto
460 1513 578 1558 avari
595 1522 698 1557 sunt
717 1535 728 1572 3
752 1523 797 1558 et
812 1523 977 1574 quanto
1000 1514 1046 1558 in
1074 1515 1159 1559 hoc
1183 1515 1342 1559 saeculo
1364 1530 1460 1559 ma-

60 1584 201 1642 jores,
226 1592 350 1628 tanto
366 1583 466 1643 plus
489 1592 637 1627 amant
658 1582 830 1628 divitias
853 1599 963 1628 suas.
986 1583 1112 1628 Unde
1125 1583 1199 1628 ille
1212 1585 1343 1629 tristis
1362 1586 1463 1630 abs-

71 1654 200 1698 cessit
217 1688 228 1708 ,
254 1653 331 1714 qui
354 1653 584 1698 consilium
605 1652 707 1698 vitae
739 1662 915 1698 aeternae
936 1655 1112 1714 petebat
1133 1671 1157 1699 a
1178 1655 1382 1709 Domino,
1423 1665 1467 1700 et

65 1724 301 1785 appellavit
322 1740 424 1769 eum
445 1725 703 1783 magistrum
720 1725 910 1781 bonum,
928 1725 1076 1770 dicens
1094 1760 1105 1781 ‚
1130 1744 1150 1768 «
1170 1726 1287 1778 Quid
1304 1725 1462 1770 faciam

67 1813 88 1837 »
122 1804 173 1840 ut
193 1795 328 1841 vitam
350 1804 558 1840 aeternam
575 1795 789 1839 habeam?
808 1813 829 1837 »
850 1798 908 1840 Et
924 1795 998 1839 ille
1013 1831 1024 1851 ‚
1046 1815 1066 1838 «
1094 1798 1223 1840 Serva
1237 1795 1458 1840 mandata.

67 1883 89 1907 »
124 1867 263 1919 Quae?
284 1884 305 1908 »
328 1868 386 1911 Et
407 1865 518 1910 dixit
539 1884 548 1910 :
575 1864 784 1910 Mandata
804 1865 928 1925 legis.
958 1885 979 1908 «
1017 1868 1122 1911 Haec
1156 1866 1302 1911 omnia
1331 1866 1415 1911 feci
1437 1883 1461 1911 a

67 1939 295 1982 ‘uventute
315 1953 427 1982 mea.
449 1940 619 1992 Unum,
645 1937 810 1998 inquit,
846 1938 928 1981 tibi
963 1937 1098 1982 deest.
1130 1939 1205 1983 Vis
1235 1954 1325 1982 esse
1359 1954 1460 1998 per-

66 2026 88 2052 »
123 2009 293 2054 fectus?
316 2010 439 2054 Vade
459 2044 469 2065 ‚
494 2009 636 2053 vende
654 2009 799 2053 omnia
818 2018 894 2053 tua
916 2025 1016 2069 quae
1032 2009 1168 2053 habes
1187 2045 1198 2065 ,
1220 2019 1263 2054 et
1281 2009 1335 2054 da
1349 2026 1460 2070 pau-

66 2097 89 2122 »
122 2080 322 2140 peribus,
348 2088 392 2123 et
411 2079 594 2123 habebis
615 2080 871 2124 thesaurum
899 2079 945 2122 in
979 2079 1123 2137 coelo;
1153 2089 1197 2124 et
1227 2081 1358 2136 veni,
1391 2097 1460 2126 se-

67 2168 89 2193 »
123 2165 259 2210 quere
280 2165 366 2194 me.
390 2168 410 2191 »
433 2149 546 2202 Quid
567 2148 675 2193 dixit
692 2150 932 2194 Dominus?
947 2153 1061 2194 Ecce
1080 2165 1205 2195 mons
1220 2167 1263 2195 es
1282 2187 1292 2206 ‚
1314 2152 1461 2212 accipe

95 2220 285 2274 luviam,
311 2229 354 2263 et
387 2219 443 2263 da
480 2217 667 2262 foenum.
704 2220 817 2273 Quid
849 2220 963 2264 enim
993 2220 1175 2265 daturus
1207 2224 1282 2265 es?
1313 2238 1461 2267 nonne

86 2293 265 2335 oenum?
285 2290 461 2334 Etenim
478 2289 558 2333 ista
580 2290 748 2345 omnia,
775 2306 874 2351 quae
890 2290 1094 2335 Ecclesiae
1112 2291 1167 2336 ad
1189 2294 1462 2337 necessitates

69 2361 350 2406 servientium
369 2364 459 2405 Deo
471 2359 632 2403 dantur
645 2376 668 2404 a
682 2358 903 2416 divitibus,
919 2361 1027 2421 quid
1040 2371 1142 2405 sunt
1160 2362 1241 2405 nisi
1258 2362 1430 2407 foenum
1443 2365 1462 2404 ‘3

71 2432 270 2479 Carnalia
293 2432 410 2476 enim
443 2440 568 2488 sunt,
603 2440 647 2475 et
677 2430 733 2476 ad
754 2440 926 2492 tempus
947 2433 1198 2492 apparentia
1226 2452 1234 2478 :
1266 2434 1340 2478 sed
1370 2450 1461 2478 non

122 2538 128 2552 ¹
152 2531 250 2562 Marc.
272 2540 329 2569 xii,
347 2527 401 2569 42.
422 2545 463 2551 ——
490 2534 504 2551 2
522 2529 599 2560 Luc.
619 2538 687 2569 xix,
706 2528 780 2561 2-8.

235 2605 356 2634 cxix.
1225 2598 1276 2635 33
