1856 3268
452 244 694 276 ENARRATIO
726 248 772 275 m
803 246 1006 276 PsALML'M
1036 246 1136 273 cxx.
1439 233 1464 272 5

82 315 217 362 nescis
239 313 416 376 quando
437 323 648 359 venturus
686 323 750 359 est
777 322 827 358 ut
849 328 1017 373 semper
1039 319 1214 372 paratus
1235 311 1303 355 sis,
1332 310 1464 355 Illum

82 388 195 432 enim
217 384 571 447 patremfamilias
590 385 735 430 subito
753 383 984 444 occupabit
1000 383 1104 426 hora
1121 381 1211 436 illa,
1227 381 1300 441 qui
1320 391 1466 441 pater-

81 457 265 503 familias
296 456 508 516 superbus
526 456 790 513 significatus
812 464 890 499 est.
916 452 1014 499 Noli
1035 452 1149 496 velle
1167 467 1256 496 esse
1274 450 1465 511 paterfa-

81 527 218 572 milias
238 563 249 583 ,
275 536 319 571 et
334 543 424 571 non
442 536 483 571 te
500 526 646 571 subito
668 525 743 570 illa
764 527 871 570 hora
894 523 1139 583 occupabit.
1164 525 1221 567 Et
1242 523 1351 583 quid
1373 538 1463 577 ero,

80 599 247 659 inquis?
264 597 446 652 Qualem
465 596 621 642 audisti
641 597 695 641 de
718 597 905 651 Psalmo,
922 615 939 636 «
959 599 1128 655 Pauper
1145 603 1189 638 et
1212 593 1363 638 dolens
1386 609 1467 653 ego

83 687 104 711 »
138 684 233 713 sum
250 671 280 713 ¹.
312 689 329 709 »
359 669 401 714 Si
424 669 539 712 enim
563 683 726 728 pauper
744 677 786 711 et
805 666 956 711 dolens
975 666 1057 709 eris
1073 701 1084 720 ,
1110 681 1200 709 non
1215 665 1296 709 eris
1319 673 1466 724 pater-

63 739 262 785 ‚familias
283 775 294 795 ‚
320 753 451 799 quem
473 738 546 783 illa
578 739 683 783 hora
714 738 860 782 subito
889 737 1104 791 inveniet,
1129 745 1172 781 ct
1198 736 1343 780 subito
1371 751 1470 795 pre-

81 820 184 854 met.
218 809 548 854 Patresfamilias
575 810 688 853 enim
717 818 819 853 sunt
851 807 915 852 illi
936 843 946 863 ‚
972 808 1047 868 qui
1069 815 1380 866 praesumentes
1415 806 1470 850 de

83 879 394 940 cupiditatibus
417 879 503 923 suis
521 914 531 934 ,
558 889 601 924 et
622 881 667 923 in
689 878 851 923 deliciis
872 879 1000 939 hujus
1029 877 1175 922 saeculi
1193 877 1439 921 diffluentes
1456 912 1467 932 ,

83 960 252 996 tument
271 972 281 1008 3
306 960 349 995 et
366 950 594 1007 eriguntur
615 949 819 994 adversus
833 949 1041 1003 humiles,
1067 958 1110 993 et
1126 948 1337 993 insultant
1354 963 1472 992 sanc-

83 1022 136 1066 tis
162 1020 508 1080 intelligentibus
540 1030 767 1078 angustam
793 1021 907 1064 viam
926 1056 936 1075 ,
967 1036 1066 1080 quae
1094 1020 1216 1063 ducit
1240 1017 1295 1062 ad
1318 1019 1469 1063 vitam.

87 1092 261 1137 Talibus
289 1093 405 1135 enim
430 1092 577 1136 veniet
608 1091 680 1135 illa
703 1093 808 1136 hora
829 1091 975 1135 subito
1001 1111 1008 1135 :
1035 1091 1136 1151 quia
1158 1090 1263 1134 tales
1287 1099 1412 1134 erant
1432 1098 1477 1134 et

83 1164 129 1207 in
146 1162 299 1206 diebus
319 1165 432 1216 No‘e,
450 1178 639 1223 quorum
658 1161 825 1206 dierum
849 1162 1309 1206 commemorationem
1333 1159 1476 1205 audis-

83 1235 138 1279 tis
159 1233 318 1278 factam
340 1234 385 1277 in
406 1233 684 1292 Evangelio&
714 1234 782 1278 Sic
806 1234 887 1277 erit
907 1231 1119 1277 adventus
1141 1232 1241 1276 Filii
1258 1232 1446 1276 hominis
1461 1267 1472 1287 ‚

84 1305 255 1365 inquit,
282 1303 504 1365 quomodo
526 1305 571 1348 in
599 1305 730 1348 dibus
751 1307 843 1349 Noe
863 1305 894 1348 ³.
926 1322 942 1344 «
970 1303 1321 1358 Manducabant,
1345 1303 1475 1347 bibe-

88 1394 107 1417 »
142 1376 249 1420 bant
268 1411 279 1431 ,
304 1376 560 1430 nubebant,
586 1391 740 1419 uxores
758 1374 981 1419 ducebant
998 1410 1008 1430 ,
1034 1373 1317 1419 novellabant
1337 1409 1347 1429 ‚
1374 1373 1478 1418 aedi-

87 1465 107 1488 »
143 1446 334 1490 ficabant
354 1481 364 1499 ,
399 1445 538 1490 donec
571 1445 738 1490 introiit
758 1448 850 1490 Noe‘
884 1445 930 1489 in
953 1461 1124 1502 arcam3
1150 1454 1194 1489 et
1214 1445 1335 1489 venit
1357 1444 1476 1489 dilu-

90 1537 108 1558 »
143 1517 280 1571 vium,
293 1525 336 1560 et
353 1515 544 1575 perdidit
560 1518 780 1560 omnes4.»
794 1515 912 1569 Quid
929 1518 1058 1575 ergo?
1076 1517 1236 1560 Omnes
1249 1515 1474 1574 peribunt,

85 1587 161 1647 qui
197 1587 275 1630 ista
311 1586 504 1642 faciunt,
543 1587 619 1646 qui
649 1586 849 1641 nubunt,
888 1586 964 1646 qui
999 1601 1152 1630 uxores
1181 1584 1374 1640 ducunt,
1401 1585 1478 1644 qui

85 1656 332 1711 novellant,
358 1657 434 1717 qui
465 1656 712 1701 aedificant?
744 1659 842 1701 Non
873 1655 977 1700 :sed
1008 1656 1084 1716 qui
1117 1655 1171 1700 de
1208 1656 1275 1700 his
1313 1671 1480 1715 praesu-

86 1736 235 1781 munt,
267 1728 343 1770 sed
371 1727 448 1787 qui
476 1728 555 1771 ista
583 1730 674 1771 Deo
702 1725 964 1786 praeferunt,
993 1726 1069 1770 sed
1089 1726 1165 1786 qui
1185 1736 1364 1785 propter
1385 1726 1480 1770 haec

86 1796 308 1842 offendere
330 1801 470 1841 Deum
494 1798 581 1842 cito
603 1798 742 1857 parati
765 1806 881 1841 sunt.
908 1800 966 1841 At
993 1812 1097 1841 vero
1125 1798 1201 1857 qui
1222 1797 1313 1841 istis
1335 1797 1479 1841 omni-

87 1869 170 1913 bus
192 1877 267 1913 aut
289 1884 378 1913 non
401 1878 588 1912 utuntur
604 1905 614 1924 ,
637 1879 713 1913 aut
734 1878 923 1912 utuntur
945 1877 1154 1928 tanquam
1177 1884 1268 1912 non
1289 1877 1477 1924 utentes,

87 1939 184 2000 plus
201 1949 510 2000 praesumentes
527 1939 582 1983 de
603 1939 679 1984 illo
701 1940 778 2000 qui
802 1938 937 1993 dedit,
955 1954 1087 1999 quam
1110 1938 1165 1982 de
1181 1939 1247 1982 his
1261 1955 1361 1999 quae
1379 1938 1481 1983 data

89 2020 189 2055 sunt
206 2047 216 2066 ,
243 2020 287 2055 ct
308 2010 598 2069 intelligentes
616 2011 661 2054 in
683 2011 750 2055 his
769 2012 860 2071 ejus
883 2009 1227 2054 consolationem
1249 2019 1292 2054 et
1314 2011 1481 2055 miseri-

90 2081 279 2127 cordiam
301 2117 311 2137 ,
348 2091 391 2126 et
413 2098 501 2126 non
538 2083 738 2142 occupati
769 2082 894 2126 donis
914 2117 926 2138 ,
963 2097 1018 2126 ne
1040 2098 1062 2125 a
1089 2081 1298 2126 donatore
1320 2092 1482 2140 ruant3

90 2153 166 2213 qui
187 2152 291 2197 tales
312 2162 427 2207 sunt,
446 2169 536 2197 non
558 2153 655 2197 illos
676 2153 872 2198 inveniet
892 2153 1126 2212 imparatos
1149 2153 1256 2197 hora
1275 2152 1349 2196 illa
1372 2153 1484 2197 sicut

89 2223 175 2267 sur.
214 2222 389 2267 Talibus
423 2223 532 2267 dixit
567 2223 802 2283 Apostolus
828 2242 837 2268 ε
867 2242 887 2264 «
925 2226 1010 2267 Vos
1033 2231 1178 2266 autem
1202 2238 1290 2267 non
1317 2224 1417 2267 estis
1439 2224 1483 2268 in

0 2297 2 2323 l
23 2350 33 2360 ,
96 2314 112 2335 »
149 2293 336 2337 tenebris
357 2329 368 2347 ,
404 2303 454 2337 ut
475 2293 565 2338 dies
587 2293 659 2338 ille
681 2310 756 2338 vos
779 2303 987 2354 tanquam
1016 2294 1087 2337 fur
1107 2293 1478 2353 comprehendat,

94 2382 114 2404 »
150 2379 299 2408 omnes
323 2364 437 2407 enim
459 2380 535 2408 vos
557 2365 635 2408 tilii
654 2364 762 2409 lucis
784 2365 898 2419 estis,
915 2374 958 2409 et
980 2365 1058 2408 filii
1075 2364 1161 2408 diei
1180 2367 1210 2408 ⁵.
1231 2383 1250 2405 n
1270 2365 1374 2409 Ideo
1390 2368 1480 2409 Do-

92 2435 236 2478 minus
270 2450 368 2478 cum
393 2435 554 2480 diceret
588 2436 826 2479 timendam
861 2451 951 2480 esse
983 2437 1135 2480 horam
1166 2437 1275 2480 sicut
1308 2435 1448 2479 furem
1468 2471 1478 2491 ,

152 2537 161 2553 ¹
193 2531 274 2561 Psal.
304 2541 417 2569 mviii,
449 2531 500 2563 30.
530 2549 570 2554 —-
615 2539 626 2554 ²
656 2532 768 2563 Manli.
795 2544 854 2573 vu,
887 2532 1005 2564 1'1.——
1031 2531 1218 2572 31d..·<x1v,
1236 2533 1287 2573 37,
1309 2537 1340 2563 ct
1363 2530 1416 2573 ’,4.
1440 2549 1481 2554 —-
1505 2537 1509 2540 ”

96 2584 541 2629 4L11c.x=.·11,26‚27.—5
566 2598 575 2617 1
598 2587 707 2618 Thess.
729 2598 758 2623 v,
784 2587 808 2629 ἰ
