1815 3253
360 201 443 240 350
789 210 824 238 s.
860 211 1090 240 Aucus'nm
1121 213 1303 240 Enscom

359 293 379 316 »
415 283 559 319 tent.»
577 275 704 319 Venit
727 274 810 319 illis
832 275 1001 319 miseria
1023 285 1066 319 et
1089 292 1177 320 non
1202 276 1388 321 tolerant
1409 294 1417 321 :
1433 277 1575 336 justus
1592 286 1738 322 autem
1760 303 1763 306 ·

354 344 576 402 subsistit,
601 345 824 406 quomodo
847 345 920 389 ille
942 345 1162 402 subsistit,
1189 346 1264 406 qui
1286 345 1391 390 dicit
1417 364 1426 390 :
1456 365 1476 388 «
1504 345 1589 391 Sed
1609 347 1738 391 etiam
1811 353 1815 389 i

358 432 379 456 »
414 413 651 472 gloriamur
671 416 717 459 in
745 415 1102 460 tribulationibus
1121 451 1132 470 ,
1167 416 1350 460 scientes
1373 417 1579 475 quoniam
1600 416 1740 461 tribu-

358 503 379 526 »
413 484 517 529 latio
538 486 792 544 patientiam
812 495 1018 545 operatur
1032 521 1043 540 ,
1068 485 1275 546 patientia
1298 486 1617 545 probationem,
1633 501 1738 546 pro—

357 574 376 597 »
412 556 529 601 batio
550 572 700 616 spem,
724 573 818 616 spes
841 566 988 601 autem
1010 572 1100 601 non
1117 555 1348 601 confundit
1372 575 1382 602 ε
1405 557 1614 618 quoniam
1637 558 1740 602 cha·
1779 561 1782 570 '
1810 614 1811 617 Ἴ

359 643 379 668 »
414 627 515 671 ritas
543 627 620 671 Dei
647 627 805 671 diffusa
830 637 893 672 est
926 628 972 671 in
1003 627 1208 672 cordibus
1239 627 1394 672 nostris
1416 643 1493 687 per
1531 627 1738 687 Spiritum
1809 630 1815 656 ¹¹

358 714 378 737 »
414 705 637 751 sanctum,
678 697 752 756 qui
787 696 913 741 datus
945 707 1007 741 est
1035 697 1206 742 nobis¹.
1235 716 1255 739 »
1287 700 1344 741 At
1368 713 1472 742 vero
1494 713 1623 757 super
1643 696 1740 742 illos
1808 700 1815 727 fl

355 781 457 810 cum
485 765 691 810 ceciderit
722 766 866 826 aliqua
889 782 1086 826 pressura
1103 802 1115 822 ,
1141 767 1284 827 aliqua
1307 767 1478 811 miseria
1496 801 1507 821 ‚
1531 783 1622 811 non
1642 767 1741 811 sub-

353 836 510 881 sistunt
529 871 540 890 ,
561 836 738 881 cadunt.
762 837 950 890 Quando
971 837 1084 881 enim
1107 837 1215 882 tales
1234 838 1463 897 patiuntur
1483 836 1739 898 hujusmodi

355 922 606 966 pressuras,
640 923 729 952 non
761 907 909 951 valent
930 907 1141 963 tolerare,
1164 907 1376 952 decidunt
1409 908 1455 951 in
1491 908 1741 968 iniquitates
1778 931 1780 940 v

356 976 487 1021 malas
505 997 516 1034 3
540 978 643 1037 quia
657 978 892 1022 traduntur
913 993 937 1021 a
954 977 1168 1022 desiderio
1185 993 1264 1023 suo
1285 978 1516 1038 peccatori.

414 1049 512 1092 XV.
542 1066 562 1090 «
583 1048 660 1092 Vir
674 1047 898 1107 linguosus
923 1063 1012 1092 non
1029 1048 1239 1106 dirigetur
1255 1063 1383 1108 super
1399 1051 1604 1092 terram2.
1622 1067 1644 1089 n
1664 1048 1741 1092 Vir
1776 1071 1779 1085 ι

353 1117 579 1176 linguosus
608 1126 724 1162 amat
752 1117 993 1162 mendacia.
1028 1118 1146 1171 Quid
1173 1118 1288 1162 enim
1326 1117 1389 1162 illi
1421 1127 1484 1162 est
1511 1117 1737 1177 voluptas,
1772 1127 1782 1180 j

353 1189 434 1232 nisi
463 1188 620 1250 loqui?
641 1192 739 1235 Non
766 1189 883 1233 enim
908 1188 1094 1233 attendit
1126 1189 1234 1249 quid
1265 1189 1500 1249 loquatur,
1535 1188 1642 1233 dum
1674 1188 1741 1234 lo-
1773 1199 1781 1246 ἡ

353 1330 488 1374 debet
509 1346 656 1375 servus
677 1331 770 1385 Dei,
795 1346 1001 1375 accensus
1022 1329 1106 1374 illis
1123 1330 1409 1385 carbonibus,
1430 1339 1473 1374 et
1494 1330 1585 1390 ipse
1609 1331 1741 1376 carbo
1769 1356 1778 1377 Δι

352 1399 549 1446 salutaris
573 1401 784 1445 effectus?
807 1400 953 1454 Qualis
975 1416 1064 1444 esse
1095 1399 1257 1444 debet?
1282 1403 1338 1445 Ut
1360 1401 1495 1460 magis
1516 1409 1638 1460 optet
1658 1417 1740 1445 au·
1801 1389 1815 1431 ³³

352 1471 444 1516 dire
469 1488 601 1532 quam
627 1471 795 1527 dicere,
821 1472 933 1516 sicut
956 1471 1166 1531 scriptum
1188 1480 1268 1515 est.
1297 1490 1318 1513 «
1350 1472 1412 1516 Sit
1433 1481 1577 1515 autem
1601 1472 1741 1517 omnis
1767 1446 1774 1519 l
1799 1474 1815 1503 ³³)

355 1562 376 1585 »
411 1545 544 1588 homo
570 1542 695 1589 velox
721 1543 775 1588 ad
799 1544 1066 1588 audiendum
1083 1578 1094 1598 ‚
1129 1542 1278 1587 tardus
1298 1543 1354 1587 ad
1370 1542 1640 1603 loquendum
1655 1545 1687 1587 ³.
1715 1561 1736 1586 »
1799 1547 1810 1574 Μ

351 1617 408 1658 Et
429 1614 463 1658 si
479 1614 572 1658 fieri
593 1624 735 1674 potest
749 1615 831 1658 hoc
853 1614 1028 1673 cupiat,
1054 1629 1143 1658 non
1166 1613 1328 1657 habere
1357 1613 1654 1658 necessitatem
1670 1613 1740 1658 lo*

351 1684 515 1744 quendi
544 1693 587 1728 et
620 1683 795 1728 dicendi
826 1693 870 1728 et
901 1682 1104 1728 docendi.
1131 1686 1245 1728 Ecce
1267 1683 1384 1727 enim
1406 1682 1503 1728 dico
1530 1683 1740 1729 Charitati
1779 1717 1781 1723 .

351 1757 515 1799 Vestrae
541 1774 550 1799 ε
581 1754 734 1798 fratres
758 1754 864 1810 mei,
888 1752 1111 1814 loquimur
1132 1769 1210 1797 nos
1227 1752 1360 1797 modo
1383 1753 1438 1798 ad
1458 1769 1534 1799 vos
1551 1789 1562 1809 ,
1587 1762 1637 1797 ut
1659 1753 1739 1798 ali-

349 1825 455 1886 quid
489 1825 723 1870 doceamus
745 1840 834 1869 vos.
864 1827 1039 1878 Quanto
1061 1823 1214 1868 melius
1235 1859 1245 1879 ,
1270 1839 1419 1868 omnes
1436 1824 1642 1869 sciremus
1659 1859 1670 1879 ,
1696 1833 1740 1869 et

350 1912 479 1941 nemo
502 1896 678 1940 doceret
701 1894 884 1939 alterum
903 1917 914 1952 3
943 1904 993 1939 ut
1026 1909 1115 1939 non
1139 1904 1248 1939 esset
1271 1894 1378 1939 alius
1400 1894 1604 1955 loquens,
1631 1894 1739 1939 alius

350 1967 528 2012 audiens
544 2002 555 2021 ,
584 1967 660 2010 sed
680 1971 830 2010 omnes
856 1964 1085 2009 audientes
1107 1980 1246 2009 unum
1272 1964 1396 2008 illum
1414 2000 1426 2020 ,
1451 1965 1521 2009 cui
1542 1963 1702 2009 dicitur
1723 1983 1733 2009 :
1787 2015 1789 2018 ¹

354 2057 374 2080 «
407 2037 589 2082 Auditui
610 2051 708 2080 meo
727 2035 849 2080 dabis
877 2034 1186 2079 exultationem
1209 2043 1252 2078 et
1271 2034 1467 2079 laetitiam
1489 2035 1540 2076 ⁴?
1564 2053 1584 2076 »
1611 2034 1737 2079 Unde
1778 2022 1815 2092 lm

348 2117 392 2153 et
420 2108 492 2152 ille
515 2111 705 2152 Joanflnes
723 2142 734 2161 ‚
759 2122 848 2150 non
877 2115 963 2149 tam
987 2104 1206 2163 gaudebat
1239 2105 1342 2164 quia
1364 2103 1630 2163 praedicabat
1647 2139 1657 2159 ,
1693 2113 1736 2149 et
1757 2097 1815 2174 ,ΑΒΗ

348 2179 448 2238 quia
473 2177 762 2236 loquebatur3
783 2175 858 2219 sed
881 2174 1097 2233 gaudebat
1122 2175 1223 2234 quia
1246 2174 1466 2218 audiebat.
1496 2175 1567 2219 Ait
1583 2174 1698 2218 enim
1722 2170 1745 2219 :⁴
1776 2169 1813 2220 sill·

351 2268 372 2292 «
407 2249 581 2293 Amicus
600 2256 744 2290 autem
767 2245 910 2305 sponsi
928 2254 1027 2300 stat,
1046 2254 1088 2289 et
1110 2245 1232 2289 audit
1253 2261 1369 2300 eum,
1386 2255 1429 2289 et
1447 2245 1606 2305 gaudio
1629 2261 1736 2304 gau-

351 2338 371 2361 »
406 2320 480 2363 det
499 2327 678 2378 propter
698 2331 849 2361 vocem
872 2315 1016 2375 sponsi
1034 2318 1094 2358 ⁵.»
1120 2318 1294 2375 Itaque,
1320 2314 1493 2371 fratres,
1514 2316 1600 2360 cito
1613 2316 1734 2359 dixe-
1785 2311 1815 2354 lei

348 2391 428 2434 rim
450 2388 661 2434 Charitati
683 2390 869 2442 Vestrae,
889 2386 967 2430 ubi
981 2386 1282 2446 unusquisque
1303 2387 1462 2445 probet
1483 2402 1548 2441 se,
1569 2402 1659 2430 non
1682 2395 1732 2431 ut
1752 2388 1757 2474 ⁵
1791 2392 1815 2426 tal

395 2493 403 2509 ¹
425 2489 514 2518 Rom.
532 2496 566 2524 v,
586 2484 661 2517 3-5.
683 2500 724 2507 —-
745 2490 757 2506 ²
776 2483 857 2515 Psal.
876 2493 1003 2524 cxxxix,
1025 2491 1077 2515 12.
1096 2499 1139 2505 ·-—
1158 2480 1171 2505 ³
1188 2481 1301 2514 Jacob.
1318 2493 1341 2524 1,
1364 2493 1414 2526 19.
1437 2498 1478 2505 —
1496 2480 1511 2512 4
1527 2482 1607 2514 Psal,
1629 2493 1659 2525 ι,
1679 2493 1727 2514 ιο.
1803 2454 1815 2497 [L

347 2558 387 2564 -
406 2540 421 2564 ⁵
442 2544 533 2574 Joan.
556 2551 608 2581 111,
629 2548 684 2581 29.
1750 2578 1753 2586 Δ
1800 2541 1814 2570 'l

1785 2239 1815 2285 «ios
