1815 3253
444 197 686 229 ENAnnAmo
718 201 764 228 IN
793 198 998 230 PsALMUM
1029 203 1170 231 chvr.
1414 191 1498 230 519

120 284 142 308 »
176 279 311 325 quam
332 264 530 309 habitare
551 265 597 308 in
617 264 1218 326 tabernaculispeccatorum.
1251 269 1340 313 Nec
1367 267 1412 311 in
1433 276 1501 311 ta-

12 337 33 354 ’·
57 363 59 366 -
120 354 142 378 »
177 334 421 380 bernaculis
442 335 522 379 viri
539 334 652 378 bene
673 335 844 379 sentiet.
868 353 889 376 ³)

179 407 279 450 XX.
304 405 388 450 Sed
414 404 520 465 quid
540 404 771 465 adjungit?
796 423 816 446 «
840 406 957 448 Bene
977 406 1133 450 sentiet
1155 406 1366 450 Dominus
1382 406 1427 450 in
1444 408 1502 451 ti-

120 493 142 517 »
177 475 399 519 mentibus
427 489 550 529 eum,
585 483 629 518 et
659 474 704 518 in
725 474 792 517 his
827 474 903 533 qui
935 484 1110 534 sperant
1135 475 1180 518 in
1213 475 1505 520 misericordia

120 564 141 587 »
177 546 313 605 ejus¹.
343 564 362 586 »
387 547 503 589 Bene
536 545 666 589 sentit
689 544 896 589 Dominus
924 545 969 588 in
990 544 1244 590 timentibus
1276 561 1391 590 eum.
1420 546 1504 591 Sed

118 615 336 676 numquid
367 616 425 660 sic
454 617 632 660 timetur
654 619 793 671 Deus,
822 616 1045 675 quomodo
1067 625 1111 661 et
1143 616 1281 661 latro?
1319 619 1429 662 Nam
1461 626 1504 660 et

119 686 229 730 latro
244 686 421 729 timetur
437 720 448 740 ,
474 695 518 729 et
540 686 674 730 bestia
696 686 874 730 timetur
888 720 899 740 ‚
926 694 969 730 et
989 686 1122 731 homo
1150 685 1337 746 injustus
1359 695 1403 730 et
1423 701 1504 746 po-

118 766 214 802 tens
235 756 425 800 multum
448 757 626 801 timetur
651 776 661 802 :
691 776 712 799 «
734 759 851 800 Bene
873 757 1029 801 sentiet
1052 758 1261 802 Dominus
1279 758 1324 801 in
1346 758 1507 801 timen-

121 845 142 869 »
178 827 296 870 tibus
330 842 446 870 eum.
491 846 508 868 »
555 826 640 871 Sed
678 826 901 887 quomodo
938 827 1194 871 timentibus
1228 843 1328 871 eum
1347 829 1366 872 P
1391 846 1412 869 «
1452 830 1508 871 Et

122 915 143 938 »
169 897 216 941 in
242 897 308 940 his
330 897 406 957 qui
424 906 598 956 sperant
619 897 664 940 in
685 896 978 942 misericordia
1014 899 1122 958 ejus.
1156 916 1177 938 »
1214 900 1326 942 Ecce
1363 897 1510 942 timuit

119 983 221 1013 eum
247 967 386 1011 'Judas
423 967 606 1012 traditor
635 968 793 1013 Christi
811 1003 821 1023 ‚
859 967 935 1013 sed
974 984 1064 1012 non
1110 969 1297 1028 speravit
1344 969 1389 1011 in
1421 969 1506 1012 mi-

119 1037 350 1083 sericordia
383 1038 529 1097 ipsius.
556 1042 708 1083 Postea
730 1039 847 1082 enim
866 1039 1076 1098 poenituit
1108 1055 1210 1083 eum
1226 1074 1237 1095 ,
1272 1040 1394 1099 quod
1416 1048 1506 1082 tra·-

120 1107 281 1152 diderit
321 1108 557 1152 Dominum
582 1124 593 1159 ;
626 1117 670 1152 et
712 1108 819 1152 dixit
838 1143 849 1163 ‚
896 1127 917 1150 «
955 1109 1135 1153 Peccavi
1151 1144 1163 1163 ,
1209 1109 1312 1168 quia
1349 1107 1509 1152 tradidi

122 1196 144 1220 »
179 1178 432 1237 sanguinem
446 1178 629 1237 justum.
658 1195 680 1219 »
706 1179 824 1221 Bene
845 1176 1023 1237 quidem
1035 1178 1218 1222 timuisti
1235 1198 1246 1234 3
1265 1177 1341 1222 sed
1357 1178 1392 1221 si
1413 1168 1511 1237 sp'e-

120 1264 235 1293 rares
258 1249 301 1292 in
325 1247 619 1293 misericordia
636 1249 728 1307 ejus
744 1282 755 1302 ,
782 1263 914 1308 quem
932 1248 1126 1292 timuisti.
1149 1248 1228 1292 Ille
1241 1247 1512 1307 desperando

120 1319 249 1374 abiit,
272 1327 316 1363 et
336 1319 496 1379 laqueo
513 1333 557 1362 se
578 1317 804 1377 suspendit
821 1321 853 1361 ².
879 1320 997 1377 Ergo
1030 1319 1089 1363 sic
1119 1318 1223 1362 time
1244 1318 1480 1362 Dominum
1497 1353 1508 1373 ‚

120 1398 171 1434 ut
187 1404 330 1449 speres
353 1389 400 1432 in
419 1388 712 1433 misericordia
729 1389 836 1447 ejus.
862 1388 904 1433 Si
922 1389 1046 1433 times
1067 1388 1280 1432 latronem
1296 1423 1307 1444 ‚
1339 1389 1395 1432 ab
1427 1388 1513 1434 alio

121 1475 263 1519 speras
285 1459 492 1503 auxilium
509 1493 520 1513 ,
545 1474 634 1503 non
650 1459 705 1502 ab
727 1474 779 1502 eo
800 1474 933 1518 quem
957 1459 1081 1503 times
1104 1478 1113 1503 :
1138 1459 1277 1518 poscis
1301 1458 1510 1502 auxilium

122 1531 176 1575 ab
192 1546 243 1574 eo
264 1545 397 1590 quem
420 1545 510 1574 non
539 1531 684 1584 times,
710 1528 915 1574 adversus
937 1545 1038 1574 eum
1060 1545 1190 1590 quem
1214 1529 1355 1574 times.
1384 1529 1427 1574 Si
1453 1529 1513 1573 sic

122 1601 248 1645 times
271 1604 408 1644 Deum
422 1635 433 1655 ,
459 1609 502 1644 et
522 1600 623 1644 ideo
640 1600 766 1644 times
788 1603 929 1644 Deum
947 1601 1050 1661 quia
1070 1609 1272 1660 peccator
1287 1616 1330 1643 es
1346 1631 1368 1655 ‚-
1384 1616 1407 1643 a
1424 1615 1513 1659 quo

123 1680 379 1731 accepturus
413 1686 457 1714 es
479 1669 688 1714 auxilium
720 1669 924 1714 adversus
954 1673 1123 1715 Deum?
1145 1673 1243 1723 Quo
1273 1671 1413 1714 iturus
1442 1671 1515 1713 es?

122 1741 231 1803 quid
253 1741 472 1786 facturus?
495 1742 568 1785 Vis
587 1741 641 1785 ab
658 1740 735 1785 illo
754 1739 936 1800 fugere?
954 1741 1023 1786 Ad
1052 1743 1194 1801 ipsum
1215 1741 1333 1799 fuge.
1359 1740 1434 1784 Vis
1451 1738 1515 1784 fu-

125 1828 225 1872 gere
247 1813 303 1856 ab
338 1813 480 1856 irato?
506 1815 627 1869 Fuge
650 1812 705 1855 ad
733 1810 969 1870 placatum.
996 1811 1188 1856 Placabis
1212 1821 1358 1855 autem
1388 1826 1512 1865 eum,

124 1884 159 1928 si
190 1899 331 1943 speres
354 1884 399 1927 in
419 1882 712 1928 misericordia
734 1883 894 1942 ipsius3
921 1892 1052 1943 atque
1074 1884 1133 1927 ita
1162 1882 1216 1927 de
1238 1892 1394 1926 caetero
1412 1897 1515 1941 pee-

125 1970 222 1999 care
246 1969 393 1998 caveas
413 1989 423 2007 ‚
446 1963 496 1997 ut
513 1953 568 1997 de
589 1953 817 2012 praeteritis
835 1952 1077 2012 depreceris
1095 1989 1106 2007 ‚
1129 1962 1179 1997 ut
1197 1953 1277 1997 tibi
1294 1952 1517 1997 dimittan-

125 2035 198 2070 tur
214 2041 238 2069 a
261 2025 468 2079 Domino,
494 2025 565 2069 cui
603 2033 666 2068 est
688 2025 830 2068 honor
860 2033 903 2068 et
933 2025 1165 2084 imperium
1201 2039 1304 2070 cum
1327 2027 1454 2068 Patre
1473 2032 1516 2067 et

129 2096 292 2156 Spiritu
313 2104 462 2140 sancto
480 2095 526 2139 in
549 2094 708 2139 saecula
729 2094 1006 2140 saeculorum.
1028 2098 1183 2139 Amen.

176 2199 185 2216 ¹
205 2191 286 2224 Psal.
307 2202 415 2232 cxw1,
437 2201 488 2223 ιι.
511 2208 552 2215 -
574 2198 588 2215 ²
603 2190 719 2224 matth.
734 2201 834 2232 xxvu,
855 2191 907 2223 15.

445 2410 548 2442 FINIS
571 2409 669 2442 TOMI
695 2408 911 2442 CENTESIMI
935 2407 1206 2441 DECIMI-NONI.
