1815 3253
367 163 451 202 226
797 173 830 203 S.
868 174 1097 205 AUGUSTINI
1130 177 1312 204 EPISCOPI

365 255 475 293 suae,
507 248 778 284 veneratores
811 241 997 284 nominis
1033 242 1123 296 sui,
1158 242 1531 300 obtemperatores
1552 240 1788 286 mandati'

365 309 430 352 sui
461 308 506 351 id
539 307 695 364 docet,
726 310 844 353 utin
873 310 1132 354 conscientia
1154 326 1231 354 sua
1259 309 1449 353 habeant
1471 309 1745 354 dulcedinem
1786 338 1787 342 =

364 378 491 422 bonae
512 377 613 422 vitae
630 394 719 422 suae
737 414 747 435 ‚
774 394 829 422 ne
848 388 1185 438 corrumpantur
1206 376 1440 434 laudibus,
1466 395 1520 422 ne
1542 377 1747 437 stangan·
1784 416 1787 434 ἢ

366 457 436 492 tur
465 448 857 507 vituperationibus
892 448 1153 507 hominum3
1194 459 1359 510 quanto
1393 448 1528 508 magis
1562 449 1653 508 ipse
1675 449 1746 493 in·
1782 501 1785 507 .

363 516 682 562 commutabilis
711 534 839 577 super
872 518 1018 562 omnia
1047 518 1122 578 qui
1161 519 1254 563 haec
1288 518 1438 574 docet,
1470 534 1560 563 non
1596 519 1746 579 utique
1782 542 1785 588 ἐκ

364 589 499 647 major
527 588 576 632 fit
603 588 637 632 si
668 587 935 643 laudaveris,
962 603 1042 632 nec
1073 588 1218 632 minor
1245 588 1279 632 si
1302 588 1641 648 vituperaveris?
1663 588 1748 634 Sed
1780 589 1784 652 j

362 658 569 718 quoniam
592 657 718 702 nobis
740 657 913 717 expedit
933 656 1112 701 laudare
1133 659 1389 714 Dominum,
1414 658 1747 703 misericorditer

357 729 484 789 jubet
506 738 554 772 ut
582 727 811 772 laudemus
845 744 945 772 eum
978 744 1068 773 non
1089 738 1352 788 arroganter.
1380 728 1618 773 Audiamus
1647 744 1746 787 ergo
1778 758 1781 768 .

363 1007 508 1051 essetis
529 1042 539 1062 ,
567 1006 782 1051 deberetis
804 1006 983 1051 laudare
1004 1008 1239 1052 Dominum
1262 1027 1270 1052 :
1305 1016 1470 1067 quanto
1497 1008 1633 1066 magis
1669 1007 1746 1071 (16ητ

363 1078 473 1121 betis
495 1076 675 1121 laudare
703 1077 936 1121 Dominum
959 1078 1092 1132 servi,
1118 1087 1168 1121 ut
1190 1092 1278 1120 esse
1297 1078 1551 1120 mereamini
1574 1087 1617 1121 et
1637 1077 1746 1123 filiii}
1772 1114 1776 1142 ἶ

366 1588 386 1610 »
422 1584 563 1621 meas3
586 1578 629 1613 et
648 1570 825 1613 assumis
847 1579 1154 1613 testamentum
1172 1584 1319 1612 meum
1340 1585 1417 1628 per
1440 1585 1486 1613 os
1508 1571 1664 1613 tuum?
1681 1572 1759 1620 '1¹11

366 1657 386 1680 >›
422 1647 569 1682 autem
590 1638 718 1682 odisti
741 1637 1033 1698 disciplinam,
1068 1647 1112 1682 et
1139 1638 1357 1698 projecisti
1387 1653 1606 1682 sermones
1627 1653 1768 1690 meos..

366 1727 386 1750 a)
422 1717 519 1767 post
547 1717 588 1751 te
604 1709 619 1733 ⁴
641 1727 650 1753 2
680 1726 699 1749 »
723 1723 778 1751 ne
809 1707 921 1752 forte
943 1708 1201 1768 quisquam,
1231 1709 1439 1767 quoniam
1462 1708 1628 1754 dictum
1650 1717 1741 1760 ests
1764 1718 1767 1730 ¹

367 1797 388 1820 «
422 1778 617 1822 Laudate
634 1778 744 1821 servi
766 1778 1020 1832 Dominum,
1043 1796 1063 1819 »
1089 1778 1254 1822 etiamsi
1275 1779 1319 1822 in
1336 1777 1468 1822 domo
1491 1779 1569 1822 ista
1592 1793 1760 1837 magua*

362 1847 495 1893 suerit
516 1847 654 1893 malus
676 1864 822 1893 servus
838 1883 849 1903 ,
873 1857 999 1907 putet
1020 1849 1101 1892 sibi
1123 1847 1324 1908 prodesse
1347 1847 1522 1892 laudem
1545 1848 1739 1906 Dominig
1758 1847 1762 1873 ³

362 1919 571 1963 continuo
612 1918 759 1977 quales
798 1918 884 1962 sint
929 1918 1004 1978 qui
1038 1918 1215 1962 laudare
1254 1917 1444 1962 debeant
1481 1919 1740 1975 Dominum,
1760 1928 1768 1952 :-

362 1988 535 2048 subjicit
566 1997 608 2031 et
636 1988 764 2032 docet
790 2007 799 2032 ;
827 2007 847 2030 «
867 1988 950 2041 Qui.
971 1987 1089 2032 statis
1110 1988 1156 2031 in
1177 1987 1309 2031 domo
1332 1987 1533 2041 Domini,
1558 1987 1604 2030 in
1626 1987 1770 2046 atriis(

365 2076 385 2100 »
421 2057 577 2102 domus
607 2057 686 2102 Dei
711 2058 847 2102 nostri
866 2059 896 2100 ⁵.
937 2057 1022 2110 Qui
1048 2057 1191 2112 statis,
1223 2075 1242 2098 »
1275 2072 1364 2101 non
1396 2057 1472 2116 qui
1502 2057 1640 2101 ruitis.
1674 2056 1755 2111 Illis

361 2137 507 2171 autem
529 2137 641 2171 stare
667 2126 874 2170 dicuntur
888 2161 899 2182 ‚
934 2127 1011 2186 qui
1032 2127 1076 2170 in
1099 2125 1311 2170 mandatis
1332 2127 1426 2185 ejus
1445 2117 1737 2185 perseveranti,

360 2197 435 2256 qui
459 2198 503 2240 in
529 2196 613 2241 fide
636 2212 725 2240 non
747 2197 847 2241 ficta
864 2231 875 2251 ‚
906 2205 950 2240 et
986 2211 1060 2255 spe
1089 2196 1234 2250 firma,
1270 2204 1314 2239 et
1342 2196 1556 2240 charitate
1577 2196 1753 2246 sincerat
1779 2194 1783 2219 ²

361 2255 553 2312 serviunt
583 2269 674 2311 Deo
692 2300 703 2321 ‚
738 2275 782 2310 et
812 2267 1030 2310 honorant
1052 2264 1286 2309 Ecclesiam
1309 2265 1399 2324 ejus
1414 2299 1425 2320 ‚
1461 2274 1504 2309 et
1526 2280 1615 2310 non
1635 2264 1745 2316 dant„

361 2505 402 2510 —
420 2484 497 2520 ⁵1d.
518 2498 642 2529 cxxxiv,
658 2497 688 2520 2.
