1856 3268
377 262 430 302 14
778 271 812 301 s.
846 270 1078 302 Avensa-1111
1109 274 1291 302 muscum

368 328 471 387 quia
493 341 539 370 os
566 341 716 370 eorum
734 327 931 371 locutum
960 336 1024 371 est
1045 327 1296 372 vanitatem.
1332 326 1445 383 Quid
1466 328 1583 371 enim
1604 327 1753 387 sequi—

368 399 469 441 tur?
486 399 598 441 Cum
615 407 905 441 enumerasset
923 397 1067 457 copias
1083 412 1233 442 eorum
1250 433 1260 452 ‚
1282 398 1342 442 ait
1360 417 1369 442 ε
1397 417 1414 438 «
1437 401 1618 442 Beatum
1636 397 1753 441 dixe-

372 487 390 509 »
426 476 529 511 runt
556 467 768 527 populum
790 468 861 512 cui
883 469 974 512 haec
1001 470 1143 512 sunt1.
1174 489 1191 511 »
1219 471 1323 513 Haec
1345 478 1409 513 est
1430 468 1596 513 vanitas
1620 482 1753 527 quam

364 537 562 582 locutum
583 548 645 582 est
667 554 712 582 os
743 554 894 583 eorum
911 574 921 594 ,
959 537 1080 599 quod
1108 539 1286 583 beatum
1308 539 1515 584 dixerunt
1537 538 1754 598 populum

365 609 436 653 cui
459 610 551 653 haec
580 618 695 653 sunt.
722 612 787 652 Tu
809 609 916 668 quid
937 608 1066 664 dicis,
1087 609 1168 669 ,qui
1201 610 1315 653 nosti
1336 609 1446 670 quid
1475 618 1545 653 est'
1560 609 1751 663 sinistra,

368 688 411 722 et
432 678 539 738 quid
561 689 624 723 est
644 679 849 723 dextera?
873 680 1103 739 Sequitur,
1130 688 1172 722 et
1193 678 1320 724 dicit:
1344 698 1361 719 «
1387 683 1544 723 Beatus
1566 678 1755 739 populus

320 739 332 743 Α
374 767 391 790 »
428 750 551 808 cujus
569 758 631 793 est
649 749 858 794 Dominus
882 753 996 793 Deus
1018 750 1201 808 ipsius-2.
1233 769 1250 790 »

427 822 505 863 IX.
531 819 735 863 intendat
752 834 871 877 ergo,
895 820 1093 864 Charitas
1115 822 1281 863 Vestra.
1299 817 1499 863 Vidimus
1521 818 1750 874 sinistram,

366 889 552 934 vidimus
585 899 629 933 et
649 889 886 933 dexteram.
919 890 1035 933 Audi
1057 891 1141 933 hoc
1164 889 1474 933 confirmatum
1497 889 1544 932 in
1565 888 1753 934 Canticis

365 960 646 1004 Canticorum
684 979 692 1003 :
724 978 741 1000 «
767 959 943 1003 Sinistra
966 961 1056 1019 ejus
1072 995 1083 1014 ‚
1117 960 1261 1019 inquit
1277 994 1287 1014 ,
1312 960 1393 1003 sub
1426 960 1566 1019 capite
1587 974 1699 1003 meo.
1730 978 1748 1001 »

366 1032 530 1088 Sponsa
560 1029 664 1073 dicit
700 1029 755 1073 de
786 1045 964 1089 sponso,
990 1030 1044 1073 de
1066 1030 1238 1074 Christo
1262 1029 1455 1074 Ecclesia
1477 1030 1523 1073 in
1548 1028 1752 1088 amplexu

361 1101 531 1161 pietatis
553 1111 596 1145 et
617 1102 849 1145 charitatis.
885 1101 998 1154 Quid
1020 1102 1114 1145 ait?
1136 1121 1152 1142 «
1184 1101 1362 1146 Sinistra
1390 1103 1481 1161 ejus
1504 1102 1587 1145 sub
1611 1102 1751 1160 capite

365 1191 382 1214 »
418 1187 538 1227 meo,
554 1180 606 1215 et
624 1171 798 1215 dextera
820 1172 911 1231 ejus
933 1171 1247 1231 complectetur
1269 1187 1339 1215 me
1353 1173 1385 1215 3.
1418 1193 1435 1213 »
1462 1171 1579 1224 Quid
1601 1180 1749 1215 autem

361 1242 463 1302 quia
485 1257 655 1286 sursum
676 1251 768 1286 erat
799 1241 998 1297 dextera⁷
1025 1242 1228 1287 deorsum
1251 1242 1422 1286 sinistra
1440 1277 1450 1297 ,
1478 1251 1522 1285 et
1543 1242 1602 1286 sic
1625 1257 1748 1286 com-

360 1313 633 1373 plectebatur
669 1329 852 1372 sponsus
889 1329 1089 1373 sponsam
1106 1348 1117 1369 ,
1156 1329 1407 1372 supponens
1446 1313 1660 1356 sinistram
1694 1311 1750 1356 ad

359 1383 714 1438 consolationem,
735 1384 962 1443 imponens
978 1383 1198 1428 dexteram
1216 1383 1270 1427 ad
1289 1384 1632 1443 protectionem?
1647 1401 1664 1422 «
1689 1382 1749 1426 Si-

363 1474 380 1496 »
417 1454 568 1508 nistra,
594 1454 737 1513 inquit
753 1488 763 1508 ,
789 1455 882 1513 ejus
903 1454 983 1497 sub
1005 1454 1146 1512 capite
1168 1470 1284 1498 meo.
1317 1474 1334 1495 »
1362 1457 1475 1497 Deus
1496 1453 1617 1497 illam
1641 1453 1744 1509 dat,

358 1523 458 1569 ideo
485 1524 653 1567 sinistra
678 1524 795 1582 ejus,
821 1524 925 1583 quia
947 1525 1091 1568 omnia
1121 1525 1201 1568 ista
1232 1523 1485 1583 temporalia
1516 1527 1631 1568 Deus
1653 1523 1742 1568 dat.

358 1596 499 1647 Quam
516 1594 616 1638 vani
642 1603 744 1637 sunt
763 1628 774 1648 ‚
800 1609 931 1652 quam
948 1593 1070 1651 impii
1091 1629 1101 1648 ‚
1128 1594 1205 1653 qui
1227 1594 1282 1637 ab
1307 1593 1433 1637 idolis
1450 1628 1461 1649 ,
1483 1609 1507 1637 a
1530 1593 1745 1637 daemoni-

353 1665 434 1708 bus
455 1664 534 1707 ista
568 1663 748 1722 petunt!
781 1665 923 1716 Quam
944 1662 1069 1707 multi
1098 1679 1122 1707 a
1154 1663 1427 1707 daemonibus
1450 1663 1530 1707 ista
1554 1671 1709 1722 petunt
1729 1697 1741 1718 ‚

356 1744 399 1779 et
420 1750 510 1778 non
530 1733 603 1777 illa
620 1734 785 1777 habent
800 1754 811 1790 3
828 1742 871 1777 et
892 1748 1053 1788 rursus,
1070 1733 1145 1792 qui
1167 1733 1239 1777 illa
1257 1749 1347 1777 non
1363 1742 1520 1793 petunt
1542 1749 1566 1777 a
1584 1732 1745 1777 daemo-
1760 1785 1771 1793 ‚
1812 1737 1815 1766 ἱ

303 1820 308 1824 ·
356 1806 501 1859 nibus,
516 1805 681 1848 habent
701 1821 749 1848 ea
767 1822 777 1855 ;
803 1805 877 1848 sed
895 1819 983 1847 non
1007 1820 1030 1848 a
1053 1803 1326 1848 daemonibus
1343 1805 1422 1847 ista
1444 1803 1619 1848 dantur.
1633 1807 1744 1848 Item

354 1875 481 1920 multi
505 1883 661 1934 petunt
683 1891 706 1918 a
731 1877 819 1918 Deo
839 1909 850 1928 ,
882 1882 924 1916 et
948 1889 1038 1917 non
1060 1874 1241 1917 habent.
1268 1874 1398 1918 Novit
1419 1873 1535 1917 enim
1557 1872 1630 1916 illc
1652 1873 1742 1917 dis-

353 1962 532 2007 pensare
555 1947 767 1990 sinistram
782 1981 792 2000 ‚
818 1946 893 2005 qui
915 1954 1041 1989 vocat
1063 1944 1119 1988 ad
1140 1944 1378 1989 dexteram.
1405 1948 1521 2002 Ergo
1543 1945 1577 1987 si
1599 1953 1663 1988 est
1682 1945 1741 1988 si·
1807 1982 1810 1986 .

355 2018 510 2072 nistra,
536 2017 590 2061 sit
609 2017 776 2060 sinistra
795 2037 805 2073 3
829 2016 904 2059 sed
926 2017 1007 2058 sub
1030 2017 1169 2073 capite
1191 2016 1245 2059 sit
1270 2034 1278 2058 :
1301 2028 1430 2073 supra
1452 2013 1568 2058 illam
1593 2014 1647 2058 sit
1669 2030 1741 2059 ca—

353 2097 434 2148 put
459 2097 603 2140 tuum,
628 2085 785 2140 idest,
809 2101 938 2144 supra
969 2084 1086 2128 illam
1110 2084 1163 2127 sit
1201 2084 1309 2127 fides
1338 2093 1440 2138 tua5
1474 2084 1550 2127 ubi
1575 2084 1740 2128 habitat

352 2155 671 2202 Christus.Noli
688 2154 936 2214 temporalia
956 2152 1327 2213 praeponere-fidei
1353 2163 1440 2197 tuae
1458 2174 1468 2210 3
1486 2162 1530 2196 et
1548 2169 1636 2198 non
1659 2154 1740 2197 erit

351 2229 519 2272 sinistra
541 2243 669 2286 super
705 2235 836 2286 caput
868 2235 994 2269 tuum
1024 2244 1031 2268 :
1058 2224 1133 2268 sed.
1155 2225 1300 2268 omnia
1318 2224 1577 2283 temporalia
1599 2224 1738 2268 subde

351 2298 452 2342 fidei
476 2307 577 2351 tuae,
597 2306 640 2340 et
662 2296 791 2339 fidem
816 2305 936 2339 tuam
954 2309 1158 2353 praepone
1176 2295 1379 2338 omnibus
1399 2293 1733 2352 temporalibu83

347 2377 391 2412 et
413 2368 494 2410 erit
514 2366 682 2411 sinistra
699 2366 780 2409 sub
803 2365 943 2424 capite
966 2373 1042 2409 tuo
1057 2399 1069 2419 ⁷.
1093 2373 1136 2408 et
1158 2374 1273 2408 recte
1298 2364 1480 2408 dextera
1502 2365 1592 2424 ejus
1615 2378 1737 2408 com-

384 2437 568 2481 lectetur
590 2445 647 2480 te.
667 2475 672 2478 .

352 2453 382 2497 P
406 2510 462 2552 X.
488 2506 604 2551 Audi
624 2507 708 2551 hoc
724 2506 866 2564 ipsum
889 2504 1046 2564 exponi
1062 2503 1108 2547 in
1133 2503 1392 2560 Proverbiis,
1408 2504 1516 2564 quid
1537 2512 1600 2548 est
1616 2503 1733 2547 sinisu
1792 2563 1794 2565 -

400 2599 408 2615 ¹
426 2591 507 2624 Psal.
529 2603 635 2634 cxmu,
658 2591 708 2623 15.
736 2607 778 2613 —-
798 2597 810 2613 ²
835 2589 916 2622 lbid.
941 2605 982 2612 -—-
1002 2587 1014 2612 3
1033 2589 1124 2621 Cant.
1149 2598 1184 2629 11,
1203 2587 1235 2619 6.
