1815 3253
465 324 706 356 ENARRATIO
739 329 783 356 IN
816 327 1018 357 PsALMUM
1050 330 1179 356 exul.
1411 316 1486 357 4⁶21

110 394 187 438 Vae
207 394 240 436 si
261 392 545 452 permanserit
563 392 606 436 in
627 394 780 437 umbra
800 431 811 452 ,
835 409 890 437 ne
911 403 1058 454 postea
1080 392 1251 437 dicatur
1276 412 1285 438 z
1315 413 1334 435 «
1359 396 1496 438 Tran-

112 481 133 504 »
166 464 332 508 sierunt
353 462 498 508 omnia
519 471 730 524 tanquam
746 464 904 510 umbra
918 466 949 508 ¹.
972 465 1125 508 Exime
1146 478 1216 507 me
1237 463 1292 507 de
1314 464 1498 510 inimicis

111 551 132 576 »
166 534 316 579 meis.»
340 536 439 580 Non
459 548 538 592 ego
562 534 632 579 hic
649 534 846 580 inimicos
866 535 1065 579 homines
1086 535 1248 594 cogito.
1279 553 1299 576 «
1318 537 1416 580 Non
1435 546 1500 581 est

111 621 132 646 »
166 604 289 649 vobis
311 604 561 649 colluctatio
585 606 790 650 adversus
812 620 990 651 carnem
1014 614 1058 649 et
1074 605 1346 663 sanguinem.
1369 624 1390 647 »
1414 607 1499 651 Sed

108 673 312 719 adversus
330 675 472 734 quos?
493 693 514 717 «
538 675 757 720 Adversus
774 676 989 735 principes
1007 684 1051 719 et
1075 683 1307 735 potestates
1324 710 1336 730 ,
1361 685 1501 721 recto-

110 762 132 786 »
166 759 232 789 res
251 744 421 789 mundi.
451 762 471 785 »
505 746 640 805 Cujus
664 745 851 790 mundi?
879 748 976 791 Non
999 745 1114 789 enirn
1138 744 1240 789 coeli
1266 753 1311 789 et
1339 753 1465 789 terrae
1487 765 1498 791 ι

106 830 197 860 non
219 815 335 859 enim
354 825 512 875 regunt
534 816 654 877 quod
676 832 766 861 non
789 816 1002 861 fecerunt.
1021 819 1259 861 «Rectores
1274 815 1429 860 mundi
1449 837 1458 862 :
1476 835 1497 857 »

106 885 183 930 sed
198 887 321 946 cujus
341 887 531 931 mundi?
556 906 576 930 «
604 888 899 932 Tenebrarum
922 888 1079 932 harum
1097 891 1129 931 ².
1159 906 1178 929 »
1217 889 1410 940 Quarum
1432 897 1501 932 te-

105 957 373 1002 nebrarum?
409 959 569 1019 Utique
599 959 868 1020 iniquorum.
906 978 926 1002 «
947 959 1105 1003 Fuistis
1128 959 1245 1002 enim
1262 958 1502 1019 aliquando

108 1047 129 1070 »
164 1028 372 1083 tenebrae,
390 1045 509 1074 nunc
533 1039 680 1074 autem
695 1028 771 1073 lux
791 1030 837 1073 in
855 1030 1083 1074 Domino3.
1105 1032 1310 1074 Rectores
1324 1029 1497 1085 mundi,

107 1116 129 1140 »
164 1099 442 1144 tenebrarum
464 1101 622 1144 harum
637 1136 648 1154 ,
671 1118 693 1141 »
717 1110 904 1145 rectores
934 1100 1188 1160 iniquorum
1216 1119 1226 1145 ι
1250 1108 1403 1144 contra
1422 1100 1500 1145 hos

104 1169 272 1213 habetis
294 1169 515 1214 luctamen
533 1205 544 1225 ,
571 1188 591 1212 «
614 1173 824 1227 Magnum
847 1170 1049 1230 praelium
1074 1170 1196 1214 vobis
1214 1171 1330 1224 est⁴,
1353 1188 1373 1211 κ)
1399 1171 1502 1214 hos-

104 1248 195 1284 tem
223 1255 312 1285 non
337 1239 485 1284 videre
500 1248 544 1284 et
576 1239 765 1284 vincere.
805 1258 824 1281 «
852 1240 1071 1284 Adversus
1105 1249 1293 1285 rectores
1321 1240 1499 1295 mundi,

107 1328 127 1351 »
162 1310 445 1355 tenebrarum
459 1311 632 1365 harum,
647 1328 667 1352 »
685 1310 913 1355 diabolum
936 1310 1101 1355 scilicet
1118 1319 1162 1354 et
1181 1310 1356 1368 angelos
1379 1311 1470 1370 ejus
1490 1330 1499 1355 ε

104 1396 193 1425 non
228 1381 341 1426 illius
378 1382 534 1426 mundi
562 1391 776 1436 rectores,
810 1381 865 1426 de
897 1397 986 1442 quo
1009 1381 1170 1425 dicitur
1197 1400 1206 1425 :
1231 1383 1287 1425 Et
1309 1381 1503 1425 mundus

103 1467 182 1511 per
203 1467 304 1496 eum
337 1453 478 1497 factus
502 1455 593 1498 est⁵
615 1470 626 1504 ;
657 1453 733 1497 sed
754 1451 870 1497 illius
905 1452 1061 1497 mundi
1078 1488 1088 1507 ,
1114 1451 1170 1496 de
1187 1467 1276 1512 quo
1307 1451 1469 1496 dicitur
1489 1471 1498 1496 :

108 1541 129 1564 «
164 1525 221 1566 Et
241 1523 432 1567 mundus
461 1538 562 1566 eum
597 1539 687 1567 non
710 1523 930 1582 cognovit.
965 1523 1117 1566 Exime
1139 1537 1210 1565 me
1243 1520 1298 1565 de
1320 1522 1504 1566 inimicis

106 1611 127 1636 »
163 1594 268 1638 meis
289 1630 299 1649 ,
324 1595 529 1649 Domine,
554 1596 656 1655 quia
680 1595 735 1638 ad
752 1604 795 1640 te
813 1593 1009 1653 confugi.
1027 1597 1089 1638 De
1111 1593 1298 1637 inimicis
1319 1594 1424 1638 meis
1442 1629 1453 1648 ,
1478 1612 1499 1635 n

103 1680 192 1709 non
205 1667 229 1709 J
234 1665 336 1719 uda,
351 1665 426 1709 sed
444 1666 520 1725 qui
542 1665 740 1725 implevit
763 1669 786 1709 J
792 1665 939 1709 udam.
956 1664 1088 1709 Illum
1106 1664 1248 1724 patior
1269 1664 1427 1718 visum,
1455 1665 1505 1708 il-

103 1734 197 1779 lum
213 1750 414 1795 expugno
429 1752 518 1781 non
533 1736 687 1779 visum.
700 1736 881 1795 Accepit
894 1735 1009 1779 enim
1028 1734 1274 1779 buccellam
1289 1737 1314 1778 J
1318 1733 1441 1789 udas,
1461 1744 1506 1779 et

102 1806 281 1851 intravit
313 1808 356 1851 in
385 1823 486 1851 eum
518 1810 698 1852 Satanas
717 1810 732 1833 ὓ
761 1827 769 1851 :
795 1817 845 1852 ut
866 1808 947 1851 iste
980 1807 1120 1851 David
1155 1806 1506 1866 persecutionem

102 1887 325 1937 pateretur
343 1894 367 1922 a
389 1879 479 1923 filio
496 1893 590 1923 suo.
618 1881 760 1931 Quam
782 1878 944 1923 multos
962 1877 1098 1921 Judas
1120 1875 1274 1936 implet
1297 1879 1500 1931 Satanas,

102 1949 281 2008 indigne
312 1951 570 2009 accipientes
592 1949 838 1994 buccellam
861 1949 916 1993 ad
933 1948 1151 2010 judicium
1175 1964 1302 1993 suum
1322 1950 1340 1992 Ξ)
1367 1967 1386 1990 «
1418 1949 1503 2002 Qui

105 2038 126 2062 »
161 2020 277 2064 enim
299 2019 535 2064 manducat
556 2029 599 2064 et
620 2019 736 2063 bibit
752 2020 947 2077 indigne,
967 2018 1187 2079 judicium
1206 2018 1287 2062 sibi
1310 2017 1503 2062 mandu-

103 2108 126 2133 »
160 2099 229 2134 cat
252 2099 295 2135 et
327 2090 440 2134 bibit
459 2092 491 2134 ⁷.
515 2108 535 2132 »
560 2093 659 2135 Non
680 2089 845 2134 malum
868 2098 932 2134 est
953 2125 963 2144 ,
990 2089 1111 2149 quod
1133 2088 1264 2133 datur
1281 2124 1292 2144 ,
1318 2088 1393 2133 sed
1417 2089 1500 2134 bo-

102 2177 208 2206 num
237 2161 353 2206 malo
378 2162 424 2205 in
441 2161 658 2222 judicium
683 2161 827 2205 datur.
855 2164 973 2205 Bene
1001 2176 1090 2205 esse
1109 2176 1199 2205 non
1224 2169 1370 2220 potest
1390 2159 1503 2205 male

103 2234 350 2293 accipientis
368 2233 488 2293 quod
509 2233 678 2278 bonum
700 2242 778 2277 est.
804 2235 920 2291 Ergo
938 2267 949 2287 ,
973 2251 993 2274 «
1014 2232 1166 2276 Exime
1187 2247 1258 2275 me
1281 2232 1336 2276 ab
1358 2231 1505 2275 inimi-

105 2323 125 2346 »
161 2305 221 2349 cis
254 2304 361 2348 meis
379 2340 390 2359 ,
431 2305 532 2364 quia
555 2303 611 2348 ad
640 2313 684 2348 te
709 2303 903 2363 confugi.
943 2322 964 2345 »
997 2305 1095 2357 Quo
1121 2302 1237 2346 enim
1269 2302 1465 2361 fugerem
1485 2305 1504 2344 ⁶?

108 2394 129 2418 «
162 2377 260 2428 Quo
292 2375 367 2419 ibo
389 2391 413 2419 a
433 2374 597 2434 Spiritu
618 2376 731 2419 tuo?
756 2375 798 2420 Si
827 2374 1064 2419 ascendero
1085 2374 1131 2418 in
1153 2373 1316 2418 coelum
1336 2408 1346 2427 ,
1371 2382 1417 2417 tu
1441 2373 1502 2416 ibi

105 2463 126 2487 »
163 2459 206 2488 es
232 2464 240 2489 :
268 2445 301 2489 si
319 2443 584 2488 descendero
616 2444 660 2488 in
687 2444 910 2489 infernum
931 2480 941 2499 ,
968 2443 1084 2488 ades.
1109 2461 1129 2484 »
1158 2443 1275 2496 Quid
1295 2457 1397 2501 ergo
1419 2457 1502 2486 res-

103 2515 198 2559 tat?
223 2533 242 2556 «
271 2514 313 2559 Si
332 2529 602 2573 assumpsero
623 2528 789 2573 pennas
811 2529 928 2558 meas
950 2523 1001 2559 ut
1021 2513 1249 2568 columba,
1275 2522 1319 2557 et
1340 2512 1501 2557 volabo

153 2617 161 2633 ¹
185 2612 259 2653 Sap.
280 2621 319 2651 v,
342 2622 374 2652 ς).
396 2627 436 2634 --
454 2617 467 2632 2
487 2610 603 2653 Ephes.
620 2621 674 2652 vr,
698 2618 749 2642 12.
769 2627 811 2632 —
836 2608 849 2633 3
869 2610 949 2642 Ibid.
973 2611 1003 2642 8.
1025 2627 1067 2634 -
1085 2609 1202 2641 41bid.
1230 2608 1282 2650 14.
1305 2626 1345 2632 --
1367 2606 1382 2631 5
1398 2611 1493 2639 Joan.

105 2678 132 2707 ι,
155 2678 205 2701 ιο.
226 2684 266 2690 -
284 2665 359 2699 GId.
384 2677 450 2700 uu.
467 2676 519 2708 27.
543 2684 583 2689 —
603 2674 616 2699 7
640 2678 652 2700 1
678 2669 752 2699 Cor.
775 2677 819 2705 xi,
840 2675 896 2708 29.
