1815 3253
400 216 642 246 ENARRA‘rlo
673 219 720 246 m
751 214 956 246 l’sALMUM
986 218 1161 246 cxxvm.
1367 206 1445 247 151

0 287 10 335 Ϊι
65 286 171 331 siam
190 303 200 330 ι
230 284 331 330 Sion
353 282 545 328 Ecclesia
570 292 649 327 est.
668 285 726 327 Et
747 283 823 343 qui
837 284 1002 327 intrant
1017 283 1063 326 in
1075 282 1312 328 Ecclesiam
1325 283 1448 339 ficte,

0 357 8 403 l
64 355 254 401 ‘oderunt
288 354 543 397 Ecclesiam.
582 353 668 406 Qui
696 353 855 397 nolunt
876 353 1103 398 observare
1128 353 1314 397 verbum
1337 354 1416 397 Dei
1437 388 1449 408 ,

0 426 4 473 Ξ
67 425 254 472 oderunt
291 422 545 468 Ecclesiam.
586 441 606 465 «
635 425 773 483 Super
811 423 988 468 dorsum
1021 437 1170 467 meum
1204 423 1451 468 fabricave-

69 513 91 538 η
123 503 241 539 runt.
265 510 286 535 »
312 494 430 547 Quid
452 494 620 538 factura
635 502 708 543 ,est
729 492 943 548 Ecclesia,
967 493 1050 537 nisi
1066 501 1291 553 portatura
1314 507 1454 554 usque

0 598 1 603 ,
67 565 114 610 in
127 564 259 607 finem
278 565 296 607 Ρ

124 637 205 679 XI.
229 633 313 679 Sed
331 634 438 694 quid
452 634 507 677 de
528 632 611 677 illis
626 632 764 677 dicit?
789 632 994 692 Sequitur
1010 667 1021 687 ,
1049 651 1070 675 «
1096 633 1225 677 Fiant
1245 633 1358 677 sicut
1374 630 1455 676 soe-

69 723 91 747 »
125 720 233 749 num
250 713 483 759 tectorum,
501 705 623 765 quod
636 705 755 764 prius
773 719 906 764 quam
923 703 1134 748 evellatur
1147 704 1300 748 aruit2.
1322 721 1343 745 »
1357 706 1457 747 Foe-

0 791 3 814 t
65 789 174 819 num
194 783 427 829 tectorum,
443 774 579 819 herba
599 783 663 818 est
686 789 785 835 quae
808 774 1000 818 nascitur
1014 773 1060 817 in
1076 773 1216 829 tectis,
1234 773 1279 817 in
1299 771 1456 818 solario

65 843 321 902 integulato.
342 847 393 888 In
415 843 503 889 alto
523 844 696 889 videtur
711 880 722 901 ,
740 853 784 890 et
795 843 984 889 radicem
998 859 1088 890 non
1104 845 1254 889 habet.
1280 847 1457 898 Quanto

65 914 219 959 melius
247 913 454 958 humilius
487 924 762 970 nasceretur,
799 924 843 959 et
866 916 1009 960 laetius
1038 916 1296 960 viresceret?
1322 914 1457 960 Modo

65 984 256 1029 nascitur
269 983 397 1028 altius
419 984 474 1028 ad
487 984 738 1028 celeriorem
751 984 1013 1029 ariditatem.
1035 985 1242 1031 Nondum
1257 985 1458 1030 evulsum

66 1062 150 1109 cst,
177 1063 220 1098 et
237 1054 349 1098 aruit
375 1073 384 1099 :
416 1054 614 1098 nondum
648 1054 762 1098 finiti
792 1063 896 1099 sunt
917 1055 963 1099 in
980 1055 1148 1115 judicio
1170 1056 1276 1111 Dei,
1307 1064 1351 1099 et
1366 1056 1458 1115 jam

65 1139 154 1169 non
176 1125 340 1168 habent
361 1139 539 1168 succum
556 1124 802 1168 viriditatis.
827 1124 1054 1169 Attendite
1077 1140 1209 1185 opera
1229 1126 1425 1185 ipsorum
1444 1160 1456 1182 ,

67 1205 112 1240 et
133 1195 276 1240 videte
291 1196 392 1255 quia
416 1204 640 1240 aruerunt.
663 1194 746 1240 Sed
767 1196 949 1251 vivunt,
971 1197 1096 1241 ethic
1111 1206 1214 1241 sunt
1231 1216 1240 1243 2
1257 1197 1457 1242 nondum

66 1280 170 1324 ergo
191 1265 327 1310 avulsi
344 1275 461 1310 sunt.
476 1270 720 1320 Aruerunt,
740 1266 816 1310 sed
826 1267 1024 1311 nondum
1040 1267 1176 1312 avulsi
1190 1276 1306 1312 sunt.
1335 1267 1458 1312 Facti

66 1344 168 1379 sunt
193 1354 213 1378 «
241 1337 360 1381 Sicut
373 1335 544 1380 {benum
559 1344 775 1381 tectorum
792 1371 803 1391 ,
822 1335 943 1396 quod
957 1337 1076 1396 prius
1093 1352 1227 1397 quam
1243 1336 1458 1382 evellatur

68 1423 89 1447 n
125 1416 299 1450 aruit.»

124 1478 227 1519 XII.
247 1479 304 1520 Et
324 1476 503 1520 venient
526 1491 737 1520 messores
752 1511 762 1531 ,
781 1474 857 1520 sed
874 1491 964 1520 non
984 1476 1040 1520 de
1060 1476 1144 1520 illis
1166 1476 1353 1536 implent
1368 1491 1460 1521 ma-

65 1546 252 1605 nipulos.
280 1547 464 1591 Venturi
494 1555 596 1591 sunt
617 1548 734 1590 enim
756 1561 965 1591 messores
985 1582 996 1602 ,
1029 1555 1073 1592 et
1106 1546 1334 1592 collecturi
1356 1557 1460 1592 sunt

66 1617 258 1661 triticum
283 1617 329 1660 in
353 1618 557 1661 horreum
578 1652 589 1671 ,
614 1626 657 1660 et
674 1617 834 1661 zizania
853 1616 1098 1676 alligabunt
1118 1653 1129 1673 ,
1155 1626 1199 1662 et
1219 1618 1397 1663 mittent
1413 1619 1458 1662 in

66 1686 226 1745 ignem.
237 1688 303 1732 Sic
313 1697 355 1732 et
366 1688 537 1731 foenum
552 1696 768 1732 tectorum
778 1697 1062 1747 expurgatur,
1075 1698 1117 1732 et
1126 1688 1344 1749 quidquid
1355 1690 1458 1733 inde

67 1755 285 1812 evellitur,
308 1758 354 1800 in
376 1758 522 1816 ignem
542 1758 758 1815 mittitur3
778 1758 880 1818 quia
901 1767 945 1802 et
966 1758 1084 1818 prius
1099 1775 1229 1818 quam
1253 1759 1458 1806 evellere-

66 1835 138 1869 tur
160 1828 286 1871 aruit.
310 1830 406 1872 Non
421 1825 521 1870 inde
536 1827 689 1887 implet
712 1843 874 1872 messor
894 1843 1066 1872 manus.
1096 1830 1302 1889 Sequitur
1320 1830 1455 1885 enim,

12 1866 15 1941 i
67 1905 110 1940 et
126 1896 255 1952 dicit,
277 1916 298 1940 «
329 1900 425 1943 Non
454 1897 638 1957 replevit
660 1913 841 1942 manum
864 1914 987 1942 suam
1010 1914 1172 1944 messor
1188 1935 1199 1955 ‚
1231 1910 1275 1944 et
1311 1901 1455 1944 sinum

69 1984 88 2008 n
124 1981 251 2010 suum
273 1968 348 2027 qui
369 1967 616 2027 manipulos
650 1968 816 2026 colligit
830 1970 863 2012 ².
884 1972 1094 2014 Messores
1129 1980 1277 2015 autem
1299 1970 1456 2030 Angeli

69 2054 90 2078 »
123 2039 274 2093 sunt³‚
303 2055 323 2079 »
349 2039 557 2082 Dominus
576 2038 696 2082 dicit.

123 2109 246 2152 XIII.
271 2127 292 2150 «
315 2111 372 2153 Et
392 2124 482 2153 non
508 2110 713 2154 dixerunt
733 2118 1007 2154 transeuntes
1035 2111 1151 2155 viam
1167 2146 1178 2166 ,
1201 2110 1457 2156 Benedictio

69 2194 89 2219 n
124 2179 296 2222 Domini
308 2195 436 2239 super
445 2195 536 2235 VOS,
551 2179 856 2225 benediximus
873 2195 950 2225 vos
964 2181 1008 2224 in
1023 2182 1202 2226 nomine
1214 2182 1454 2226 Domini4.»

64 2249 206 2294 Nostis
227 2249 365 2305 enim,
393 2249 546 2295 fratres
559 2286 569 2305 ,
596 2250 775 2311 quando
793 2251 1003 2295 transitur
1023 2267 1101 2311 per
1128 2261 1374 2312 operantes,
1394 2261 1458 2296 est

65 2319 337 2364 consuetudo
370 2330 420 2364 ut
456 2320 628 2366 dicatur
659 2321 764 2376 illis,
795 2340 814 2364 «
839 2321 1094 2367 Benedictio
1122 2323 1297 2368 Domini
1328 2339 1458 2383 super

69 2406 90 2430 »
123 2405 213 2434 vos.
242 2408 262 2430 »
291 2392 347 2434 Et
378 2392 514 2449 magis
546 2392 624 2435 ista
646 2391 920 2437 consuetudo
942 2402 1034 2437 erat
1061 2394 1106 2438 in
1130 2403 1258 2453 gente
1275 2393 1457 2438 Judaeo-

67 2473 178 2504 rum.
213 2463 350 2505 Nemo
378 2462 590 2505 transibat
627 2470 671 2506 et
700 2463 879 2507 videbat
915 2463 1082 2524 aliquos
1113 2463 1256 2509 facere
1278 2464 1457 2524 aliquod

7 2540 11 2591 J
115 2549 124 2566 ¹
144 2543 226 2576 Psal.
249 2555 378 2587 cxxvm,
395 2544 427 2578 6.
445 2562 487 2568 -—
507 2523 626 2578 libid.
649 2556 679 2587 7.
698 2563 741 2569 -
758 2544 770 2571 3
787 2547 901 2580 Matth.
925 2560 998 2590 xm,
1021 2550 1122 2592 39.—
1143 2548 1159 2579 6
1174 2549 1254 2584 Psal.
1274 2548 1451 2591 cxxv111,8.

3 3197 8 3253 Ι
