1815 3253
436 178 678 210 umam-no
709 183 755 210 m
788 180 990 211 »sumum
1021 184 1145 212 chv.
1380 169 1463 210 487

13 258 24 266 ·
83 259 213 291 nemo
234 248 314 291 erit
325 248 415 307 jam
445 247 521 307 qui
543 244 826 291 contradicat.
849 246 1073 307 Numquid
1094 248 1210 291 enim
1233 247 1466 306 Apostolus

13 328 23 335 ·
82 315 320 376 Evangelio
352 316 591 361 contrarius
622 316 732 360 erit?
753 316 993 361 Audiamus
1030 316 1172 376 ipsum
1206 317 1464 372 Dominum,

12 399 22 407 ·
82 386 322 446 principem
357 396 401 432 et
431 387 687 445 magistrum
723 386 1062 446 Apostolorum:
1089 406 1110 430 «
1132 387 1372 446 Respicite,
1398 388 1464 432 in-

86 474 106 498 »
141 458 237 517 quit
256 457 445 503 volatilia
468 457 569 501 coeli
589 492 601 513 ‚
626 457 729 518 quia
752 472 840 501 non
857 458 1086 513 seminant,
1112 472 1255 518 neque
1276 466 1466 513 metunt,

12 529 19 538 “
84 544 104 568 »
140 543 283 588 neque
310 537 575 587 congregant
611 527 657 572 in
684 529 837 573 horrea
857 563 868 584 ,
906 537 950 572 et
977 531 1104 572 Pater
1123 537 1264 574 vester
1281 527 1470 573 coelestis

83 615 104 638 »
139 599 276 657 pascit
306 598 426 644 illa1.
455 617 474 640 »
502 601 619 658 Ergo
649 608 692 643 et
713 608 869 659 praeter
889 598 1113 644 hominem
1132 633 1145 654 ‚
1169 597 1373 643 animalia
1389 599 1471 643 ista

79 669 301 728 pertinent
323 668 379 714 ad
402 685 550 714 curam
575 669 652 714 Dei
671 705 683 725 ‚
703 678 753 713 ut
774 679 1028 729 pascantur,
1054 685 1142 714 non
1159 679 1209 714 ut
1229 668 1371 729 legem
1395 685 1470 713 ac-

6 753 16 760 ·
79 738 256 798 cipiunt.
286 741 415 793 Quod
438 755 542 798 ergo
570 740 625 784 ad
647 739 836 784 dandam
858 738 1000 798 legem
1033 739 1211 796 attinet,
1247 738 1302 784 de
1328 739 1470 784 bobus

79 824 184 853 cura
207 812 296 854 Deo
325 826 415 856 non
446 819 510 855 est
535 830 544 856 :
571 809 693 871 quod
714 818 862 854 autem
885 809 940 854 ad
965 809 1151 855 creanda
1168 845 1180 865 ‚
1219 809 1436 870 pascenda
1456 845 1467 866 ,

79 879 365 938 gubernanda
412 890 455 925 et
499 879 689 940 regenda
708 915 720 936 ‚
760 879 907 925 omnia
948 880 1002 925 ad
1045 883 1184 924 Deum
1230 880 1467 940 pertinent.

83 968 105 991 «
137 953 292 996 Nonne
309 950 399 996 duo
422 967 612 1011 passeres
633 967 723 996 asse
738 961 949 1006 veneunt,
966 952 1176 996 Dominus
1194 954 1217 996 J
1222 967 1316 996 esus
1330 952 1474 997 Chris-

81 1039 102 1063 »
138 1030 207 1065 tus
230 1021 334 1067 dicit
352 1057 362 1076 ‚
389 1032 432 1066 et
456 1038 570 1066 unus
600 1038 652 1066 ex
673 1021 732 1066 eis
754 1038 844 1066 non
877 1021 1003 1066 cadet
1021 1023 1067 1066 in
1088 1032 1248 1066 terram
1278 1023 1368 1066 sine
1390 1038 1472 1067 vo-

81 1110 102 1133 »
137 1092 307 1136 luntate
342 1093 478 1136 Patris
510 1093 678 1137 vestri?
710 1095 887 1145 Quanto
921 1093 1056 1149 magis
1091 1108 1167 1136 vos
1200 1091 1337 1151 pluris
1372 1093 1472 1136 estis

81 1181 102 1204 »
137 1161 251 1206 illis?
276 1181 296 1204 »
318 1161 417 1207 Noli
440 1178 545 1222 ergo
568 1163 713 1206 dicere
728 1197 740 1218 ‚
764 1164 862 1207 Non
890 1161 1087 1221 pertineo
1108 1161 1164 1205 ad
1180 1165 1339 1206 Deum.
1365 1165 1471 1206 Per-

79 1233 189 1277 tinet
206 1232 260 1277 ad
275 1235 413 1277 Deum
432 1234 575 1277 anima
598 1242 689 1288 tua,
706 1232 896 1293 pertinet
913 1231 969 1276 ad
987 1235 1125 1276 Deum
1141 1248 1298 1292 corpus
1313 1242 1440 1276 tuum
1460 1252 1470 1278 ε

78 1304 182 1364 quia
219 1306 333 1347 Deus
355 1301 460 1348 fecit
481 1312 524 1347 et
547 1303 737 1347 animam
775 1311 897 1346 tuam
931 1311 974 1346 et
998 1318 1154 1362 corpus
1191 1311 1333 1347 tuum.
1361 1303 1477 1347 Dicis

75 1372 188 1419 forte
215 1394 224 1420 2
249 1377 347 1421 Non
370 1390 438 1419 me
462 1384 665 1419 numerat
682 1378 796 1418 Deus
818 1375 864 1418 in
885 1389 1043 1433 magna
1065 1373 1365 1419 multitudine.
1391 1377 1475 1419 Ac-

78 1446 194 1490 cedit
226 1445 288 1489 ibi
314 1446 475 1490 mirum
513 1445 568 1490 de
604 1443 845 1504 Evangelio
882 1464 892 1490 2
930 1443 1130 1505 «Capilli
1157 1445 1308 1505 capitis
1341 1447 1473 1489 vestri

80 1535 102 1558 »
138 1532 289 1561 omnes
311 1518 528 1561 numerati
550 1520 693 1561 sunt2.
721 1534 742 1558 »

135 1589 234 1631 XV.
272 1589 389 1646 Ergo
425 1591 540 1632 Deus
572 1602 695 1631 meus
727 1595 812 1641 est,
839 1586 945 1630 etin
966 1585 1041 1630 illo
1064 1601 1159 1646 spes
1181 1601 1278 1630 mea
1298 1621 1310 1642 ‚
1341 1605 1361 1628 «
1386 1586 1471 1641 Qui

79 1677 100 1700 »
137 1657 239 1702 fecit
255 1657 419 1702 coelum
435 1667 478 1703 et
494 1668 670 1713 terram,
685 1673 804 1701 mare
819 1666 861 1702 et
884 1657 1031 1702 omnia
1048 1673 1148 1718 quae
1167 1657 1213 1701 in
1235 1656 1294 1701 eis
1312 1667 1428 1702 sunt.
1447 1676 1468 1699 »

77 1727 208 1782 Quod
242 1738 386 1772 autem
418 1728 474 1772 ad
506 1744 576 1772 me
605 1728 797 1788 pertinet
816 1763 826 1783 ‚
859 1728 968 1788 quid
999 1729 1087 1787 agit
1110 1730 1319 1772 mecum?
1340 1748 1360 1770 «
1386 1728 1471 1783 Qui

79 1818 100 1841 »
136 1799 326 1844 custodit
347 1800 572 1844 veritatem
594 1799 640 1843 in
662 1801 919 1843 aeternum3.
940 1818 959 1841 η
985 1802 1043 1844 Et
1065 1799 1303 1844 amandum
1332 1802 1472 1845 Deum

78 1870 425 1925 commendavit,
452 1879 497 1914 et
517 1870 780 1914 timendum.
807 1889 827 1913 ι(
853 1870 940 1924 Qui
965 1869 1155 1915 custodit
1177 1871 1402 1915 veritatem
1426 1871 1471 1915 in

80 1960 100 1983 »
137 1950 366 1985 aeternum.
399 1960 418 1982 »
452 1943 594 1994 Quam
626 1941 855 1986 veritatem
888 1940 934 1984 in
957 1950 1171 1985 aeternum
1193 1962 1205 2000 3
1229 1957 1388 2001 quam,
1428 1951 1468 1985 et

77 2026 167 2069 quo
190 2011 382 2055 custodit
413 2011 674 2055 veritatem?
700 2031 721 2054 (ι
757 2011 1004 2055 Facientem
1022 2010 1239 2072 judicium
1269 2011 1472 2071 injuriam

81 2100 102 2123 »
138 2081 465 2140 accipientibus.
495 2099 515 2123 »
553 2081 758 2126 Vindicat
779 2082 983 2142 injuriam
1006 2083 1265 2142 accipientes
1284 2117 1295 2137 ‚
1320 2081 1474 2127 fratres

77 2153 182 2206 mei,
207 2150 312 2195 facit
332 2151 415 2195 illis
432 2150 666 2212 judicium.
680 2153 885 2206 Quibus?
909 2154 989 2206 Qui
1010 2153 1476 2214 accipiunsinjuriam,

78 2223 263 2283 puniens
297 2238 446 2267 omnes
468 2223 713 2282 injuriosos.
743 2223 786 2268 Si
806 2238 910 2281 ergo
933 2222 1100 2268 favebit
1130 2223 1332 2284 injuriam
1364 2224 1475 2268 acci·

77 2293 298 2354 pientibus
321 2302 364 2336 et
377 2293 529 2352 puniet
550 2293 779 2353 injuriosos
796 2328 807 2349 ‚
830 2292 931 2337 vide
954 2293 1086 2338 modo
1109 2293 1164 2338 de
1180 2309 1367 2354 quorum
1387 2310 1473 2338 nu-

78 2380 200 2409 mero
222 2380 311 2408 esse
339 2364 415 2408 vis.
442 2363 553 2408 Vide
569 2399 584 2420 ,
611 2364 789 2408 attende
814 2374 962 2409 utrum
987 2365 1033 2408 in
1061 2364 1120 2408 eis
1137 2363 1242 2408 velis
1263 2380 1352 2409 esse
1367 2400 1378 2421 ,
1398 2381 1475 2426 qul

78 2436 281 2496 injuriam
303 2435 539 2496 accipiunt,
561 2450 616 2480 an
632 2435 680 2479 in
701 2434 760 2479 eis
782 2435 859 2497 qui
878 2435 1083 2496 injuriam
1104 2426 1290 2482 faciunt.
1317 2435 1471 2483 Statim

129 2527 139 2543 ¹
159 2520 275 2555 Matth.
293 2532 340 2563 vi,
355 2520 410 2554 26.
432 2537 473 2544 —
493 2527 506 2544 ²
525 2521 574 2555 Id.
593 2531 629 2564 x,
647 2520 769 2563 29—31.
792 2537 835 2545 —
850 2519 864 2546 3
879 2521 962 2563 Psal,
981 2532 1071 2564 cuv,
1093 2533 1123 2564 7.
