1815 3253
399 263 641 293 murmano
673 266 719 293 m
752 262 958 294 »sumum
989 263 1134 291 cxmn.
1353 249 1432 290 441

50 350 71 374 »
105 345 200 375 cem
221 329 481 376 chordarum
498 328 679 390 psallam
701 329 823 375 tibi¹.
850 332 902 373 In
926 327 1126 388 psalterio
1144 327 1296 372 decem
1314 327 1439 372 chor·

50 421 72 444 »
107 401 287 456 darum,
315 420 336 443 »
360 401 405 445 in
427 403 543 460 Lege
580 400 732 446 decem
762 409 1080 461 praeceptorum
1107 418 1116 443 ε
1143 398 1204 442 ibi
1225 399 1302 442 tibi
1325 399 1441 458 psal-

47 473 151 527 lam,
176 472 235 516 ibi
252 472 332 516 tibi
355 471 589 532 gaudeam,
613 473 675 517 ibi
696 472 775 516 tibi
798 481 970 516 cantem
993 470 1224 516 Canticum
1248 486 1439 523 novum;

52 562 74 587 «
108 542 218 597 Quia
235 542 465 603 plenitudo
489 543 612 602 Legis
630 543 814 588 charitas
832 550 896 586 est
910 545 941 585 ².
971 559 991 582 »
1018 543 1236 586 Caeterum
1254 541 1331 601 qui
1353 557 1442 586 non

47 614 215 660 habent
236 615 489 658 charitatem
507 650 518 670 ,
547 624 721 675 portare
755 613 1008 674 psalterium
1037 621 1242 672 possunt,
1267 621 1443 656 cantare

48 701 137 730 non
159 694 355 745 possunt.
381 687 476 744 Ego
499 686 644 746 itaque
660 721 670 741 ,
711 684 875 745 inquit,
902 684 1015 728 inter
1039 699 1172 744 aquas
1193 683 1442 728 contradic-

47 756 178 802 tionis
201 757 390 801 cantabo
420 757 498 800 tibi
528 757 761 802 Canticum
794 771 958 800 novum
981 775 990 800 :
1018 764 1062 800 et
1083 771 1312 816 nunquam
1335 764 1444 799 stre-

47 828 143 889 pitu
164 844 242 873 suo
264 827 426 873 facient
440 844 564 890 aquae
579 827 951 882 contradictionis,
966 837 1016 872 ut
1034 827 1306 872 obmutescat
1327 825 1446 886 psal-

46 900 205 944 terium
233 915 396 944 meum.
434 919 454 942 «
481 903 531 944 In
566 899 770 960 psalterio
792 898 943 945 decem
974 898 1239 944 chordarum
1262 897 1444 959 psallam

51 990 71 1012 ))
108 971 206 1016 tibi.
235 989 256 1012 »

106 1043 251 1086 XVII.
289 1060 309 1084 «
336 1041 420 1095 Qui
457 1041 532 1087 dat
568 1043 751 1087 salutem
775 1042 950 1102 regibus
978 1061 987 1087 z
1016 1060 1036 1083 »
1057 1043 1146 1102 jam
1174 1040 1447 1086 fumantibus

48 1113 289 1158 montibus.
323 1130 343 1154 «
368 1113 454 1166 Qui
468 1113 643 1157 redimit
669 1112 806 1157 David
823 1128 993 1157 servum
1017 1127 1162 1156 suum.
1191 1131 1211 1152 n
1233 1112 1447 1171 Agnosci-

50 1184 105 1228 tis
126 1182 280 1237 David,
295 1191 431 1227 estote
445 1182 599 1227 David.
614 1183 740 1228 Unde
755 1182 929 1227 redimit
946 1181 1082 1227 David
1099 1197 1273 1226 servum
1291 1184 1450 1226 suum?

50 1254 169 1299 unde
187 1254 361 1299 redimit
378 1255 628 1300 Christum?
646 1255 766 1300 unde
784 1254 959 1299 redimit
977 1270 1134 1315 corpus
1147 1254 1338 1299 Christi?
1354 1257 1450 1297 «De

55 1345 76 1367 »
113 1324 259 1384 gladio
291 1325 484 1385 maligno
505 1341 608 1370 erue
629 1327 744 1370 me3.
763 1331 822 1369 De
846 1324 1013 1384 gladio,
1028 1341 1152 1369 »non
1175 1324 1352 1380 suflicit,
1374 1324 1451 1368 ad-

52 1396 117 1442 dit
132 1433 143 1453 ,
167 1417 186 1439 «
207 1397 415 1456 Maligno.
438 1416 458 1438 »
484 1397 644 1442 Procul
665 1397 803 1442 dubio
821 1406 885 1441 est
906 1396 1073 1456 gladius
1096 1397 1326 1456 benignus.
1344 1396 1449 1449 Quis

52 1478 117 1515 cst
138 1468 306 1528 gladius
325 1469 577 1529 benignus?
596 1473 659 1514 De
681 1485 771 1531 quo
792 1469 1004 1514 Dominus
1022 1469 1126 1513 dicit
1153 1489 1160 1514 :
1186 1489 1205 1511 «
1230 1471 1329 1514 Non
1350 1468 1450 1513 veni

54 1559 76 1582 »
111 1556 263 1600 pacem
286 1541 457 1585 mittere
474 1541 519 1584 in
542 1550 723 1596 terram,
745 1539 821 1584 sed
843 1539 1038 1599 gladium
1054 1541 1086 1583 ⁴.
1115 1558 1135 1581 »
1164 1541 1450 1599 Separaturus

52 1611 167 1657 enim
185 1620 276 1656 erat
291 1610 440 1655 fideles
457 1611 512 1655 ab
528 1611 796 1666 infidelibus,
811 1610 921 1656 filios
940 1628 962 1655 a
976 1611 1247 1671 parentibus⁷
1264 1620 1307 1655 ct
1324 1620 1448 1655 caete-

52 1698 119 1728 ras
132 1683 471 1727 necessitudines
494 1682 805 1742 dirempturus,
823 1681 965 1741 gladio
982 1681 1259 1742 putredinem
1277 1681 1448 1726 abscin-

54 1755 186 1800 dente
202 1790 213 1810 ‚
235 1753 433 1799 membra
449 1763 594 1798 autem
614 1754 774 1799 Christi
792 1763 986 1798 sanante.
1013 1756 1090 1798 Est
1108 1770 1211 1813 ergo
1233 1754 1447 1811 benignus

55 1824 225 1886 gladius
240 1825 306 1870 bis
327 1835 496 1881 acutus,
515 1835 705 1887 utroque
720 1826 921 1870 acumine
934 1835 1197 1885 praepotens,
1215 1825 1382 1869 Veteris
1405 1834 1449 1869 et

53 1897 167 1943 Novi
184 1898 447 1941 Testamenti
461 1933 471 1951 ‚
494 1897 742 1941 narratione
764 1897 1085 1957 praeteritorum
1109 1906 1151 1941 et
1166 1896 1450 1956 promissione

55 1969 322 2013 futurorum.
338 1970 415 2012 Est
432 1983 533 2026 ergo
550 1968 628 2012 iste
653 1967 821 2028 gladius
845 1968 1061 2027 benignus
1078 1988 1086 2013 :
1107 1967 1179 2012 ille
1197 1977 1342 2013 autem
1360 1983 1453 2013 ma-

54 2039 200 2098 lignus
220 2047 285 2082 est
300 2074 310 2093 ‚
336 2055 426 2098 quo
447 2039 510 2083 illi
539 2039 786 2100 loquuntur
807 2039 1044 2084 vanitatem
1067 2061 1078 2098 3
1108 2040 1212 2100 quia
1236 2040 1452 2099 benignus

58 2119 148 2165 est,
174 2125 263 2170 quo
285 2113 399 2154 Deus
422 2109 619 2170 loquitur
639 2111 881 2155 veritatem.
912 2113 1028 2170 Ergo
1045 2147 1054 2165 ‚
1081 2130 1101 2152 «
1135 2114 1171 2155 Α
1195 2109 1339 2169 gladio
1358 2126 1453 2155 ma-

62 2199 82 2223 »
117 2180 236 2240 ligno
271 2196 374 2224 erue
408 2197 490 2225 me.
531 2180 630 2225 Filii
658 2182 822 2242 quippe
853 2182 1084 2226 hominum
1119 2181 1270 2226 dentes
1301 2197 1453 2227 eorum

61 2270 83 2294 »
119 2267 236 2295 arma
258 2261 301 2295 ct
317 2251 485 2310 sagittae
501 2287 511 2306 ‚
537 2261 581 2295 et
602 2251 751 2312 lingua
767 2267 918 2296 eorum
944 2251 1111 2311 gladius
1129 2262 1283 2297 acutus
1300 2255 1330 2296 ⁵.
1351 2274 1367 2294 »
1386 2253 1454 2297 Ab

59 2323 148 2367 hoc'
164 2320 309 2381 gladio
331 2322 522 2380 maligno
544 2337 648 2366 erue
676 2338 759 2366 me.
787 2325 926 2377 Quem
946 2322 1053 2367 dixit
1074 2324 1207 2367 modo
1231 2323 1424 2382 gladium
1441 2358 1452 2379 ‚

61 2393 174 2453 ipsas
201 2393 397 2453 superius
434 2393 541 2438 dixit
571 2409 703 2453 aquas
740 2394 928 2439 multas:
968 2397 1126 2438 «Erue
1147 2410 1218 2438 me
1255 2393 1310 2438 de
1334 2395 1456 2454 aquis

55 2482 90 2520 y)
122 2465 286 2510 multis.
318 2483 339 2506 »
365 2468 481 2519 Quas
504 2466 589 2510 dixi
617 2481 749 2529 aquas
771 2466 931 2511 multas
946 2502 956 2522 ‚
976 2467 1120 2527 ipsum
1142 2465 1240 2511 dico
1263 2465 1456 2526 gladium

114 2568 124 2586 ¹
144 2561 225 2595 Psal.
244 2573 350 2604 cxmn,
367 2573 400 2605 9.
413 2579 455 2586 -
474 2569 488 2587 ²
510 2566 602 2598 Rom.
621 2574 691 2607 xin,
710 2574 762 2599 10.
782 2579 825 2589 -·-
853 2559 959 2597 ³Psal.
975 2573 1081 2606 culn,
1104 2574 1156 2605 10,
1176 2574 1226 2598 11.
1243 2578 1286 2587 —
1306 2559 1324 2589 4
1340 2562 1455 2597 Matth.

67 2627 101 2661 x,
127 2617 182 2661 34.
201 2636 243 2645 -
261 2617 277 2645 ⁵
297 2618 380 2655 Psal.
400 2630 467 2662 un,
486 2619 520 2654 5.
1485 2612 1487 2614 .
