1815 3253
340 255 351 268 „
364 214 447 255 464
794 228 827 253 s.
863 224 1093 254 Auoosnm
1125 228 1306 256 EPISCOPI

417 293 538 336 XVI.
559 309 579 333 «
596 294 796 350 Regnum
815 300 954 336 tuum.
973 310 992 334 »
1009 291 1138 345 Quod
1153 307 1334 351 regnum
1351 292 1448 336 dico
1461 294 1479 336 P
1498 310 1519 335 «
1536 296 1737 351 Regnum

362 381 383 403 »
420 363 615 406 omnium
653 361 911 406 saeculorum
927 364 958 406 ¹.
987 380 1008 403 »
1032 365 1143 408 Nam
1163 371 1206 407 et
1241 377 1418 421 regnum
1441 363 1570 421 hujus
1591 363 1739 408 saeculi

358 433 493 477 habet
513 433 714 477 decorem
731 448 858 477 suum
885 452 894 477 :
922 432 997 476 sed
1020 448 1110 477 non
1129 441 1192 477 est
1212 432 1274 476 ibi
1290 432 1545 490 magnitudo
1568 432 1641 477 illa
1662 432 1739 477 de-

358 503 491 556 coris,
528 501 669 563 qualis
690 503 820 548 estin
852 517 986 561 regno
1008 503 1204 547 omnium
1239 503 1511 548 saeculorum.
1542 521 1563 545 α
1581 505 1639 547 Et
1660 503 1740 548 do-

361 591 381 613 »
416 573 595 617 minatio
618 581 693 618 tua
714 574 760 617 in
782 573 902 618 omni
923 573 1198 631 generatione
1220 583 1264 618 et
1283 574 1574 633 generatione.
1594 590 1615 614 ³>
1636 576 1740 618 Haec

357 652 420 687 est
441 642 513 687 illa
541 644 741 702 repetitio
763 679 774 698 ‚
795 643 865 688 vel
904 659 1078 688 omnem
1100 645 1422 703 generationem
1462 645 1706 704 significans
1725 679 1736 699 ‚

357 712 426 757 vel
449 713 770 770 generationem
788 712 907 757 illam
924 730 1024 774 quae
1045 714 1126 759 erit
1146 724 1245 775 post
1264 715 1377 759 hanc
1399 715 1736 774 generationem.

415 785 559 828 XVII.
589 802 610 826 ι(
634 782 794 828 Fidelis
817 784 1027 829 Dominus
1058 784 1104 828 in
1125 785 1267 830 verbis
1291 786 1402 840 suis,
1438 793 1481 829 et
1501 794 1674 829 sanctus
1696 785 1742 828 in

358 869 380 893 ,ν
415 853 618 897 omnibus
630 854 835 912 operibus
850 854 950 898 suis.
964 854 1123 913 Fidelis
1136 855 1344 900 Dominus
1355 855 1401 899 in
1410 855 1552 899 verbis
1565 855 1671 899 suis²
1687 874 1697 899 z
1717 872 1738 896 ³»

356 922 465 983 quid
487 924 603 968 enim
618 925 840 984 promisit,
867 934 910 968 et
932 940 1022 969 non
1044 925 1193 970 dedit?
1231 944 1251 968 «
1276 924 1434 970 Fidelis
1465 925 1675 969 Dominus
1695 924 1743 968 in

360 1011 381 1034 »
416 993 560 1037 verbis
583 994 685 1038 suis.
709 1012 729 1035 »
756 994 913 1038 Adhuc
932 994 1135 1054 quaedam
1167 995 1364 1054 promisit
1395 1003 1439 1038 et
1472 1009 1562 1038 non
1583 993 1704 1038 dedit
1729 1012 1738 1038 ε

356 1062 432 1107 sed
454 1063 657 1108 credatur
678 1063 740 1107 illi
772 1079 822 1107 ex
842 1064 909 1108 his
940 1080 1039 1124 quae
1062 1063 1197 1109 dedit.
1229 1063 1428 1108 «Fidelis
1456 1064 1667 1109 Dominus
1697 1063 1743 1107 in

359 1151 379 1174 »
415 1133 558 1177 verbis
571 1134 670 1177 suis.
691 1152 711 1174 »
730 1137 955 1178 Possemus
966 1133 1028 1177 illi
1041 1134 1216 1177 credere
1229 1133 1535 1179 tantummodo
1549 1133 1711 1178 dicenti
1728 1151 1738 1178 ε

355 1203 499 1248 noluit
520 1204 600 1248 sibi
631 1204 750 1248 credi
788 1203 979 1260 dicenti,
1020 1204 1096 1249 sed
1131 1205 1270 1249 voluit
1309 1206 1447 1248 teneri
1478 1205 1741 1264 Scripturam

355 1288 477 1317 suam
504 1293 514 1317 t
540 1274 762 1333 quomodo
786 1275 820 1317 si
856 1273 1018 1318 diceres
1057 1274 1185 1318 alicui
1217 1275 1404 1328 homini,
1444 1289 1545 1318 cum
1577 1273 1744 1333 aliquid

356 1343 652 1404 promitteres,
686 1347 784 1389 Non
815 1344 922 1388 mihi
959 1344 1119 1399 credis,
1144 1360 1244 1389 ecce
1266 1345 1408 1388 scribo
1441 1344 1536 1388 tibi.
1569 1344 1742 1388 Etenim

356 1415 460 1474 quia
482 1415 701 1474 generatio
718 1413 858 1469 vadit,
886 1422 928 1458 et
951 1415 1169 1472 generatio
1192 1414 1331 1469 venit,
1358 1423 1400 1458 et
1432 1414 1491 1458 sic
1519 1423 1742 1458 transcur-

355 1494 461 1529 runt
492 1486 572 1529 ista
609 1483 767 1529 saecula
809 1484 1065 1528 cedentibus
1096 1484 1517 1544 succedentibusque
1546 1484 1744 1528 mortali-

353 1556 463 1614 bus3
486 1556 707 1615 Scriptura
732 1555 810 1600 Dei
834 1570 1008 1599 manere
1029 1554 1198 1609 debuit,
1219 1564 1263 1599 et
1282 1553 1505 1614 quoddam
1527 1555 1742 1612 chirogra-

353 1627 494 1685 phum
516 1627 625 1681 Dei,
658 1625 777 1686 quod
811 1640 960 1669 omnes
990 1633 1261 1669 transeuntes
1295 1624 1521 1683 legerent,
1557 1634 1601 1668 et
1627 1624 1742 1669 viam

353 1695 647 1755 promissionis
675 1696 765 1755 ejus
794 1703 1008 1739 tenerent.
1029 1697 1088 1739 Et
1107 1704 1272 1755 quanta
1298 1703 1401 1738 sunt
1424 1710 1522 1754 quae
1551 1692 1743 1738 reddidit

353 1781 407 1809 ex
429 1766 510 1810 isto
532 1765 852 1824 chirographo?
866 1764 1079 1809 Dubitant
1099 1765 1296 1809 homines
1320 1762 1496 1808 credere
1517 1762 1579 1807 illi
1597 1763 1652 1806 de
1673 1778 1743 1807 re-

353 1836 621 1881 surrectione
644 1844 915 1880 mortuorum
934 1844 978 1880 et
999 1835 1054 1879 de
1068 1834 1219 1880 futuro
1240 1834 1400 1879 saeculo
1414 1869 1426 1890 ,
1459 1833 1580 1894 quod
1601 1833 1741 1878 solum

346 1906 437 1965 jam
474 1905 748 1950 reddendum
771 1913 903 1948 restat
921 1940 932 1960 ‚
972 1904 1149 1965 quando
1181 1905 1215 1949 si
1242 1903 1372 1949 faciat
1393 1904 1606 1948 rationem
1640 1919 1742 1948 cum

352 1975 634 2031 infidelibus,
676 1975 940 2020 erubescunt
976 1975 1208 2019 infideles?
1246 1975 1290 2020 Si
1331 1974 1445 2018 dicat
1478 1974 1558 2018 tibi
1591 1977 1706 2018 Deus
1725 2007 1737 2029 ,

353 2047 872 2106 Chirographum‘meum
886 2055 1024 2101 tenes,
1044 2045 1259 2105 judicium
1277 2044 1469 2103 promisi,
1490 2043 1741 2103 diremptio-

352 2132 455 2161 nem
476 2117 693 2162 bonorum
717 2126 761 2160 et
782 2116 999 2160 malorum
1036 2131 1219 2173 regnum
1258 2114 1571 2173 sempiternum
1598 2114 1741 2158 fideli-

352 2189 463 2244 bus,
491 2198 534 2232 et
567 2204 656 2232 non
688 2188 751 2231 vis
774 2186 976 2231 credere?
1012 2186 1078 2229 Ibi
1113 2186 1158 2229 in
1196 2185 1484 2244 chirographo
1515 2200 1613 2229 meo
1643 2183 1740 2243 lege

353 2259 498 2304 omnia
515 2275 614 2319 quae
636 2257 838 2317 promisi,
881 2256 1024 2300 deduc
1046 2271 1217 2300 mecum
1245 2257 1456 2300 rationem
1482 2275 1491 2299 :
1528 2264 1644 2299 certe
1671 2254 1740 2299 vel

352 2329 649 2390 computando
660 2344 758 2389 quae
768 2326 953 2381 reddidi,
966 2337 1088 2387 potes
1100 2343 1168 2371 me
1177 2326 1352 2371 credere
1363 2326 1637 2371 redditurum
1648 2341 1739 2370 esse

352 2401 473 2460 quod
495 2399 650 2443 debeo.
678 2402 730 2443 In
753 2398 845 2457 ipso
873 2397 1159 2456 chirographo
1192 2397 1326 2441 habes
1358 2396 1619 2455 promissum
1640 2396 1738 2440 uni-

352 2487 452 2515 cum
482 2470 667 2525 Filium,
705 2468 776 2512 cui
812 2483 901 2511 non
923 2467 1127 2527 peperci,
1160 2466 1235 2510 sed
1269 2481 1347 2526 pro
1379 2466 1737 2510 vobis-omnibus
1799 2485 1803 2500 1

402 2563 408 2579 ¹
428 2555 506 2588 Psal.
523 2566 629 2593 cxmv,
648 2554 697 2586 13.
718 2570 760 2576 —-
787 2561 799 2576 ²
816 2553 899 2585 Ibid.
