1815 3253
371 274 426 312 36
810 285 843 313 s.
882 287 1108 315 mensum
1141 288 1323 315 Emi-‚com

372 368 391 390 »
429 359 515 392 tem
534 349 767 394 scabellum
792 352 952 411 pedum
968 353 1205 396 meorum¹.
1224 370 1243 393 »
1266 351 1416 395 Latine
1439 358 1584 394 autem
1607 359 1747 394 totum

366 419 425 463 sic
447 419 606 464 dicitur
627 439 637 465 ι
663 441 683 463 «
707 422 879 466 Coelum
906 422 1009 465 mihi
1031 422 1150 466 sedes
1173 431 1250 465 cst.
1281 440 1299 462 n
1323 422 1407 473 Qui
1429 428 1530 463 sunt
1552 420 1639 475 isti,
1668 421 1748 464 nisi

359 489 500 549 justi?
527 490 602 550 qui
632 500 733 535 sunt
765 491 893 546 coeli⁷
925 491 1005 535 nisi
1028 492 1163 551 justi?
1195 491 1280 544 Qui
1304 490 1465 535 coelum
1489 490 1570 549 ipsi
1606 490 1707 534 coeli
1735 509 1744 534 :

364 559 466 620 quia
489 576 588 620 quae
610 561 800 605 Ecclesia
821 562 923 620 ipsae
945 561 1146 606 Ecclesiae
1165 582 1175 619 3
1197 562 1257 605 sic
1280 571 1381 605 sunt
1402 560 1568 615 multae,
1589 569 1639 604 ut
1659 576 1747 604 una

363 632 417 675 sit
436 631 518 675 :sic
536 646 637 689 ergo
659 640 702 674 et
717 631 822 690 justi
839 652 848 687 3
868 632 927 675 ita
948 641 1049 675 sunt
1060 632 1164 691 justi
1182 632 1361 686 coelum,
1387 640 1436 675 ut
1458 630 1558 676 coeli
1576 631 1675 674 sint.
1695 633 1747 674 In

363 701 464 761 ipsis
493 710 636 746 autem
669 701 787 746 sedet
810 705 949 758 Deus,
975 711 1019 746 et
1037 701 1091 746 de
1113 703 1212 762 ipsis
1229 703 1400 762 judicat
1422 706 1550 746 Deus.
1576 704 1633 745 Et
1657 717 1747 746 non

362 773 453 816 sine
481 788 607 816 causa
635 772 802 816 dictum
824 781 920 817 est:
948 790 968 814 «
993 772 1104 817 Coeli
1131 781 1334 816 enarrant
1359 770 1540 830 gloriam
1568 772 1691 815 Dei2.
1721 789 1741 813 »

363 841 558 901 Apostoli
581 842 696 885 enim
717 841 818 886 facti
837 851 939 886 sunt
961 841 1139 886 coelum.
1167 841 1290 885 Unde
1307 841 1410 886 facti
1431 852 1533 886 sunt
1549 841 1710 886 coelum
1728 862 1739 898 ς

359 913 469 965 Quia
498 911 730 972 justificati.
770 911 1000 964 Quomodo
1027 921 1227 970 peccator
1251 911 1391 956 factus
1420 921 1484 956 est
1507 921 1618 955 terra
1636 947 1646 966 ,
1672 912 1744 955 cui
1782 928 1785 954 a

360 982 524 1026 dictum
554 992 617 1026 cst
641 1002 648 1027 :
682 1001 701 1025 «
729 985 857 1025 Terra
881 998 945 1037 es,
979 991 1022 1026 et
1042 982 1087 1026 in
1110 991 1266 1026 terram
1288 982 1401 1026 ibis3
1425 1001 1434 1027 :
1463 1001 1482 1023 »
1508 982 1742 1042 sicjustifi-
1780 1003 1783 1039 g

359 1054 443 1099 cati
466 1052 565 1098 facti
591 1062 692 1097 sunt
715 1054 894 1097 coelum.
908 1057 1193 1098 Portaverunt
1209 1057 1365 1108 Deum,
1382 1063 1426 1097 et
1443 1053 1497 1097 de
1514 1053 1613 1112 ipsis
1631 1057 1743 1097 Deus

361 1126 614 1170 coruscabat
637 1123 842 1168 miracula
858 1159 869 1179 ‚
904 1124 1083 1169 tonabat
1110 1133 1318 1179 terrores,
1343 1123 1525 1183 pluebat
1546 1123 1744 1168 consola·
1777 1126 1780 1170 i

359 1196 513 1239 tiones.
539 1198 675 1239 Erant
701 1210 825 1252 ergo,
851 1203 973 1238 erant
994 1194 1057 1237 illi
1075 1193 1237 1238 coelum
1258 1228 1269 1249 ‚
1301 1203 1343 1237 et
1364 1194 1624 1238 enarrabant
1647 1194 1742 1252 glo—
1775 1246 1777 1250 Α

360 1267 466 1309 riam
490 1265 583 1309 Dei.
608 1267 716 1309 Nam
739 1273 790 1308 ut
811 1264 1015 1308 noveritis
1037 1265 1150 1323 ipsos
1172 1264 1310 1308 dictos
1331 1263 1509 1319 coelum,
1534 1264 1595 1307 ibi
1617 1264 1676 1307 ait
1697 1265 1743 1307 in

359 1336 453 1395 ipso
471 1335 642 1379 Psalmo
657 1370 668 1389 ,
698 1355 717 1376 «
739 1338 791 1379 ln
813 1350 987 1379 omnem
1010 1344 1168 1379 terram
1192 1336 1323 1380 exivit
1342 1351 1471 1380 sonus
1496 1350 1646 1379 eorum
1664 1371 1674 1390 ‚
1701 1343 1745 1379 et

365 1426 383 1448 »
418 1407 462 1449 in
481 1407 586 1449 fines
609 1405 724 1450 orbis
748 1416 872 1449 terrae
894 1406 1024 1451 verba
1041 1421 1191 1450 eorum
1210 1407 1242 1449 4.
1271 1425 1291 1447 n
1315 1407 1479 1459 Quaeris
1499 1442 1509 1461 ‚
1535 1421 1739 1466 quorum,
1770 1415 1773 1468 ζ’

359 1484 401 1519 et
418 1476 632 1530 invenies,
658 1475 887 1519 coelorum.
918 1475 960 1520 Si
983 1491 1085 1534 crgo
1103 1475 1265 1520 coelum
1284 1476 1404 1521 sedes
1429 1477 1519 1531 Dei,
1546 1476 1744 1536 Apostoli
1768 1506 1770 1531 j

360 1556 505 1591 autem
528 1546 687 1590 coelum
711 1567 721 1603 ς
739 1556 782 1590 et
803 1546 880 1606 ipsi
904 1545 1006 1590 facti
1028 1556 1130 1591 sunt
1150 1546 1271 1590 sedes
1289 1547 1382 1602 Dei,
1397 1547 1477 1606 ipsi
1499 1557 1600 1591 sunt
1622 1547 1743 1591 thro·
1768 1532 1769 1547 ἵ

357 1633 439 1662 nus
464 1618 554 1661 Dei.
584 1619 753 1661 Dictum
773 1627 835 1661 est
857 1617 939 1661 alio
960 1617 1057 1662 loco
1079 1637 1088 1662 ε
1110 1637 1130 1660 «
1150 1618 1305 1662 Anima
1323 1618 1451 1677 justi,
1476 1619 1659 1662 thronus
1675 1634 1743 1662 sa·
1766 1603 1767 1614 γ
1788 1602 1791 1666 i

359 1707 381 1731 »
416 1689 605 1748 pientiae.
631 1706 650 1728 »
672 1691 829 1746 Magna
851 1703 916 1732 res
937 1723 947 1743 ‚
974 1703 1129 1746 magna
1149 1704 1213 1732 res
1237 1688 1351 1732 dicta
1374 1697 1436 1732 est
1462 1707 1470 1733 :
1501 1708 1520 1730 «
1543 1689 1742 1733 Thronus
1764 1686 1765 1691 ¹
1788 1687 1789 1735 Ῐ

362 1778 382 1802 >›
419 1759 638 1818 sapientise
674 1758 815 1801 anima
842 1759 975 1818 justi,
1004 1776 1024 1800 »
1049 1757 1095 1802 id
1127 1768 1215 1813 est,
1251 1759 1297 1802 in
1321 1759 1462 1802 anima
1494 1759 1600 1818 justi
1622 1750 1764 1818 sedet]

358 1829 565 1889 sapientia
584 1838 792 1888 tanquam
814 1828 859 1871 in
878 1827 980 1872 sella
1000 1843 1092 1881 sua,
1108 1837 1315 1888 tanquam
1338 1829 1383 1871 in
1405 1829 1563 1873 throno
1581 1844 1675 1883 suo,
1699 1828 1762 1880 6ῑῖ
1786 1830 1787 1878 s

360 1897 867 1958 indejudicatquidquid
877 1897 1188 1957 judicat.Ergo
1201 1907 1323 1942 erant
1339 1898 1486 1942 throni
1500 1899 1738 1958 sapientiae,
1759 1914 1760 1927 ¹
1784 1927 1786 1942 i
1814 1950 1815 1954 Ἰ

359 1980 403 2015 ct
423 1971 521 2015 ideo
543 1970 650 2014 dixit
679 1969 761 2013 illis
788 1969 998 2014 Dominus
1021 1989 1029 2014 :
1059 1988 1079 2012 «
1113 1969 1324 2014 Sedebitis
1353 1984 1482 2028 super
1508 1969 1759 2031 duodecim3>
1783 1983 1785 2027 ξ

361 2060 383 2083 »
417 2042 596 2085 thronos
611 2039 856 2099 judicantes
872 2039 1105 2083 duodecim
1118 2039 1256 2082 tribus
1280 2038 1451 2082 Israe15.
1471 2039 1575 2084 »Sic
1597 2049 1639 2083 et
1659 2040 1757 2099 ipsis
1811 2035 1815 2043 “

357 2110 571 2156 sedebunt
591 2123 719 2168 super
741 2108 971 2152 duodecim
988 2107 1122 2162 sedes,
1139 2117 1181 2151 et
1196 2107 1275 2166 ipsi
1295 2117 1397 2152 sunt
1417 2109 1537 2153 sedes
1560 2109 1637 2153 Dei
1659 2128 1667 2153 :
1685 2099 1755 2167 del

356 2182 438 2226 illis
456 2181 616 2241 quippe
629 2179 794 2223 dictum
809 2188 894 2223 cst:
914 2198 933 2220 «
949 2178 1015 2222 Ibi
1029 2179 1143 2221 enim
1160 2178 1365 2222 sederunt
1377 2178 1512 2222 sedes.
1525 2173 1753 2241 QuoniamJ
1780 2198 1781 2203 ¹

360 2271 381 2294 »
417 2252 477 2295 ibi
494 2251 699 2294 sederunt
715 2249 850 2293 sedes.
870 2267 889 2288 »
907 2249 987 2301 Qui
1001 2247 1220 2302 sederunt,
1239 2267 1259 2289 α
1281 2248 1458 2292 Sedes.»
1474 2251 1529 2292 Et
1545 2249 1621 2309 qui
1638 2246 1751 2295 sunt?

358 2321 509 2366 sedes?
528 2324 588 2364 De
605 2320 762 2379 quibus
779 2318 945 2363 dictum
967 2327 1030 2362 est
1053 2336 1061 2361 ;
1082 2337 1101 2359 «
1119 2318 1271 2362 Anima
1294 2319 1410 2377 justi,
1435 2317 1555 2363 sedes
1576 2317 1749 2385 sapien-J
1778 2350 1779 2369 i

357 2392 443 2436 tiae.
459 2409 478 2432 n
495 2390 691 2443 Quisunt
707 2388 851 2432 sedes?
865 2387 992 2432 Coeli.
1020 2387 1103 2440 Qui
1122 2396 1223 2431 sunt
1244 2387 1373 2431 coeli?
1394 2388 1584 2432 Coelum.
1610 2388 1747 2441 Quod*
1776 2414 1778 2432 i

359 2471 422 2506 est
449 2460 637 2504 coelum?
664 2462 726 2503 De
746 2473 834 2518 quo
863 2456 968 2501 dicit
986 2458 1195 2501 Dominus
1218 2477 1227 2502 ε
1254 2477 1273 2499 «
1290 2457 1465 2502 Coelum
1491 2458 1596 2502 mihi
1617 2452 1746 2507 sedesi
1776 2471 1777 2490 ¹

410 2566 416 2581 ¹
440 2559 508 2590 lsa'i'⁴
527 2569 597 2589 iixvi
613 2582 622 2598 ‚
647 2568 675 2596 ι,
697 2560 729 2587 ot
750 2557 822 2587 Act.
847 2553 980 2596 v11,l;9.
1007 2572 1045 2576 —
1069 2562 1081 2577 ²
1100 2556 1177 2586 Psal.
1200 2565 1296 2596 xvm,
1316 2564 1347 2588 2.
1369 2572 1407 2578 —-
1428 2554 1440 2578 3
1459 2557 1600 2598 Gcn.1u>
1624 2543 1743 2598 19.·—l
1774 2578 1775 2581 η
1810 2585 1815 2602 r

357 2607 373 2637 ⁴
394 2615 472 2646 psal.
495 2625 582 2655 xwu,
602 2612 670 2645 2-5.
693 2628 732 2637 -
751 2610 764 2635 5
780 2611 891 2643 Matth.
912 2622 975 2652 xix,
995 2611 1049 2642 28.
