1815 3253
1792 77 1795 114 Ι

365 185 446 225 304
794 194 827 223 s.
863 195 1092 226 mensum
1125 199 1305 227 EPISCOPI
1790 126 1794 283 Ι

1789 286 1792 333 Ι

366 282 384 303 «
420 271 511 319 est,
535 275 613 320 ego
643 271 787 306 autem
807 261 905 307 dico
921 297 932 318 ,
956 263 1002 307 in
1033 264 1205 309 Christo
1242 272 1286 309 et
1304 262 1495 308 Ecclesia
1522 266 1553 308 ¹.
1582 283 1600 306 »
1625 266 1738 310 Dicit
1767 309 1769 312 .

362 333 491 377 etiam
518 333 660 392 ipsum
689 332 828 377 Adam
862 332 1045 377 formam
1078 332 1242 379 futuri:
1278 353 1296 375 «
1332 334 1417 387 Qui
1438 343 1538 390 -est,
1572 335 1735 395 inquit,

366 421 385 444 »
419 402 559 458 forma
573 402 743 448 futuri²
768 422 776 447 ε
806 423 823 444 »
852 403 894 447 Si
909 418 1011 462 ergo
1029 402 1167 447 Adam
1191 403 1329 448 forma
1346 402 1500 458 futuri,
1518 404 1739 464 quomodo

362 472 416 517 de
436 473 568 518 latere
589 473 840 518 dormientis
865 476 955 518 Eva
977 471 1089 517 facta
1110 482 1174 517 est
1191 474 1205 498 ³
1223 508 1234 527 ‚
1255 474 1313 517 sic
1334 489 1384 516 ex
1404 472 1538 517 latere
1568 475 1740 518 Domini
1800 527 1802 531 Ι

362 542 614 588 dormientis
631 579 642 599 ,
665 543 711 587 id
728 553 805 598 est,
827 543 872 586 in
893 543 1088 602 passione
1109 543 1344 597 morientis,
1369 542 1471 586 etin
1491 558 1619 586 cruce
1639 558 1740 602 per·-
1784 533 1813 591 ἕο

362 629 485 658 cusso
499 613 553 658 de
573 614 722 658 lancea
745 615 777 666 4,
802 621 1087 657 manaverunt
1104 622 1382 668 sacramenta,
1402 613 1562 673 quibus
1579 613 1741 658 forma-

362 692 481 728 retur
494 683 700 728 Ecclesia.
720 685 829 728 Nam
852 682 906 726 de
927 681 1074 726 futura
1091 681 1241 726 eadem
1257 683 1453 742 passione
1466 698 1541 726 sua
1562 683 1621 727 sic
1637 682 1741 728 dicit

361 753 407 797 in
428 753 511 798 alio
529 753 720 808 Psalmo,
744 771 761 793 «
787 755 880 810 Ego
896 751 1102 807 dormivi,
1126 761 1170 796 et
1199 768 1397 797 somnum
1420 754 1541 812 cepi,
1561 762 1606 797 et
1620 769 1742 797 exur-

366 844 384 866 »
420 824 523 879 rexi,
541 825 747 884 quoniam
765 823 975 867 Dominus
989 823 1192 882 suscipiet
1219 838 1289 866 me
1307 825 1338 866 ⁵.
1364 844 1382 864 »
1407 826 1523 882 Ergo
1537 823 1740 868 dormitio

361 895 618 953 intelligitur
647 894 800 954 passio.
826 897 916 938 Eva
938 895 992 938 de
1011 882 1144 938 latere
1177 893 1444 950 dormientis,
1468 894 1657 939 Ecclesia
1685 893 1740 938 de
1780 907 1782 910 ·

361 966 495 1010 latere
537 966 752 1026 patientis.
797 967 1012 1025 Loquitur
1048 981 1149 1024 ergo
1190 966 1400 1011 Dominus
1435 976 1581 1011 noster
1620 969 1742 1010 Jesus

361 1036 556 1080 Christus
579 1037 624 1080 in
658 1036 884 1095 Prophetis
905 1036 1139 1096 aliquando
1162 1051 1211 1080 ex
1233 1052 1338 1081 voce
1368 1052 1443 1080 sua
1459 1072 1470 1092 ,
1508 1035 1742 1096 aliquando

362 1121 413 1149 ex
433 1122 540 1151 voce
564 1116 725 1161 nostra,
750 1106 852 1166 quia
873 1121 1011 1150 unum
1041 1121 1085 1150 se
1106 1104 1210 1150 facit
1236 1107 1459 1151 nobiscum
1479 1127 1490 1164 3
1520 1107 1630 1151 sicut
1650 1106 1743 1150 dic·
1812 1160 1815 1165 .

361 1185 454 1221 tum
477 1186 555 1231 est,
585 1197 602 1217 «
628 1179 770 1220 Erunt
791 1175 880 1220 duo
900 1177 945 1220 in
963 1191 1090 1220 carne
1113 1191 1198 1219 una
1218 1177 1234 1202 6
1262 1195 1279 1216 »
1307 1176 1430 1220 Unde
1451 1176 1572 1232 dicit,
1596 1178 1742 1237 etipse
1775 1179 1779 1243 Ι
1811 1209 1815 1225 ‚

362 1249 570 1293 Dominus
585 1249 631 1291 in
644 1246 896 1304 Evangelio,
914 1262 1015 1291 cum
1036 1246 1090 1289 de
1114 1247 1315 1306 conjugio
1328 1247 1595 1306 loqueretur.
1618 1267 1636 1289 «
1658 1249 1741 1307 Igi-
1774 1246 1783 1308 Ι

365 1339 382 1360 »
418 1328 490 1364 tur
502 1320 591 1378 jam
610 1333 699 1362 non
719 1325 821 1360 sunt
841 1315 946 1371 duo,
972 1316 1047 1360 sed
1067 1332 1153 1359 una
1171 1331 1269 1360 caro
1287 1318 1319 1360 ⁷.
1346 1336 1365 1358 »
1388 1313 1482 1361 Una
1504 1333 1618 1372 caro,
1640 1318 1740 1378 quia
1773 1309 1777 1370 Ι

361 1389 416 1433 de
449 1397 594 1432 nostra
622 1386 885 1431 mortalitate
916 1401 1089 1430 carnem
1117 1387 1318 1446 suscepit.
1348 1390 1446 1432 Non
1479 1397 1634 1436 autem.
1653 1403 1740 1433 una
1772 1383 1776 1447 Ι
1806 1423 1809 1440 2

359 1458 560 1503 divinitas
580 1479 591 1516 3
615 1458 716 1517 quia
729 1456 803 1500 ille
823 1458 1024 1510 Creator,
1044 1472 1122 1501 nos
1137 1465 1347 1500 creatura.
1373 1457 1594 1517 Quidquid
1610 1459 1740 1516 igitur
1771 1453 1776 1518 Ι
1804 1492 1809 1510 ,

359 1530 569 1574 Dominus
590 1528 786 1588 loquitur
807 1543 857 1570 ex
877 1542 1060 1586 persona
1082 1537 1292 1586 susceptae
1309 1528 1463 1582 carnis,
1485 1536 1527 1571 et
1552 1527 1606 1572 ad
1627 1527 1740 1573 illuct
1769 1531 1775 1606 Ι
1804 1563 1807 1574 .

358 1608 489 1659 caput
515 1598 728 1658 pertinet,
754 1596 874 1656 quod
895 1597 982 1655 jam
1012 1596 1204 1640 ascendit
1224 1597 1268 1640 in
1295 1595 1480 1652 coelum,
1518 1606 1560 1641 et
1582 1597 1636 1641 ad
1658 1598 1738 1643 ista
1768 1608 1773 1685 Ι
1803 1617 1815 1657 ΙΙ

358 1670 550 1714 membra
569 1703 579 1723 ,
604 1684 702 1728 quae
719 1666 862 1711 adhuc
879 1666 924 1709 in
944 1675 1112 1710 terrena
1134 1667 1478 1725 peregrinatione
1498 1666 1700 1712 laborant
1724 1687 1732 1712 :
1806 1724 1815 1728 ..

355 1755 434 1799 pro
457 1739 615 1798 quibus
631 1735 929 1780 laborantibus
950 1736 1169 1790 membris,
1191 1751 1356 1790 cum,ea
1374 1735 1524 1780 Saulus
1541 1736 1737 1797 inseque-
1802 1777 1804 1793 Ι

356 1820 474 1855 retur
491 1844 502 1865 ,
523 1807 725 1853 clamavit
746 1806 800 1850 de
821 1805 961 1861 coelo,
993 1825 1008 1845 «
1039 1806 1179 1861 Saule,
1207 1807 1348 1861 Saule,
1369 1806 1476 1867 quid
1497 1823 1566 1851 me
1593 1824 1735 1864 perse·
1765 1821 1770 1872 Ι
1812 1847 1815 1866 Ι

360 1902 377 1923 »
415 1880 614 1941 querisS‘?
642 1899 659 1920 »
686 1877 921 1922 Audiamus
940 1893 1041 1935 ergo
1059 1877 1309 1937 loquentem
1332 1878 1566 1922 Dominum
1587 1881 1734 1923 ‚Iesum
1765 1875 1767 1878 Α
1799 1900 1815 1942 ΙΙ·

355 1952 577 1997 Christum
618 1948 663 1991 in
698 1947 940 2006 prophetia.
980 1948 1152 1991 Cantati
1181 1948 1296 1992 enim
1326 1956 1427 1991 sunt
1465 1948 1544 2007 ipsi
1576 1948 1734 1992 Psalmi
1798 1971 1811 2011 ΙΙ

354 2023 481 2080 longe
499 2029 732 2079 antequam
754 2018 962 2062 Dominus
989 2018 1043 2061 de
1064 2019 1198 2062 Maria
1220 2027 1480 2072 nasceretur,
1502 2034 1590 2062 non
1611 2028 1733 2063 ante-
1782 2006 1815 2084 ΙΙ

353 2108 486 2152 quam
507 2090 717 2136 Dominus
738 2098 860 2132 esset.
889 2090 1066 2146 Semper
1088 2088 1203 2131 enim
1225 2090 1402 2132 Creator
1423 2088 1633 2142 omnium,
1654 2088 1733 2132 ali-
1782 2086 1815 2154 ΙΙΙ

353 2161 530 2222 quando
545 2168 689 2203 autem
704 2166 746 2201 et
767 2167 892 2200 natus
911 2172 960 2200 ex
976 2165 1186 2200 creatura.
1205 2157 1482 2201 Divinitatem
1497 2157 1616 2201 illam
1638 2173 1733 2202 cre-
1774 2150 1794 2202 {i

353 2234 504 2276 damus
523 2265 533 2285 ,
572 2239 615 2273 et
651 2236 863 2288 quantum
896 2241 1123 2285 possumus
1144 2261 1154 2281 ,
1195 2226 1482 2284 intelligamus
1518 2227 1729 2287 aequalem

352 2302 484 2347 Patri.
511 2299 595 2345 Sed
616 2297 689 2341 illa
713 2297 920 2341 Divinitas
944 2297 1057 2340 Patri
1078 2295 1280 2355 aequalis,
1304 2296 1417 2341 facta
1435 2307 1498 2341 est
1519 2299 1728 2358 particeps

1805 2200 1813 2242 Ρ

1783 2244 1802 2275 12.

1779 2313 1793 2355 ΙΙ
1804 2325 1815 2370 Ι

1789 2410 1791 2424 1
1803 2399 1815 2438 ΙΙ

398 2405 406 2421 ι
428 2397 542 2439 Ephes¹
570 2406 601 2435 v,
623 2394 676 2434 31,
701 2392 752 2424 32.
777 2409 815 2416 ·-—
840 2399 852 2414 ²
873 2394 960 2423 Rom.
989 2403 1021 2432 v,
1045 2391 1095 2433 rlg.
1119 2409 1160 2414 —
1182 2390 1194 2414 3
1213 2394 1292 2424 Gen.
1320 2404 1355 2431 n,
1376 2401 1413 2424 21
1434 2419 1441 2433 ,
1466 2402 1520 2425 22.
1541 2411 1582 2416 —
1606 2392 1725 2426 monn.

350 2466 413 2495 χΙχ,
433 2453 531 2494 34,-·
553 2449 566 2473 5
586 2449 664 2482 Psal.
687 2460 732 2490 ιιι,
752 2447 784 2479 6.
801 2464 840 2470 -
861 2445 876 2470 6
894 2450 971 2480 Gen.
993 2458 1026 2488 ιι,
1046 2446 1145 2488 24-
1163 2455 1175 2480 7
1193 2448 1303 2479 Manli.
1328 2459 1393 2489 xix,
1415 2449 1495 2481 6.-
1513 2447 1528 2471 ⁸
1546 2451 1615 2481 Act.
1633 2460 1676 2491 ix,
1691 2449 1722 2491 4.

1810 2496 1815 2525 l

1751 2549 1756 2645 Ι
1793 2572 1795 2575 ,

1750 2653 1754 2726 ῑ

1746 2823 1750 2915 ἓ

1742 3053 1746 3164 Ι

1739 3168 1744 3253 1
