1815 3253
376 245 617 276 ENAanAno
649 247 695 274 m
727 242 930 274 PSALMUM
961 246 1139 272 cxxxvr.
1353 233 1432 272 281

51 316 152 361 dam
169 329 268 358 eum
291 328 450 358 amore.
468 315 580 358 Cum
599 327 701 371 ergo
719 311 912 364 dixisset,
934 330 953 352 «
973 310 1015 355 Si
1029 308 1191 355 oblitus
1213 310 1276 354 tui
1295 309 1434 365 fuero,

12 398 35 428 „
50 386 288 431 Jerusalem
306 421 316 438 ,
343 384 623 430 obliviscatur
640 400 709 428 me
723 384 898 428 dextera
912 398 1022 427 mea.
1041 382 1275 426 Adhaereat
1289 381 1438 441 lingua

53 476 74 500 »
108 474 203 502 mea
219 456 418 501 faucibus
432 457 558 512 meis,
578 456 659 501 nisi
682 456 742 500 tui
757 455 994 499 meminero
1012 473 1022 499 ι
1042 472 1062 495 »
1082 452 1251 498 addidit
1273 454 1434 508 statim,

54 548 75 574 «
112 521 260 575 Sinon
282 545 560 590 praeposuero
584 527 821 573 Jerusalem
846 527 892 570 in
919 526 1133 586 principio
1150 523 1438 585 jucunditatis

12 630 14 637 ι
53 619 74 643 »
108 616 231 644 meae.
256 619 276 642 »
304 600 370 644 Ibi
404 609 468 644 est
501 601 615 644 enim
645 614 811 644 summa
833 597 1108 658 jucunditas,
1134 596 1211 640 ubi
1234 599 1323 640 Deo
1340 612 1440 656 per-

12 675 15 711 ἒ
50 670 238 716 fruimur
255 707 266 726 ,
292 671 370 715 ubi
384 671 438 715 de
460 670 726 715 fraternitate
748 670 995 714 cohaerente
1019 677 1063 712 et
1087 667 1221 712 civica
1235 667 1439 712 societate

49 742 363 787 securisumus.
384 741 540 788 Nullus
556 742 617 785 ibi
632 749 820 785 tentator
834 755 910 784 nos
922 738 1119 793 violabit,
1138 737 1284 782 nullus
1296 737 1366 782 vel
1384 738 1439 781 ad

12 855 15 877 ξ
49 814 242 875 aliquam
265 814 514 859 illecebram
533 814 768 874 percellere
781 812 942 872 poterit
961 847 971 867 ,
993 809 1103 854 nihil
1120 810 1181 854 ibi
1204 809 1439 854 delectabit

47 885 129 930 nisi
171 886 353 929 bonum.
388 886 600 930 Morietur
632 884 693 928 ihi
722 884 861 928 omnis
892 883 1143 937 necessitas,
1177 881 1341 926 orietur
1374 881 1439 924 ibi

48 972 218 1002 summa
241 955 436 1000 felicitas.
465 975 486 998 (ι
513 957 554 1001 Si
577 972 666 1000 non
688 969 964 1015 praeposuero
989 952 1226 998 Jerusalem
1247 952 1291 996 in
1314 952 1438 1012 prin·

10 1033 15 1065 θ’
49 1045 70 1070 »
105 1026 519 1087 cipiojucunditatis
540 1042 647 1070 meae
676 1046 685 1071 :
710 1045 730 1067 »

10 1099 12 1107 ’
106 1101 272 1144 XVIII.
310 1101 367 1143 Et
393 1099 606 1143 convertit
629 1113 673 1142 se
697 1097 752 1142 ad
773 1097 1009 1142 Dominum
1032 1104 1182 1140 contra
1203 1097 1347 1139 hostes
1369 1094 1439 1154 ip-

13 1219 15 1223 ,
47 1172 130 1216 sius
157 1170 341 1215 civitatis
369 1189 378 1215 :
407 1189 428 1212 «
456 1173 705 1224 Memento,
732 1168 938 1222 Domine,
969 1167 1160 1211 filiorum
1186 1165 1329 1210 Edom
1355 1168 1385 1209 ¹.
1415 1184 1434 1207 υ

11 1237 15 1299 J
46 1241 187 1287 Edom
217 1241 308 1301 ipse
340 1240 483 1285 dictus
511 1250 575 1284 est
608 1240 683 1300 qui
706 1249 748 1284 et
778 1239 894 1283 Esaii
923 1258 932 1283 :
957 1237 1134 1281 audistis
1163 1236 1278 1280 enim
1308 1235 1440 1281 modo

9 1317 15 1366 ’ς
45 1329 146 1359 cum
166 1312 397 1372 Apostolus
418 1312 650 1371 legeretur,
682 1331 701 1354 «
723 1311 859 1355 Jacob
877 1309 1023 1364 dilexi,
1044 1309 1159 1353 Esaii
1177 1318 1321 1353 autem
1340 1307 1440 1352 odio

50 1403 71 1427 ³)
105 1385 242 1429 habui
264 1388 296 1429 2.
326 1403 346 1426 »
370 1388 467 1429 Duo
492 1384 570 1428 filii
593 1392 717 1428 erant
734 1384 780 1426 in
805 1398 894 1427 uno
917 1391 1042 1426 utero
1059 1417 1069 1436 ,
1096 1381 1226 1425 ambo
1251 1380 1436 1440 gemini,

47 1457 93 1501 in
116 1465 241 1501 utero
269 1457 498 1512 Rebeccae,
529 1455 606 1500 filii
628 1459 746 1500 Isaac
761 1491 772 1511 ,
797 1464 977 1514 nepotes
995 1454 1182 1498 Abrahae
1202 1472 1210 1497 ε
1234 1453 1324 1496 nati
1341 1461 1442 1496 sunt

48 1527 203 1582 ambo,
240 1543 354 1571 unus
386 1526 438 1571 ad
468 1526 792 1580 haereditatem,
819 1524 928 1569 alter
950 1524 1006 1568 ad
1028 1523 1436 1568 exhaeredationem.

11 1627 13 1630 <
48 1599 151 1642 Fuit
173 1607 316 1642 autem
344 1598 478 1642 hostis
501 1596 642 1641 fratris
664 1597 730 1641 sui
752 1597 830 1641 iste
852 1597 989 1651 Esaii,
1011 1595 1112 1655 quia
1135 1595 1347 1654 praevenit
1365 1594 1442 1638 be-

10 1668 16 1694 ⁹
47 1668 339 1713 nedictionem
365 1670 458 1729 ejus
480 1668 594 1712 filius
616 1668 759 1712 minor
786 1686 794 1712 ;
820 1675 864 1711 et
890 1665 1120 1726 impletum
1145 1674 1230 1720 est,
1260 1684 1280 1707 «
1305 1666 1442 1725 Major

10 1741 12 1747 ’
51 1757 71 1781 »
105 1741 261 1785 serviet
291 1740 450 1785 minori
477 1742 509 1783 3.
546 1758 565 1780 »
596 1741 734 1800 Major
762 1754 863 1797 ergo
885 1738 982 1799 quis
1005 1746 1093 1793 est,
1118 1746 1162 1781 et
1182 1737 1325 1780 minor
1347 1736 1442 1797 quis

49 1820 132 1867 est,
160 1820 202 1855 et
229 1811 325 1871 quis
347 1820 411 1855 est
433 1811 569 1870 major
591 1811 664 1870 qui
689 1810 845 1854 serviet
866 1808 1050 1863 minori,
1076 1807 1210 1852 modo
1232 1806 1441 1866 intelligi-

47 1898 157 1928 mus.
176 1884 316 1943 Major
336 1882 570 1927 videbatur
586 1881 776 1942 populus
794 1884 818 1926 J
824 1882 1049 1925 udaeorum
1065 1916 1075 1935 ,
1095 1880 1236 1924 minor
1258 1895 1309 1923 ex
1330 1889 1443 1924 tem-

48 1969 152 2014 pore
179 1953 369 2013 populus
401 1953 764 1998 Christianorum.
796 1956 854 1997 Et
883 1951 1028 1997 videte
1055 1951 1278 2012 quomodo
1306 1952 1444 2011 major

11 2042 22 2096 ἶ
48 2025 176 2069 servit
193 2024 365 2069 minori.
393 2023 462 2068 Illi
484 2033 663 2084 portant
683 2023 853 2068 codices
875 2033 1065 2078 nostros,
1089 2039 1167 2067 nos
1186 2022 1373 2067 vivimus
1389 2021 1443 2067 de

12 2098 17 2109 ¹
48 2095 267 2141 codicibus
289 2096 498 2154 ipsorum.
536 2096 621 2140 Sed
643 2104 693 2139 ut
722 2095 980 2154 generaliter
1003 2095 1058 2139 de
1087 2094 1291 2140 omnibus
1313 2093 1444 2138 intel-

11 2136 18 2199 l
47 2164 200 2225 ligatis,
219 2165 388 2221 fratres,
412 2167 621 2227 majorem
643 2175 686 2210 et
702 2166 915 2211 minorem
936 2188 946 2223 3
972 2168 1110 2226 major
1131 2165 1293 2209 dieitur
1310 2165 1443 2210 homo

10 2201 21 2295 l·
49 2237 252 2292 carnalis,
282 2248 324 2282 et
346 2237 488 2281 minor
510 2236 671 2282 dicitur
692 2238 826 2282 homo
849 2236 1075 2297 spiritalis,
1109 2236 1210 2296 quia
1232 2236 1351 2296 prius
1381 2245 1444 2281 est

11 2284 20 2393 Ξ
50 2308 251 2364 carnalis,
273 2318 316 2353 et
338 2317 488 2368 postea
509 2307 725 2367 spiritalis.
758 2308 902 2352 Habes
925 2306 1185 2367 Apostolum
1206 2316 1353 2366 aperte
1376 2306 1444 2351 di-

13 2393 21 2413 2‘
50 2387 217 2423 centem
245 2397 253 2423 ι
284 2397 304 2420 «
330 2379 501 2422 Primus
517 2378 650 2422 homo
672 2377 727 2421 de
744 2387 857 2422 terra
881 2387 1094 2431 terrenus,
1118 2376 1335 2421 secundus
1358 2377 1442 2421 ho—

18 2451 19 2454 ’
51 2466 72 2490 »
106 2463 177 2492 mo
199 2447 254 2492 de
271 2448 385 2492 coelo
403 2447 605 2493 eoelestis.
632 2448 782 2501 Qualis
806 2461 1026 2504 terrenus,
1052 2447 1160 2492 tales
1182 2457 1225 2492 et
1253 2448 1411 2492 terreni
1431 2469 1441 2505 3

53 2536 74 2560 »
107 2528 151 2563 et
172 2519 312 2580 qualis
334 2518 538 2575 coelestis,
564 2517 671 2564 tales
703 2529 747 2563 et
779 2519 993 2564 coelestes.
1032 2520 1153 2565 Sicut
1177 2519 1442 2579 portavimus

11 1715 17 1769 l

11 1787 16 1828 l

11 1858 16 1895 ι

10 1915 17 1978 l

11 2003 18 2040 ι

98 2604 205 2637 ¹Psal.
225 2616 354 2647 cuim,
377 2616 407 2646 7.
432 2622 472 2630 -
497 2612 509 2628 '¹
527 2607 607 2639 Gen.
630 2615 705 2647 xxv,
727 2604 779 2637 30.
800 2622 840 2629 --
864 2603 877 2628 3
896 2607 985 2638 Rom.
1007 2615 1052 2646 ix,
1075 2605 1127 2646 13,
1143 2609 1176 2637 et
1193 2607 1274 2639 Gen.
1290 2615 1367 2647 xxv,
1385 2605 1439 2638 23.
