1815 3253
412 294 654 325 ENARRATIO
688 297 731 324 m
765 294 967 324 PsALMUM
999 297 1132 323 cxxii.
1412 282 1463 323 45

80 363 253 424 quitur,
279 361 354 421 qui
383 361 486 404 alibi
509 361 613 406 dicit
635 381 642 406 :
675 381 694 403 «
721 364 756 406 A
782 362 940 405 finibus
963 369 1088 405 terrfc
1111 358 1164 403 ad
1189 367 1228 403 tc
1250 359 1460 414 clamavi,

82 451 102 475 n
137 447 237 487 cum
260 441 492 490 angeretur
508 447 582 476 cor
599 447 744 475 meum
763 434 792 474 ¹.
817 452 834 472 »
857 432 962 484 Quis
979 439 1043 474 est
1059 430 1135 489 qui
1152 428 1310 473 clamat
1327 445 1348 472 a
1367 430 1465 472 fini-

79 504 168 548 bus
188 504 345 547 terrae?
375 502 480 555 Quis
504 518 616 546 unus
645 503 778 546 homo
807 502 994 545 diffusus
1026 509 1090 543 est
1110 512 1249 559 usque
1276 499 1331 543 ad
1358 500 1464 544 fines

78 576 228 619 terrae?
251 573 559 634 Unusquisque
577 574 708 617 homo
727 574 770 616 in
789 573 965 632 regione
986 588 1062 616 sua
1085 580 1226 630 potest
1248 569 1434 614 clamare
1450 605 1461 626 ,

78 646 290 706 numquid
311 662 334 690 a
353 646 515 689 finibus
538 647 693 689 terrae?
728 644 812 689 Sed
835 642 1062 687 haereditas
1086 641 1245 686 Christi
1266 676 1276 696 ,
1301 641 1356 684 de
1379 656 1465 701 qua

76 717 243 762 dictum
267 725 330 760 cst
351 735 360 761 2
381 735 400 758 «
418 716 541 760 Dabo
562 715 641 759 tibi
660 723 808 774 gentes
823 713 1121 758 haeredilatem
1142 722 1279 767 tuam,
1306 721 1348 756 ct
1366 727 1467 771 pos-

79 806 99 829 »
135 787 365 831 sessionem
387 795 505 830 tuam
527 786 734 830 terminos
752 789 904 829 terrae²
926 804 935 830 :
962 803 981 826 »
1008 784 1098 844 ipsa
1119 784 1276 828 clamat
1293 820 1302 838 ,
1331 792 1374 827 et
1395 782 1465 833 ‚di-

77 857 136 902 cit
161 876 171 902 :
200 876 220 899 «
245 860 282 901 Α
304 856 464 900 finibus
486 865 612 900 terrae
630 855 683 901 ad
712 867 752 900 te
773 854 956 901 clamavi
976 890 986 910 ,
1013 870 1115 899 cum
1137 862 1369 912 angeretur
1391 868 1466 898 cor

80 946 100 969 »
135 942 296 972 meum.
321 945 341 967 »
365 929 563 985 Angatur
582 942 656 971 cor
670 934 886 980 nostrum,
905 935 949 970 ct
969 925 1219 970 clamemus.
1244 925 1369 969 Unde
1385 940 1466 968 an-

78 1007 203 1058 gatur
224 1013 298 1042 cor
319 998 543 1041 nostrum?
559 999 657 1042 Non
671 996 727 1040 de
745 998 809 1040 his
827 1012 925 1057 quae
942 996 1013 1040 hie
1030 997 1258 1055 patiuntur
1279 1004 1322 1039 et
1343 994 1463 1051 mali,

76 1070 196 1114 verbi
218 1069 368 1127 gratia,
393 1068 495 1128 quia
510 1067 722 1112 damnum
740 1068 981 1127 patiuntur.
994 1070 1103 1112 Nam
1120 1067 1154 1111 si
1171 1066 1274 1110 inde
1292 1066 1467 1125 angitur

72 1156 146 1186 cor
158 1176 172 1196 ,
197 1139 304 1184 cinis
326 1148 403 1183 est.
422 1139 532 1192 Quia
554 1139 700 1183 nescio
721 1153 853 1199 quem
872 1147 1052 1183 tuorum
1074 1153 1125 1181 ex
1146 1137 1371 1182 voluntate
1390 1136 1467 1180 Dei

72 1211 266 1265 amisisti,
299 1211 332 1254 si
368 1209 471 1254 inde
500 1212 675 1268 angitur
710 1225 785 1255 cor
807 1245 818 1264 ,
845 1209 955 1270 quid
977 1210 1216 1267 magnum?
1250 1208 1363 1252 Hinc
1385 1223 1466 1251 an-

73 1291 235 1341 guntur
257 1291 299 1325 et
319 1280 451 1325 corda
474 1279 734 1335 infidelium,
754 1280 834 1323 ista
858 1279 1087 1339 patiuntur
1109 1288 1152 1322 et
1168 1278 1243 1338 qui
1267 1277 1467 1322 nondum

72 1352 118 1396 in
146 1352 368 1397 Christum
409 1351 707 1396 crediderunt.
743 1350 868 1395 Unde
897 1351 1071 1409 angitur
1096 1366 1172 1395 cor
1206 1350 1467 1395 Christiani?

72 1423 180 1476 Quia
202 1422 400 1466 nondum
424 1437 522 1466 cum
541 1421 714 1467 Christo
740 1421 862 1465 vivit.
883 1422 1008 1465 [nde
1030 1421 1205 1480 angitur
1220 1436 1294 1465 cor
1317 1420 1467 1466 Chris-

73 1493 178 1537 tiani
192 1495 209 1537 P
224 1493 334 1547 Quia
354 1493 657 1553 peregrinatur
678 1502 721 1536 et
743 1491 959 1536 desiderat
981 1492 1183 1552 patriam.
1201 1492 1243 1536 Si
1264 1491 1368 1535 inde
1391 1507 1468 1536 an-

73 1565 188 1623 gitur
210 1580 284 1609 0οΓ
313 1573 440 1608 tuum
456 1600 467 1618 ,
493 1564 660 1610 etiamsi
682 1563 786 1608 felix
807 1563 1051 1608 secundum
1074 1562 1283 1607 saeculum
1308 1562 1462 1619 fueris,

73 1636 235 1694 gemis,
266 1635 345 1679 etsi
375 1635 521 1680 omnia
553 1649 760 1694 prospera
793 1634 1049 1689 confluant,
1086 1642 1129 1677 et
1158 1633 1356 1693 undique
1386 1633 1467 1677 tibi

72 1706 152 1750 iste
176 1706 367 1750 mundus
390 1706 604 1761 arrideat,
645 1715 694 1750 tu
728 1714 875 1749 tamen
899 1705 1056 1764 gemis,
1083 1705 1183 1764 quia
1205 1705 1251 1748 in
1274 1704 1466 1764 peregri-

73 1778 248 1822 natione
267 1787 309 1821 te
328 1777 614 1822 constitutum
639 1776 758 1821 vides
777 1797 787 1834 3
807 1785 850 1820 et
868 1776 999 1820 sentis
1015 1777 1105 1836 jam
1128 1774 1306 1836 quidem
1327 1784 1367 1819 te
1385 1776 1467 1819 ha-

74 1848 176 1892 bere
197 1848 449 1893 felicitatem
471 1848 713 1893 secundum
731 1847 881 1892 oculos
898 1846 1149 1900 stultorum,
1168 1845 1243 1890 sed
1267 1846 1466 1891 nondum

75 1918 316 1964 secundum
346 1919 675 1978 promissionem
705 1918 864 1963 Christi
887 1937 895 1962 :
921 1917 1040 1961 illam
1068 1933 1266 1978 quaerens
1304 1919 1463 1975 gemis,

74 1988 192 2033 illam
218 2005 418 2049 quaerens
439 1988 655 2033 desideras
671 2024 682 2043 ,
710 1997 753 2032 et
774 1987 1068 2032 desiderando
1088 1987 1280 2032 ascendis
1297 2022 1307 2042 ,
1337 1997 1380 2032 et
1400 2004 1467 2032 as-

76 2058 303 2103 cendendo
317 2068 463 2104 cantas
477 2058 739 2104 «Canticum
753 2058 987 2117 graduum,
1002 2067 1078 2102 »et
1092 2057 1310 2102 cantando
1326 2078 1345 2099 «
1357 2061 1469 2103 Can-

79 2147 99 2172 »
134 2130 271 2175 ticum
294 2131 531 2188 graduum,
559 2148 580 2171 »
606 2128 713 2174 dicis
739 2148 748 2173 z
780 2149 800 2171 «
826 2128 896 2173 Ad
917 2138 960 2173 te
980 2128 1120 2174 levavi
1150 2129 1299 2174 oculos
1323 2145 1464 2186 meos,

82 2221 100 2243 »
136 2202 212 2261 qui
227 2202 397 2245 habitas
417 2201 462 2245 in
486 2203 612 2246 coelo.
644 2218 664 2242 vn

138 2275 217 2316 ΙΙΙ.
249 2272 542 2318 Ascendentes
564 2289 653 2334 quo
671 2271 895 2317 levaturus
916 2281 1008 2317 erat
1039 2272 1189 2317 oculos
1204 2307 1215 2327 ,
1253 2272 1336 2316 nisi
1363 2272 1468 2316 illuc

77 2359 166 2403 quo
189 2343 399 2387 tendebat
414 2378 424 2398 ,
445 2352 488 2388 et
502 2343 734 2388 ascendere
757 2342 1061 2388 desiderabat?
1075 2346 1137 2387 De
1153 2352 1267 2387 terra
1284 2343 1399 2386 enirn
1413 2342 1468 2386 ad

78 2413 240 2458 coelum
277 2412 484 2458 ascendit.
525 2416 639 2458 Ecce
679 2422 793 2458 terra
830 2413 1034 2457 deorsum
1049 2448 1060 2467 ,
1092 2429 1224 2473 quam
1252 2412 1468 2457 calcamus

79 2483 263 2543 pedibus
288 2484 442 2528 nostris
462 2504 474 2540 3
502 2499 601 2528 ecce
626 2483 756 2527 etiam
778 2483 940 2528 coelum
972 2499 1141 2528 sursum
1160 2519 1171 2538 ,
1203 2483 1323 2544 quod
1346 2483 1468 2526 vide-

81 2569 176 2599 mus
198 2553 334 2599 oculis
356 2554 537 2611 nostris,
557 2564 601 2598 et
622 2553 896 2600 ascendendo
919 2564 1166 2610 cantamus,
1203 2574 1222 2596 «
1247 2555 1316 2599 Ad
1341 2563 1381 2598 te
1404 2553 1468 2598 le-

130 2639 231 2672 'Psat
254 2650 305 2681 Lx,
322 2639 352 2671 3.
379 2656 408 2661 —
434 2645 446 2661 ²
464 2639 510 2671 Id.
532 2649 566 2680 n,
591 2638 624 2671 8.
