1815 3253
371 231 456 270 326
811 241 845 270 s.
881 239 1111 272 Anous'nm
1141 245 1324 272 EPISCOPI

370 309 499 352 fletus
532 307 605 351 ille
628 307 682 351 de
703 308 969 367 respectione
995 309 1071 353 Dei
1091 307 1206 361 fuit3
1229 309 1332 369 quia
1349 343 1360 364 ,
1388 326 1409 351 «
1434 308 1744 369 Imperfectum
1764 308 1767 311 ’
1794 330 1811 358 11

370 396 392 420 ³)
428 393 596 433 meum,
628 378 796 437 inquit,
832 377 1036 422 viderunt
1068 378 1185 423 oculi
1211 379 1286 423 tui.
1313 397 1333 419 »
1358 381 1466 424 Nam
1487 377 1561 422 ille
1582 371 1766 438 imperss
1794 406 1810 418 »-

368 448 507 493 fectus
529 442 723 493 titu'bans
744 449 789 492 in
812 449 984 493 Domini
1007 449 1218 508 passione,
1238 448 1391 509 procul
1412 449 1546 493 dubio
1562 449 1741 509 periret:
1793 483 1799 497 .

369 518 445 564 sed
481 519 685 563 viderunt
712 534 811 562 eum
840 519 955 563 oculi
992 519 1090 564 tui:
1127 535 1216 563 non
1243 519 1414 564 solum
1404 534 1572 578 ipsum,
1607 518 1682 562 sed
1703 528 1745 571 et
1792 531 1810 571 f

368 605 518 634 omnes
540 589 615 649 qui
633 588 874 648 imperfecti
892 588 1086 644 fuerunt,
1107 588 1246 634 donec
1262 589 1420 634 Christi
1435 588 1745 633 resurrectione
1790 587 1809 640 ω

369 660 661 703 firmarentur.
695 659 908 717 Appaiuit
935 659 1050 702 enim
1071 657 1207 702 oculis
1229 673 1378 703 eolum
1402 674 1490 702 non
1521 658 1679 717 perisse
1700 658 1746 705 in

369 730 557 774 Domino
588 728 708 788 quod
732 738 953 773 mortuum
982 738 1109 774 erat:
1137 738 1179 772 et
1203 727 1367 776 factum
1389 738 1453 772 est
1483 744 1529 772 os
1556 726 1667 772 illud
1701 727 1746 771 in
1788 733 1809 800 μ

370 798 626 843 abscondito
649 814 830 852 eorum,
852 808 901 842 ut
922 814 1002 843 nec
1023 799 1102 858 ipsi
1118 799 1208 858 jam
1235 799 1437 842 timerent
1458 798 1583 842 mori.
1614 815 1633 838 «
1659 800 1747 841 Im·
1788 823 1798 861 7

372 887 393 910 »
428 867 671 928 perfectum
703 884 849 912 meum
879 868 1084 913 viderunt
1109 869 1224 914 oculi
1256 868 1347 926 tui3
1386 868 1493 912 etin
1522 867 1635 911 libro
1672 876 1747 912 tuo

371 956 393 980 »
428 949 577 983 omnes
600 939 871 984 scribentur:
896 955 1019 984 »non
1041 938 1179 984 solum
1205 937 1406 998 perfecti,
1432 937 1508 982 sed
1524 938 1652 981 etiam
1670 937 1748 981 im·
1788 936 1789 939 ’

369 1009 566 1068 perfecti.
592 1012 690 1053 Non
714 1009 892 1052 timeant
912 1008 1182 1069 imperfecti,
1206 1017 1375 1052 tantum
1398 1007 1640 1067 proficiant.
1660 1009 1747 1061 Nec

370 1080 473 1139 quia
499 1078 587 1123 dixi
613 1099 622 1124 ;
655 1083 753 1124 Non
780 1080 986 1136 timeant,
1013 1089 1159 1124 ament
1185 1078 1556 1140 imperfectionem
1575 1113 1586 1134 ‚
1618 1088 1662 1122 et
1687 1079 1749 1134 ihi
1784 1098 1786 1101 ·

370 1158 623 1195 remaneant
640 1150 716 1193 ubi
740 1150 904 1193 inventi
921 1159 1037 1194 sunt.
1061 1153 1245 1194 Tantum
1271 1149 1515 1209 proficiant,
1535 1157 1748 1208 quantum

370 1221 416 1264 in
448 1220 549 1279 ipsis
571 1229 647 1263 est.
674 1221 878 1273 Quotidie
906 1221 1096 1278 addant,
1121 1220 1317 1280 quotidie
1342 1219 1549 1264 accedant
1570 1239 1579 1264 :
1605 1228 1749 1264 tamen

371 1306 394 1334 a
417 1305 597 1349 corpore
615 1290 790 1333 Domini
807 1306 895 1334 non
917 1289 1149 1341 recedant;
1173 1299 1223 1334 ut
1244 1290 1289 1333 in
1306 1305 1396 1333 uno
1418 1304 1620 1348 corpore,
1645 1289 1749 1334 etin

368 1360 436 1403 his
450 1359 655 1403 membris
670 1360 959 1419 compaginati
977 1361 1142 1419 possint
1162 1360 1317 1403 mereri
1339 1359 1393 1403 de
1415 1374 1458 1403 se
1480 1359 1639 1410 dictam
1663 1374 1750 1403 esse
1780 1383 1782 1399 ε

367 1445 519 1475 vocem
543 1430 667 1474 istam
693 1449 702 1474 ε
733 1449 753 1472 «
778 1430 1089 1490 Imperfectum
1111 1446 1256 1475 meum
1282 1430 1488 1475 viderunt
1521 1429 1636 1475 oculi
1657 1430 1746 1488 tui,
1773 1482 1776 1493 Ι
1812 1419 1815 1462 5

371 1518 392 1542 »
427 1509 470 1544 et
492 1501 538 1543 in
558 1500 671 1544 libro
692 1509 770 1544 tuo
792 1516 941 1544 omnes
963 1501 1224 1545 scribentur.
1258 1519 1279 1543 »

424 1572 570 1614 XXII.
596 1588 617 1612 «
643 1573 724 1614 Per
746 1570 861 1614 diem
883 1571 1093 1615 errabunt
1107 1606 1118 1626 ,
1140 1580 1183 1615 et
1204 1586 1332 1614 nemo
1353 1570 1484 1614 ineis.
1514 1588 1534 1612 »
1559 1570 1657 1615 Dies
1679 1570 1748 1616 hic
1811 1574 1815 1601 ὖ

366 1640 512 1683 adhuc
533 1649 625 1683 erat
639 1640 848 1687 Dominus
871 1649 1016 1684 noster
1036 1643 1160 1684 Jesus
1179 1641 1389 1686 Christus.
1413 1640 1537 1684 Unde
1559 1639 1745 1701 dicebat,

369 1727 390 1751 «
425 1708 661 1753 Ambulate
682 1707 790 1752 dum
812 1710 926 1753 diem
945 1710 1112 1754 habetis
1129 1712 1159 1754 1.
1184 1728 1204 1752 »
1229 1709 1313 1754 Sed
1338 1729 1358 1752 «
1386 1713 1467 1753 Per
1493 1709 1607 1753 diem
1631 1725 1749 1765 erra·
1811 1725 1813 1739 ³

367 1795 388 1820 »
424 1779 537 1822 bunt
557 1796 576 1820 n
603 1778 845 1838 imperfecti
882 1780 1028 1838 ipsius.
1061 1784 1327 1829 Putaverunt
1350 1789 1392 1823 et
1412 1779 1491 1839 ipsi
1513 1780 1748 1841 Dominum
1810 1770 1812 1777 ¹

363 1857 562 1892 nostrum
593 1850 742 1892 Jesum
774 1849 998 1893 vChristum
1035 1850 1340 1908 tantummodo
1374 1850 1596 1894 hominem
1628 1865 1743 1912 esse,

362 1933 453 1962 non
471 1918 632 1962 habere
646 1918 692 1962 in
714 1934 757 1962 se
779 1918 997 1963 occultam
1021 1919 1317 1974 divinitatem,
1342 1935 1431 1963 non
1463 1935 1548 1963 esse
1578 1919 1747 1964 occulte
1780 1939 1782 1951 ¹
1808 1922 1815 1956 ’ί

355 1994 524 2041 Deum,
557 1989 733 2033 sedhoc
760 1989 902 2033 solum
923 2005 1013 2033 esse
1050 1989 1171 2050 quod
1191 1990 1422 2034 videbatur
1446 2009 1454 2034 :
1486 1991 1569 2034 hoc
1604 2000 1648 2034 et
1668 1982 1747 2053 ipsi
1810 1984 1815 2041 j

361 2068 644 2119 putaverunt.
672 2062 779 2104 Nam
803 2069 845 2103 et
879 2061 969 2119 ipse
1002 2064 1154 2104 Petrus
1177 2080 1186 2105 :
1219 2062 1235 2119 (
1259 2066 1315 2104 De
1337 2059 1412 2105 illo
1435 2060 1550 2104 enim
1573 2060 1746 2120 potissi-5
1807 2054 1813 2095 Ῑ

359 2144 483 2173 mum
503 2128 748 2189 loquimur,
769 2130 815 2172 in
836 2145 924 2189 quo
947 2130 1072 2173 nobis
1094 2131 1222 2174 etiam
1251 2146 1340 2174 non
1364 2130 1599 2190 desperatae
1622 2131 1745 2176 infir-2·
1806 2138 1810 2165 ἓ

359 2199 520 2241 mitatis
549 2199 795 2258 exemplum
816 2200 1086 2259 propositum
1109 2209 1173 2243 est
1193 2200 1416 2257 :)dixerat
1430 2201 1610 2244 Domino
1632 2199 1746 2260 idem
1783 2198 1815 2253 {³1

359 2271 512 2312 Petrus
532 2303 543 2323 ,
568 2284 669 2312 cum
691 2270 993 2327 interrogasset
1015 2270 1122 2347 quid
1139 2269 1265 2314 illum
1294 2269 1488 2314 dicerent
1515 2261 1741 2330 homines,
1785 2284 1810 2334 ψ

362 2356 382 2380 ‹<
419 2341 485 2381 Tu
506 2353 549 2381 es
571 2338 767 2383 Christus
786 2339 920 2383 Filius
944 2340 1016 2383 Dei
1038 2340 1182 2386 vivi.»
1204 2343 1261 2390 Et
1276 2340 1440 2384 dixerat
1461 2341 1499 2384 ei
1520 2339 1741 2393 Dominus,
1788 2352 1809 2395 ῳ

358 2426 378 2449 «
412 2409 568 2455 Beatus
590 2424 633 2452 es
659 2409 803 2454 Simon
835 2410 1042 2469 Baijoua,
1074 2409 1174 2486 quia
1194 2425 1281 2460 non
1315 2410 1390 2454 tibi
1413 2408 1619 2453 revelavit
1641 2400 1740 2468 caro
1787 2421 1815 2480 ψῃ

357 2495 377 2519 »
411 2471 455 2521 et
475 2478 674 2536 sanguis,
705 2477 779 2522 sed
805 2482 930 2523 Pater
952 2494 1072 2522 meus
1094 2479 1170 2539 qui
1196 2480 1242 2523 in
1263 2479 1382 2523 coelis
1414 2488 1544 2523 est.»
1569 2465 1754 2531 Quare?
1793 2482 1797 2510 ⁴

1754 2548 1815 2648 ἒ

1753 2650 1758 2758 ἕ

1748 2762 1755 2984 f

1744 3207 1748 3253 1

406 2564 528 2594 ¹Joan.
551 2573 608 2603 κη,
629 2562 681 2595 35.
