1815 3253
357 193 440 233 174
781 205 815 236 s,
854 201 1083 232 AUGUSTINI
1118 204 1299 232 13121500121

351 278 491 313 servet
509 267 869 323 humilitatem‚et
888 266 1016 312 iaciat
1037 268 1156 328 quod
1180 268 1388 327 scriptum
1411 275 1500 312 est:
1522 269 1732 321 «Quanto

355 358 374 381 n
409 354 592 398 magnus
617 354 675 393 es,
696 347 817 382 tanto
838 338 1021 382 humilia
1045 347 1086 382 te
1103 339 1149 382 in
1166 339 1391 392 omnibus,
1416 346 1460 381 et
1480 353 1625 382 coram
1641 341 1733 382 Deo

355 428 374 450 »
408 409 600 454 invenies
629 410 853 468 gratiam1.
883 426 902 449 »
930 410 1069 460 Quam
1096 423 1197 466 ergo
1230 407 1424 451 timenda
1445 407 1499 451 sit
1532 408 1732 466 superbia

351 478 406 522 de
427 478 544 523 dono
562 479 653 532 Dei,
673 479 802 521 etiam
825 487 955 537 atque
977 477 1107 521 etiam
1124 476 1520 522 commendandum
1544 486 1606 520 est
1623 478 1732 522 Cha-

351 549 467 594 ritati
488 540 675 604 Vestrae,
702 549 885 592 maxime
908 548 1009 607 quia
1033 547 1228 592 Psalmus
1251 548 1528 592 brevissimus
1549 548 1732 607 permit—

287 637 296 645 ·
352 620 403 664 tit
430 635 508 663 nos
543 619 680 679 loqui.
708 618 866 663 Paulus
903 618 1124 677 apostolus
1152 619 1350 678 quamvis
1380 634 1430 662 ex
1460 627 1733 677 persecutore

351 688 488 734 factus
509 690 563 733 sit
584 689 864 749 praedicator,
886 687 1250 733 abundantiorem
1275 689 1453 746 gratiam
1475 698 1733 733 consecutus

350 768 414 803 est
435 760 480 803 in
502 760 621 803 omni
651 759 800 802 labore
820 758 1056 818 apostolico
1073 793 1088 813 ,
1113 774 1244 818 quam
1271 758 1415 801 caeteri
1437 757 1632 817 Apostoli
1654 777 1663 803 :
1684 767 1735 803 ut
1772 803 1775 817 ἢ

349 829 484 888 magis
508 833 620 872 Deus
638 828 882 873 ostenderet
903 843 1031 872 suum
1052 844 1141 872 esse
1159 827 1278 888 quod
1300 827 1390 882 dat,
1415 844 1504 872 non
1527 828 1729 872 hominis,

350 899 582 952 Quomodo
603 898 744 942 solent
766 898 923 942 medici
943 899 1179 958 potentiam
1204 914 1292 942 suae
1315 898 1415 942 artis
1437 898 1480 941 in
1499 898 1734 958 desperatis
1772 922 1773 926 =

350 969 576 1014 ostendere
598 988 606 1013 :
633 969 691 1013 sic
716 971 925 1014 Dominus
956 973 1078 1014 Jesus
1100 970 1295 1014 Christus
1312 1004 1322 1023 ‚
1347 969 1540 1013 medicus
1566 978 1609 1013 et
1642 968 1733 1014 Sal-

349 1049 472 1089 vator
494 1049 639 1084 noster
655 1075 665 1091 ,
691 1040 735 1082 in
754 1038 979 1098 desperato
994 1075 1003 1093 ‚
1029 1039 1105 1099 qui
1127 1047 1375 1098 persecutor
1396 1038 1600 1082 Ecclesiae
1617 1039 1729 1099 fuit,
1770 1084 1773 1099 ‚

349 1108 539 1153 ostendit
572 1108 916 1167 magnitudinem
948 1110 1048 1153 artis
1076 1125 1164 1152 suae
1183 1143 1194 1162 ‚
1239 1118 1290 1152 ut
1326 1124 1416 1152 non
1452 1108 1594 1152 solum
1631 1123 1733 1155 eum
1770 1140 1772 1152 .

348 1179 641 1224 Christianum
660 1178 834 1233 faceret,
852 1178 927 1222 sed
946 1187 989 1222 et
1007 1178 1263 1238 Apostolum
1281 1199 1291 1235 3
1307 1193 1387 1221 nec
1405 1187 1577 1221 tantum
1601 1180 1733 1237 Apos-

349 1249 512 1302 tolum,
537 1249 612 1292 sed
634 1249 746 1292 sicut
766 1249 857 1307 ipse
879 1248 1005 1303 dicit,
1031 1248 1127 1307 plus
1155 1249 1356 1292 omnibus
1379 1247 1463 1291 illis
1491 1247 1727 1292 laboraret.

348 1318 729 1366 Excellentissimae
746 1333 848 1376 ergo
871 1317 1017 1374 gratiae
1038 1316 1135 1361 fuit.
1161 1321 1218 1362 Et
1238 1317 1409 1371 videtis,
1429 1317 1610 1372 fratres,
1629 1317 1732 1377 quia
1768 1340 1770 1353 ι

347 1388 479 1432 modo
500 1388 547 1430 in
579 1386 770 1431 Ecclesia
794 1386 914 1430 Pauli
943 1386 1123 1445 apostoli
1152 1387 1342 1446 epistolae
1365 1388 1568 1445 vigent23
1599 1387 1731 1444 magis
1764 1381 1768 1459 ἰ

345 1473 478 1518 quam
501 1456 887 1516 (lo-apostolorum
920 1458 1024 1516 ejus.
1057 1456 1142 1500 Alii
1174 1457 1290 1500 enim
1311 1472 1400 1501 non
1435 1456 1727 1516 scripserunt,
1772 1503 1774 1507 ‚

344 1527 418 1572 sed
440 1537 612 1572 tantum
633 1527 769 1571 locuti
792 1536 893 1570 sunt
914 1527 959 1570 in
972 1525 1176 1571 Ecclesia.
1194 1529 1303 1571 Nam
1324 1542 1423 1586 quae
1445 1525 1730 1586 proferuntur
1766 1501 1772 1567 l

344 1598 398 1641 ab
422 1597 666 1641 errantibus
698 1596 780 1640 sub
803 1597 978 1640 nomine
1000 1597 1190 1656 ipsorum
1208 1632 1219 1651 ,
1244 1597 1345 1657 quia
1369 1612 1458 1640 non
1483 1606 1586 1641 sunt
1610 1597 1729 1657 ipso·-

344 1683 441 1711 rum
457 1702 467 1722 ‚
492 1667 818 1726 improbantur,
843 1682 922 1710 nec
945 1676 1224 1725 acceptantur
1242 1667 1296 1710 ab
1316 1667 1522 1710 Ecclesia.
1544 1667 1631 1711 Alii
1649 1683 1730 1711 au-

346 1746 431 1781 tem
454 1737 530 1797 qui
552 1738 839 1795 scripserunt,
867 1752 945 1780 nec
967 1745 1139 1780 tantum
1158 1771 1168 1791 ‚
1189 1751 1268 1779 nec
1290 1745 1410 1780 tanta
1433 1737 1568 1794 gratia
1590 1736 1727 1796 scrip-
1766 1730 1770 1739 κ

342 1817 505 1852 serunt.
541 1809 652 1852 Cum
685 1822 787 1865 ergo
811 1816 920 1850 esset
951 1821 1119 1864 magnae
1154 1807 1326 1864 gratiae,
1364 1816 1407 1850 et
1434 1822 1589 1865 magna
1610 1807 1726 1860 dona
1766 1818 1772 1865 ζ

342 1877 567 1921 meruisset
589 1893 609 1920 a
634 1880 739 1929 Deo,
761 1875 868 1936 quid
886 1875 990 1919 dicit
1008 1875 1199 1936 quodam
1222 1875 1347 1920 loco?
1370 1880 1583 1935 «Propter
1604 1891 1725 1935 mag-

344 1965 364 1988 »
399 1947 645 1990 nitudinem
674 1945 988 1990 revelationum
1016 1961 1071 1989 ne
1099 1945 1292 1990 extollar.
1318 1964 1337 1986 »
1366 1946 1609 2000 Intendite,
1635 1962 1725 1994 rem
1764 1966 1766 1972 ’

344 2015 609 2060 tremendam
627 2015 750 2059 vobis
771 2015 869 2059 dico
895 2034 903 2059 ι
934 2034 953 2056 «
981 2019 1161 2074 Propter
1180 2015 1540 2072 magnitudinem,
1561 2016 1720 2078 inquit?
1764 2054 1765 2058 ,

343 2103 363 2127 »
399 2085 711 2130 revelationum
734 2100 788 2128 ne
810 2084 990 2129 extollar
1005 2119 1016 2135 ,
1041 2083 1167 2128 datus
1189 2094 1251 2128 est
1281 2085 1386 2128 mihi
1404 2085 1605 2134 stimulus
1627 2101 1724 2130 car-

343 2174 362 2197 »
398 2156 463 2199 nis
490 2171 621 2209 meae⁷
646 2155 822 2211 angelus
847 2157 1030 2209 Satanae‚
1056 2155 1132 2214 qui
1155 2170 1222 2198 me
1243 2155 1528 2213 colaphizet3.
1558 2174 1577 2197 »
1604 2155 1722 2209 Quid
1778 2175 1781 2195 .=

338 2234 401 2269 est
422 2226 525 2279 hoc,
552 2224 734 2268 fratres?
763 2227 825 2269 Ne
847 2223 1126 2268 extolleretur
1151 2233 1355 2284 tanquam
1375 2225 1546 2284 juvenis
1563 2260 1574 2280 ,
1600 2225 1718 2287 cola-

338 2295 592 2354 phizabatur
614 2304 820 2353 tanquam
843 2309 965 2353 puer.
992 2297 1047 2338 Et
1073 2310 1093 2338 a
1119 2296 1239 2354 quo?
1258 2296 1325 2338 Ab
1349 2294 1503 2353 angelo
1527 2297 1714 2340 Satanae.

338 2365 451 2419 Quid
478 2373 542 2408 est
560 2365 675 2408 hoc?
698 2364 852 2407 Dolore
884 2363 1073 2423 quodam
1102 2364 1293 2423 corporis
1316 2364 1501 2408 traditur
1523 2366 1718 2424 exagita-
1775 2365 1785 2392 ⁴·

337 2444 407 2479 tus
430 2435 735 2478 vehementer:
753 2433 922 2477 dolores
945 2443 1089 2477 autem
1112 2449 1342 2493 corporum
1364 2433 1621 2494 plerumque
1641 2435 1722 2478 im·
1775 2448 1778 2453 ·

385 2526 392 2542 ¹
414 2518 515 2551 Eccli.
540 2529 588 2560 ιιι,
612 2526 666 2550 20.
687 2535 728 2540 —
751 2524 763 2540 ²
788 2528 799 2549 1
820 2519 889 2549 Cor.
911 2528 966 2559 xv,
985 2528 1035 2549 ιο.
1052 2535 1094 2540 --
1115 2516 1128 2541 3
1146 2526 1165 2550 2
1183 2520 1253 2551 Cor.
1276 2528 1332 2558 ιιι,
1355 2528 1385 2559 7.
