1815 3253
361 187 445 226 456
788 200 820 225 s.
858 193 1083 226 Avensa-mi
1113 199 1295 227 Ense-01²1

363 284 382 306 »
419 274 510 308 erat
533 264 650 323 apud
679 267 817 307 Deum
836 265 866 306 ¹.
899 264 1154 308 Memoriam
1175 279 1278 323 ergo
1298 263 1578 308 abundantiae
1595 265 1739 309 suavi-

362 353 381 376 »
418 335 516 378 tatis
552 344 640 378 tuae
670 334 949 378 eructabunt.
979 350 999 374 »
1033 334 1263 386 Quomodo
1304 350 1394 378 non
1421 336 1581 379 sufficit
1602 370 1612 389 ,
1648 351 1740 379 me-

358 404 541 448 moriam
562 413 683 448 tuam
700 424 711 460 3
741 418 822 447 nec
845 403 1099 447 memoriam
1115 403 1398 448 abundantiae
1419 413 1507 448 tuae
1527 439 1538 459 ,
1558 404 1629 448 vel
1650 420 1742 448 me-

357 475 539 520 moriam
581 475 800 520 suavitatis
835 484 924 518 tuae
954 495 966 532 3
1004 472 1080 518 sed
1117 493 1138 517 «
1166 475 1420 520 Memoriam
1460 475 1742 519 abundantiae

359 564 380 587 >›
415 546 636 591 suavitatis
659 546 777 590 tuae?
798 562 818 586 »
845 544 1020 588 Etenim
1056 545 1164 604 quid
1198 545 1376 604 prodest
1405 545 1440 589 si
1472 545 1670 589 abundat
1700 554 1743 589 et

356 619 534 662 insuave
556 619 651 661 est?
676 620 786 660 {tem
808 615 1038 660 molestum
1058 650 1070 672 ‚
1091 616 1124 660 si
1141 632 1270 662 suave
1285 626 1327 661 et
1346 631 1501 676 parum
1523 625 1601 660 est.

413 690 470 731 X.
497 690 630 745 Ergo,
651 705 672 729 «
691 686 947 731 Memoriam
964 685 1244 731 abundantiae
1261 688 1479 731 suavitatis
1501 696 1589 730 tuae
1614 701 1742 744 eruc-

358 776 378 799 »
419 756 610 801 tabunt-2
640 775 661 798 »
693 757 795 816 quia
816 772 907 801 non
928 772 971 800 es
993 766 1043 801 tu
1072 756 1234 801 oblitus
1258 758 1422 815 nostri3
1446 765 1489 801 et
1516 772 1606 800 non
1628 755 1742 800 obli-

356 836 424 872 tus
457 827 764 871 commonuisti
803 842 903 883 nos,
941 836 992 871 ut
1023 836 1066 871 et
1099 843 1178 872 nos
1199 826 1380 871 reducas
1402 827 1448 871 in
1471 827 1740 871 memoriam.

360 918 381 941 «
414 897 886 944 Commemorabuntur
906 899 1023 942 enim
1045 907 1090 942 et
1102 907 1412 943 convertentur
1433 896 1488 941 ad
1508 897 1744 942 Dominum

355 986 375 1008 n
411 968 603 1012 universi
624 969 732 1012 fines
753 978 880 1012 terrae
895 969 927 1012 ².
963 985 983 1009 »
1009 968 1122 1021 Quia
1143 982 1244 1026 ergo
1277 987 1297 1010 «
1320 967 1577 1013 Memoriam
1600 967 1742 1010 abun-

355 1056 375 1079 »
411 1037 572 1081 dantiae
594 1038 814 1082 suavitatis
836 1047 924 1082 tuae
949 1038 1234 1094 eructabunt,
1262 1056 1282 1079 »
1309 1037 1600 1094 intelligentes
1623 1038 1669 1080 in
1701 1052 1745 1081 se

354 1108 463 1152 nihil
485 1109 588 1152 boni
611 1124 722 1164 esse,
749 1110 870 1169 quod
896 1125 920 1154 a
941 1118 984 1153 te
1015 1125 1106 1153 non
1127 1109 1180 1153 sit
1201 1130 1211 1167 3
1236 1123 1316 1152 nec
1337 1108 1527 1167 potuisse
1550 1108 1745 1152 converti

356 1179 412 1222 ad
433 1188 497 1233 te,
520 1179 602 1223 nisi
623 1188 1006 1224 commonerentur
1027 1179 1104 1223 abs
1121 1187 1164 1222 te
1182 1200 1193 1236 3
1217 1194 1297 1222 nec
1319 1179 1469 1222 reduci
1488 1178 1678 1236 potuisse
1700 1178 1746 1221 in

357 1249 612 1292 memoriam
635 1249 701 1292 tui
722 1284 732 1303 ‚
766 1249 800 1292 si
820 1258 872 1292 tu
899 1248 1164 1293 oblivisceris
1185 1247 1362 1292 illorum
1389 1267 1398 1292 2
1426 1249 1521 1291 haec
1543 1246 1745 1291 conside-

357 1326 500 1362 rantes
521 1318 567 1361 in
591 1318 726 1375 gratia
746 1327 821 1362 'tua
837 1353 848 1372 ,
875 1337 896 1360 «
919 1320 976 1362 Et
992 1318 1159 1378 justitia
1179 1327 1254 1362 tua
1275 1317 1550 1362 exultabunt.
1579 1335 1600 1359 »
1622 1320 1742 1373 Haec,

354 1390 536 1448 inquam
555 1423 566 1443 ,
592 1389 638 1432 in
659 1397 735 1432 tua
753 1389 887 1446 gratia
908 1388 1231 1433 considerantes
1246 1423 1257 1443 ,
1287 1406 1304 1429 (ι
1326 1388 1601 1432 Exultabunt
1617 1388 1746 1448 justi-

362 1479 381 1501 »
415 1460 474 1503 tia
490 1468 566 1503 tua
583 1494 594 1514 ,
618 1476 640 1500 >›
661 1475 753 1504 non
774 1475 864 1503 sua.
891 1462 1063 1503 Fratres
1077 1494 1088 1514 ,
1109 1460 1143 1503 si
1164 1458 1294 1504 vultis
1317 1468 1512 1503 eructare
1533 1459 1712 1516 gratiam
1731 1494 1742 1514 ,

361 1529 495 1572 bibite
514 1529 710 1588 gratiam.
729 1529 848 1582 Quid
869 1538 949 1584 est,
968 1528 1106 1572 bibite
1130 1529 1343 1587 gratiam?
1365 1528 1522 1573 Discite
1546 1528 1742 1587 gratiam,

356 1599 586 1657 intelligite
608 1600 804 1658 gratiam.
842 1602 928 1645 Nos
949 1608 1185 1660 antequam
1218 1614 1404 1644 essemus
1420 1634 1431 1654 ,
1453 1598 1633 1643 omnino
1656 1614 1746 1643 non

357 1686 556 1727 eramus3
580 1680 624 1714 et
641 1669 743 1714 sacti
763 1685 912 1714 sumus
934 1670 1149 1725 homines,
1167 1685 1266 1714 cum
1290 1680 1389 1714 ante
1406 1669 1517 1713 nihil
1538 1684 1740 1714 essemus.

359 1738 524 1783 Deinde
555 1742 646 1799 jam
678 1740 758 1799 ipsi
792 1741 990 1785 homines
1012 1755 1063 1783 ex
1094 1740 1274 1784 traduce
1310 1740 1425 1783 illius
1446 1740 1682 1798 peccatoris
1703 1749 1746 1784 et

357 1810 535 1869 maligni
561 1826 754 1866 eramus,
773 1820 816 1854 et
839 1809 918 1853 filii
939 1811 1014 1855 irae
1045 1819 1202 1855 natura
1218 1845 1228 1865 ‚
1251 1811 1361 1854 sicut
1383 1819 1425 1853 et
1448 1810 1636 1853 eaeteriss.
1664 1812 1745 1854 At-

358 1880 586 1925 tendamus
623 1896 726 1940 ergo
757 1882 939 1940 gratiam
973 1881 1077 1935 Dei,
1106 1896 1197 1925 non
1232 1879 1373 1925 solum
1402 1896 1489 1939 qua
1511 1879 1614 1923 fecit
1636 1895 1741 1934 nos,

355 1952 640 1995 verumetiam
662 1967 748 2011 qua
770 1950 937 1995 refecit.
960 1952 1041 1995 Cui
1064 1966 1167 2009 ergo
1190 1951 1416 2005 debemus,
1444 1950 1546 2010 quia
1565 1965 1712 1993 sumus
1732 1969 1740 1993 :

352 2021 416 2064 illi
439 2021 663 2078 debemus,
684 2023 786 2082 quia
803 2031 845 2065 et
860 2022 1085 2081 justificati
1103 2037 1265 2065 sumus.
1286 2024 1420 2066 Nemo
1440 2021 1561 2079 quasi
1580 2020 1746 2064 tribuat

356 2094 445 2135 Deo
461 2127 471 2146 ,
496 2092 597 2152 quia
620 2101 685 2136 est
705 2113 715 2148 3
737 2101 779 2135 et
796 2091 877 2135 sibi
904 2091 1071 2134 tribuat
1088 2125 1098 2145 ,
1119 2091 1221 2150 quia
1237 2091 1378 2149 justus
1401 2098 1478 2133 est.
1505 2089 1660 2133 Melius
1682 2099 1744 2134 est

356 2163 474 2206 onim
496 2162 616 2221 quod
634 2163 711 2206 tibi
733 2163 795 2206 vis
816 2161 1006 2204 tribuere
1023 2196 1033 2215 ,
1057 2176 1189 2220 quam
1211 2159 1330 2220 quod
1348 2159 1423 2203 illi.
1456 2159 1612 2204 Melius
1629 2160 1743 2203 enim

357 2232 521 2291 aliquid
555 2247 597 2276 es
635 2233 737 2292 quia
754 2233 896 2292 justus
917 2247 960 2275 es
978 2266 988 2286 ,
1019 2247 1151 2291 quam
1177 2232 1278 2290 quia
1302 2231 1433 2274 homo
1470 2246 1527 2274 es.
1558 2231 1744 2275 Inferius

353 2302 518 2361 aliquid
547 2302 623 2346 das
645 2305 735 2346 Deo
755 2337 766 2357 ,
794 2311 838 2345 et
866 2301 1062 2360 superius
1084 2301 1180 2345 tibi.
1210 2304 1365 2345 Totum
1389 2300 1451 2344 illi
1473 2300 1527 2344 da
1546 2336 1556 2354 ,
1580 2301 1626 2344 in
1652 2310 1743 2346 toto

350 2374 492 2430 ipsum
525 2372 655 2417 lauda
684 2393 692 2418 ε
723 2389 811 2417 non
835 2372 962 2417 cadas
985 2372 1040 2416 de
1063 2388 1197 2416 manu
1221 2372 1408 2416 artificis.
1432 2374 1487 2416 Ut
1515 2386 1623 2414 esses
1642 2373 1738 2431 quis

350 2443 482 2486 fecit?
514 2442 720 2488 Nondum
755 2443 962 2501 scriptum
987 2451 1049 2486 est
1066 2478 1077 2496 ,
1104 2442 1207 2501 quia
1234 2441 1416 2501 sumpsit
1449 2444 1562 2484 Deus
1585 2441 1735 2485 limum

400 2530 611 2564 ¹.1‹=:1n.¹,x.
640 2545 680 2549 —
710 2535 722 2549 ²
744 2528 979 2569 vsat.xx1,28.
1009 2542 1049 2551 —⁴
1070 2526 1083 2551 3
1101 2527 1216 2569 Epltcs.
1234 2539 1270 2565 η,
1293 2527 1322 2558 3.

1795 2035 1815 2078 (ΙΙ

1795 2388 1815 2417 11<
