1815 3253
352 187 594 221 Eunu-no
626 192 672 220 nv
704 187 911 219 PSALMUM
941 190 1089 219 cxxv1.
1347 178 1424 215 111

44 264 154 307 Ante
169 259 314 304 lucem
331 258 509 303 volebat
530 272 728 317 surgere,
755 267 799 302 et
819 257 907 302 luci
940 255 1169 302 consilium
1197 254 1318 299 dare.
1346 253 1433 299 Sed

43 329 148 392 quid
169 329 271 374 fecit
294 330 530 373 Dominus?
554 327 836 383 Fecitillum,
852 337 902 372 ut
924 336 1021 387 post
1041 325 1185 370 lucem
1208 333 1430 382 surgeret:

51 421 72 444 «
96 401 205 446 Redi
226 409 323 459 post
341 415 425 454 me,
454 401 671 444 Satanas1.
693 417 713 440 »
736 399 840 443 Ideo
857 398 973 443 enim
997 400 1174 442 Satanas
1193 431 1204 451 ,
1237 395 1314 456 qui
1335 403 1436 439 ante

46 472 188 518 lucem
209 472 272 516 vis
300 486 490 530 surgere.
518 471 628 515 Redi
651 480 749 530 post
781 486 873 527 me,
914 478 964 514 ut
987 484 1068 528 ego
1088 467 1357 528 praecedam,
1386 474 1438 510 tu

47 544 237 604 sequaris
262 562 270 588 :
296 558 382 602 qua
405 557 486 601 ego
507 557 558 586 eo
573 576 585 598 ,
611 541 710 587 illac
736 556 807 586 eas
828 562 839 600 3
861 556 951 586 non
972 556 1059 600 qua
1081 550 1131 584 tu
1150 539 1213 584 vis
1234 538 1311 594 ire,
1336 536 1436 581 illac

47 629 116 661 me
137 611 243 658 velis
261 613 437 657 ducere.

105 687 159 728 V.
198 686 314 743 Ergo
341 682 424 728 illis
457 683 534 744 qui
565 682 775 728 volebant
806 692 906 727 ante
936 681 1082 728 lucem
1123 694 1297 739 surgere
1330 678 1438 723 dicit

46 754 242 800 Psalmus
259 789 270 810 ,
294 773 314 797 «
339 756 390 798 In
412 769 574 801 vanum
588 763 651 798 est
671 754 794 798 vobis
813 762 914 798 ante
936 753 1081 798 lucem
1112 766 1301 810 surgere.
1329 767 1350 791 »
1378 752 1436 793 Et

48 825 227 887 quando
262 826 519 883 surgemus?
558 826 670 870 Cum
713 823 924 869 fuerimus
954 822 1186 868 humiliati.
1216 841 1236 864 «
1270 819 1440 878 Surgite

51 914 72 938 »
104 904 250 956 postea
265 910 397 955 quam
412 893 591 939 sedistis.
613 913 633 936 »
655 895 872 940 Surrectio
886 893 1191 938 exaltationem
1207 891 1437 951 significat,

50 966 178 1012 sessio
198 966 487 1010 humilitatem
510 967 735 1024 significat.
768 966 875 1011 Aliis
900 966 1006 1010 locis
1030 963 1291 1024 intelligitur
1312 963 1441 1008 sessio

49 1038 93 1082 in
110 1037 274 1082 honore
290 1035 532 1096 judicandi,
554 1036 645 1081 aliis
662 1036 767 1081 locis
786 1037 1081 1081 humilitatem
1099 1035 1306 1080 ostendit.
1321 1037 1444 1087 Quo-

51 1108 182 1153 modo
203 1108 246 1152 in
265 1107 432 1152 honore
455 1107 683 1167 judicandi
702 1108 865 1151 sessio?
887 1126 906 1148 (ι
932 1105 1144 1151 Sedebitis
1167 1121 1295 1165 super
1327 1105 1443 1148 duo-

55 1197 75 1220 »
110 1177 247 1223 decim
263 1177 384 1222 sedes
399 1213 410 1233 ‚
423 1177 667 1238 judicantes
687 1177 920 1222 duodecim
941 1177 1076 1221 trihus
1094 1177 1265 1221 israw.
1289 1195 1307 1217 »
1327 1178 1445 1229 Quo-

52 1248 182 1294 modo
204 1250 250 1293 in
271 1249 392 1308 signo
422 1249 679 1293 humilitatis
717 1249 875 1293 sessio?
897 1267 916 1290 «
948 1250 1064 1292 Hora
1088 1256 1203 1291 sexta
1232 1247 1446 1292 Dominus

55 1338 76 1362 »
110 1320 314 1378 fatigatus
335 1319 447 1364 sedit
468 1318 522 1364 ad
547 1321 774 1379 puteum3.
804 1337 825 1360 n
851 1319 1065 1377 Fatigatio
1096 1318 1291 1373 Domini,
1324 1318 1448 1362 infir-

53 1390 177 1435 mitas
196 1390 368 1435 Domini
382 1389 480 1445 fuit,
500 1390 728 1434 infirmitas
744 1390 932 1445 virtutis,
948 1389 1179 1433 infirmitas
1192 1388 1415 1447 sapientiae
1432 1403 1441 1429 t

54 1460 129 1506 sed
147 1461 239 1520 ipsa
260 1461 502 1516 infirmitas,
525 1459 765 1506 humilitas.
784 1463 901 1519 Ergo
924 1459 959 1505 si
982 1459 1093 1504 sedit
1110 1475 1161 1503 ex
1174 1459 1442 1514 infirmitate,

55 1532 181 1577 sessio
198 1531 271 1577 illa
294 1532 585 1576 humilitatem
608 1532 837 1590 significat.
865 1534 921 1576 Et
943 1531 1034 1590 ipsa
1063 1531 1192 1575 sessio
1220 1530 1377 1590 ipsius,
1403 1529 1449 1573 id

56 1611 120 1646 est
138 1637 150 1657 ,
170 1601 392 1647 humilitas
412 1602 544 1661 ipsius
564 1637 578 1657 ,
594 1601 684 1660 ipsa
703 1616 781 1646 uos
800 1600 905 1645 fecit
925 1600 1064 1645 salvos
1091 1620 1099 1645 :
1121 1601 1223 1661 quia
1238 1636 1249 1655 ‚
1279 1620 1300 1642 «
1318 1599 1450 1654 Quod

61 1689 81 1713 »
114 1672 336 1716 infirmum
367 1681 431 1716 est
467 1673 565 1727 Dei,
592 1671 747 1716 fortius
775 1680 839 1716 est
860 1686 994 1732 quam
1013 1672 1212 1716 homines
1228 1672 1260 1714 4.
1287 1689 1306 1713 n
1344 1671 1449 1715 Ideo

59 1742 162 1788 dicit
186 1744 231 1788 in
247 1745 441 1804 quodam
465 1743 634 1788 Psalmo
650 1779 661 1798 ,
687 1762 706 1786 «
732 1743 916 1788 Domine
933 1779 944 1797 ,
966 1753 1015 1787 tu
1036 1742 1276 1801 cognovisti
1295 1743 1450 1787 sessio-

64 1831 84 1854 »
119 1829 219 1857 nem
242 1829 382 1858 meam
398 1823 442 1858 et
460 1814 817 1858 resurrectionem
841 1816 1010 1857 meam⁵
1039 1833 1048 1858 ε
1077 1832 1096 1855 »
1122 1813 1168 1857 id
1189 1823 1252 1858 est
1270 1848 1280 1868 ‚
1304 1813 1451 1856 humi-

14 1881 18 1948 }
62 1884 228 1929 litatem
248 1900 388 1929 meam
410 1894 453 1929 et
477 1885 781 1929 exaltationem
803 1900 961 1929 meam.
988 1884 1104 1938 Quid
1126 1900 1229 1944 ergo
1251 1900 1326 1929 vos
1349 1893 1451 1928 ante

16 1952 18 1956 ’
62 1953 204 1999 lucem
227 1955 358 2000 vultis
375 1955 577 2011 exaltari,
593 1971 618 2000 o
636 1955 714 1999 filii
739 1955 969 1999 Zebedaei?
984 1955 1051 2000 Sic
1068 1955 1185 1999 enim
1199 1954 1449 2015 loquamur,

18 2606 22 2704 ἶ

20 2705 22 2776 ε

65 2034 107 2069 et
135 2026 246 2085 ipsos
280 2026 425 2086 potius
452 2026 726 2070 nominemus
744 2061 755 2081 ,
791 2026 867 2086 qui
900 2041 990 2070 non
1016 2026 1143 2070 nobis
1169 2025 1416 2069 irascuntur
1440 2043 1450 2070 ε

65 2096 165 2156 quia
189 2097 286 2142 ideo
303 2097 357 2141 de
376 2097 460 2142 illis
476 2098 556 2142 ista
579 2098 821 2157 conscripta
835 2107 938 2141 sunt
953 2133 963 2152 ‚
984 2107 1034 2141 ut
1056 2096 1127 2141 alii
1151 2106 1355 2142 caverent
1377 2113 1453 2141 su-

67 2167 275 2227 perbiam,
291 2168 336 2212 in
358 2184 444 2228 qua
464 2168 545 2228 ipsi
561 2169 749 2228 correpti
763 2177 880 2212 sunt.
897 2167 1014 2222 Quid
1034 2183 1134 2226 ergo
1144 2168 1276 2213 vultis
1301 2171 1454 2213 «Ante

70 2254 91 2279 >1
124 2236 267 2282 lucem
289 2240 493 2297 surgere?
522 2241 574 2282 In
604 2253 767 2283 vanum
790 2247 854 2283 est
873 2239 1012 2283 vobis.
1042 2256 1061 2279 »
1088 2238 1277 2283 Exaltari
1294 2238 1451 2294 vultis,

69 2317 301 2368 antequam
323 2307 639 2353 humiliemini?
662 2309 871 2353 Dominus
893 2309 984 2369 ipse
1008 2319 1170 2364 vester,
1195 2308 1272 2369 qui
1293 2318 1358 2354 est
1378 2309 1457 2353 lux

70 2387 224 2435 vestra,
260 2378 513 2424 humiliatus
531 2389 594 2424 est
625 2389 676 2426 ut
697 2379 974 2425 exaltaretur.
998 2379 1161 2425 Audite
1179 2379 1363 2424 Paulum
1386 2380 1456 2425 di—

120 2482 130 2498 '
150 2475 266 2509 Matth.
286 2487 317 2517 x,
336 2476 393 2508 23.
415 2492 458 2500 -
472 2476 639 2518 ²1d.x1x‚
660 2476 716 2509 28.
735 2492 778 2501 -
797 2474 812 2501 3
828 2478 926 2509 Joan.
946 2487 993 2518 xv,
1011 2476 1045 2510 6.
1062 2493 1105 2500 -
1127 2475 1145 2507 4
1166 2488 1180 2509 1
1197 2478 1270 2510 Cor.
1293 2488 1320 2520 1,
1339 2476 1392 2510 25.
1414 2493 1457 2501 -

75 2528 90 2555 ⁸
106 2532 185 2564 Psal.
200 2543 351 2572 cxxxvni,
364 2541 397 2564 2.
