1815 3253
396 199 638 228 ENARRATlo
672 202 715 228 m
749 200 952 229 PsALMUM
984 202 1126 228 cxmv.
1362 187 1446 228 447

56 267 122 312 bis
142 267 342 327 prodesse
362 267 482 311 novit
500 302 509 322 ‚
527 274 577 310 ut
597 282 790 311 amemus
814 282 913 310 eum
929 301 940 321 ‚
960 265 1185 310 laudando
1207 281 1252 310 se
1277 266 1447 311 amabi—

52 338 137 382 lem
160 353 203 382 sc
226 336 327 381 facit
355 356 363 381 :
387 347 430 382 et
458 337 503 380 in
533 352 584 381 co
616 337 740 382 nobis
777 336 988 391 consulit,
1023 336 1125 397 quia
1147 351 1192 379 se
1214 336 1450 381 amabilem

53 407 170 452 facit.
197 408 462 451 Exhortatur
490 422 591 465 ergo
624 423 698 451 cor
719 415 917 451 nostrum
945 407 990 450 in
1007 405 1186 450 laudem
1207 422 1330 450 suam
1359 426 1367 452 ε
1405 416 1450 451 et

54 479 206 539 spiritu
235 494 314 523 suo
348 476 544 537 implevit
579 493 721 523 servos
750 493 848 522 suos
866 513 876 533 ‚
912 485 962 521 ut
993 476 1225 522 laudarent
1249 492 1364 521 eum.
1392 481 1451 523 Et

0 595 2 608 ;
54 550 263 610 quoniam
287 548 461 608 spiritus
478 550 568 608 ejus
592 549 636 592 in
649 548 781 594 servis
798 549 888 608 ejus
904 547 1057 592 laudat
1073 562 1190 603 eum,
1205 547 1313 608 quid
1330 547 1450 592 aliud

55 636 188 681 quam
210 621 301 679 ipse
321 635 365 663 se
382 617 563 663 laudat?
581 619 740 679 Incipit
765 634 869 678 ergo
888 617 1084 663 Psalmus
1104 618 1182 663 iste
1205 618 1264 662 ita
1290 637 1300 663 ε

116 695 173 736 11.
191 711 211 734 «
226 690 438 736 Exaltabo
461 699 525 747 te,
552 694 666 736 Deus
683 706 826 746 meuS,
855 705 931 734 rex
952 706 1104 748 meus3
1129 699 1172 735 et
1194 689 1451 734 benedicam

60 782 80 806 »
115 778 278 807 nomen
299 770 426 807 tuum
452 762 498 806 in
517 761 744 816 saeculum,
770 771 814 806 et
835 761 881 805 in
899 761 1108 806 saeculum
1130 761 1321 806 saeculi1.
1342 761 1454 805 »Vi-

55 833 165 878 detis
186 833 435 878 inchoatam
455 848 544 877 esse
564 831 742 877 laudem
762 832 853 891 Dei,
871 841 914 876 et
936 847 1077 892 usque
1092 831 1149 876 ad
1172 832 1305 875 finem
1329 830 1455 876 psal-⁴

56 894 116 948 mi
138 904 231 948 laus
251 904 342 963 ipsa
364 903 634 963 perducitur.
649 903 846 964 Denique
863 903 1018 947 titulus
1034 902 1194 947 Psalmi
1207 911 1286 957 est,
1305 902 1457 947 «Laus

63 992 80 1018 »>
118 975 198 1035 ipsi
215 974 366 1019 David.
390 993 410 1016 »
431 977 488 1019 Et
504 974 716 1035 quoniam
732 974 874 1018 dictus
897 983 961 1018 est
979 973 1118 1019 David
1132 1009 1142 1029 ‚
1163 973 1242 1034 qui
1258 974 1378 1018 venit
1400 973 1456 1018 ad

59 1061 137 1091 nos
160 1061 210 1090 ex
231 1046 393 1090 semine
415 1045 609 1100 David²‚
638 1045 730 1104 ipse
753 1054 900 1089 autem
924 1059 998 1088 rex
1022 1053 1171 1088 noster
1191 1053 1277 1098 est,
1304 1059 1456 1103 regens

59 1133 164 1171 nos‚·
205 1125 249 1160 et
276 1115 562 1160 introducens
591 1130 670 1159 nos
705 1114 751 1158 in
775 1129 958 1172 regnum
981 1129 1109 1158 suum
1152 1133 1160 1158 ;
1199 1113 1460 1172 intelligitur

65 1208 81 1229 «
110 1191 222 1233 Laus
250 1187 331 1247 ipsi
361 1186 520 1242 David,
548 1205 568 1228 »
596 1189 710 1230 Laus
744 1186 825 1246 ipsi
850 1186 1040 1231 Christo.
1077 1185 1275 1231 Christus
1309 1194 1456 1229 autem

60 1257 303 1302 secundum
324 1273 499 1302 carnem
535 1256 698 1312 David,
732 1257 835 1317 quia
864 1255 980 1300 filius
1008 1255 1148 1300 David
1175 1274 1183 1299 :
1213 1254 1457 1300 secundum

63 1328 335 1374 divinitatem
359 1337 504 1373 autem
525 1329 705 1373 Creator
723 1326 877 1382 David,
898 1335 942 1370 et
964 1326 1175 1371 Dominus
1189 1325 1344 1370 David.
1370 1326 1459 1370 De-

62 1401 198 1460 nique
217 1409 261 1444 et
275 1398 509 1459 Apostolus
533 1414 634 1443 cum
657 1399 893 1443 honoraret
909 1397 1100 1457 primum
1123 1396 1337 1457 populum
1361 1396 1457 1452 Dei,

63 1469 183 1515 unde
204 1480 247 1515 et
269 1469 464 1530 Apostoli
483 1469 565 1529 ipsi
587 1468 884 1524 crediderunt,
907 1467 1123 1530 ctu-multae
1143 1467 1347 1512 Ecclesiae
1369 1467 1460 1527 pri-

64 1558 148 1587 mae
176 1542 303 1587 factae
330 1551 456 1597 sunt,
494 1540 702 1585 facientes
735 1541 780 1584 in
816 1539 963 1584 multis
985 1540 1216 1584 hominum
1239 1539 1456 1595 millibus,

64 1616 185 1676 quod
220 1613 353 1659 modo
386 1615 431 1658 in
461 1612 700 1671 Evangelio
735 1610 855 1657 dives
884 1628 998 1656 unus
1031 1611 1223 1666 audivit,
1255 1621 1299 1655 et
1330 1610 1460 1654 tristis

67 1687 294 1744 abscessitz,
318 1685 364 1730 id
385 1694 469 1741 e'st,
489 1684 730 1730 vendentes
756 1684 902 1728 omnia
924 1699 1023 1743 quae
1045 1682 1290 1736 habebant,
1310 1691 1352 1725 et
1371 1681 1460 1725 dis-

66 1757 309 1802 tribuentes
331 1756 596 1816 pauperibus
612 1790 622 1809 ‚
643 1763 686 1798 et
709 1753 1021 1814 perfectionem
1044 1753 1089 1796 in
1112 1752 1299 1796 Domino
1318 1751 1462 1812 requi-

41 1848 44 1851 *
69 1838 212 1872 rentes
235 1848 243 1873 :
269 1843 369 1872 cum
396 1843 499 1886 ergo
520 1825 722 1870 laudaret
742 1825 884 1884 ipsum
907 1823 1122 1884 populum
1144 1823 1336 1883 primum
1353 1858 1363 1878 ,
1402 1822 1462 1867 sic

70 1901 159 1945 ait:
190 1905 430 1953 «Quorum
464 1908 608 1959 patres
642 1906 685 1941 et
712 1912 762 1941 ex
794 1896 956 1956 quibus
993 1895 1188 1940 Christus
1221 1894 1462 1939 secundum

73 1991 94 2014 n
130 1987 326 2026 carnem,
360 1971 436 2031 qui
467 1979 530 2014 est
557 1985 686 2029 super
719 1968 864 2012 omnia
891 1971 1005 2011 Deus
1029 1966 1290 2010 benedictus
1311 1967 1358 2009 in
1380 1981 1463 2009 sae-

74 2062 97 2085 n
130 2043 275 2088 culass.
304 2061 324 2083 n
352 2042 464 2095 Quia
485 2043 634 2101 itaque
657 2056 707 2084 ex
739 2039 841 2099 ipsis
870 2038 1068 2084 Christus
1101 2037 1344 2082 secundum
1367 2053 1464 2082 car-

73 2127 197 2169 nem,
230 2113 329 2158 ideo
362 2112 500 2157 David
526 2131 535 2155 :
561 2111 664 2172 quia
691 2126 795 2154 vero
824 2110 916 2168 ipse
939 2118 1001 2153 est
1023 2123 1154 2168 super
1180 2109 1324 2152 omnia
1351 2111 1467 2153 Deus

74 2186 332 2231 benedictus
353 2185 399 2228 in
420 2183 578 2229 saecula
599 2218 610 2236 ‚
634 2182 756 2237 ideo,
786 2202 805 2223 «
831 2180 1048 2226 Exaltabo
1080 2189 1123 2224 te
1138 2215 1149 2235 ,
1176 2183 1289 2224 Deus
1311 2196 1432 2225 meus
1452 2216 1463 2236 ‚

79 2270 101 2300 »·
136 2273 209 2301 rex
225 2272 374 2314 meus3
400 2265 444 2300 et
476 2254 732 2299 benedicam
749 2290 759 2309 ‚
790 2253 935 2314 inquit
952 2289 962 2308 ‚
990 2267 1150 2297 nomen
1173 2261 1299 2296 tuum
1318 2252 1363 2296 in
1385 2268 1468 2297 sae-

80 2347 103 2370 >r
135 2327 285 2372 culum
303 2363 314 2383 ,
342 2336 386 2371 et
402 2327 445 2370 in
471 2324 679 2370 saeculum
701 2324 865 2369 saeculi.
889 2343 908 2364 »
947 2326 1078 2368 Forte
1113 2342 1131 2364 «
1156 2326 1206 2366 In
1228 2322 1437 2367 saeculum
1454 2358 1465 2378 ‚

76 2400 164 2454 hic,
187 2418 207 2442 «
226 2400 279 2443 In
300 2396 511 2442 saeculum
530 2414 550 2437 »
577 2404 722 2439 autem
750 2414 769 2437 «
790 2394 952 2448 saeculi,
981 2412 1001 2435 »
1023 2394 1068 2437 in
1091 2403 1320 2438 aeternum.
1335 2394 1470 2438 Modo

80 2487 183 2531 ergo
213 2470 357 2529 incipe
386 2467 566 2513 laudare
585 2502 596 2521 ‚
630 2466 666 2511 si
697 2466 743 2510 in
771 2474 990 2510 aeternum
1023 2463 1280 2510 laudaturus
1301 2479 1358 2508 es.
1385 2464 1471 2517 Qui

130 2563 139 2579 ¹
157 2556 238 2589 Psal.
255 2565 359 2596 cmv,
379 2564 407 2585 1.
428 2570 470 2576 —
488 2559 502 2576 ²
520 2554 611 2585 Rom.
632 2561 657 2593 1,
681 2551 712 2583 3.
729 2567 770 2572 —-
792 2548 805 2573 3
823 2550 872 2583 Id.
890 2560 935 2592 ix,
959 2549 992 2582 5.
