1815 3253
340 199 426 240 406
769 208 804 238 s.
839 208 1071 240 Aususvrxm
1102 209 1286 240 13121scol³1

338 290 435 319 sum
458 274 679 320 Christum
696 271 1063 334 praenuntiantem
1084 290 1128 319 se
1140 291 1217 335 per
1236 275 1349 319 hanc
1363 275 1658 334 prophetiam,
1679 277 1736 319 et’
1795 266 1797 273 ⁴

341 345 449 404 quid
472 344 670 388 futurum
691 354 799 388 esset
820 344 865 388 in
891 345 974 389 hoc
1009 354 1204 404 tempore
1225 380 1236 400 ⁷
1264 360 1341 405 per
1370 359 1418 388 ea
1435 360 1532 404 quae
1554 343 1722 404 pridem

282 464 300 475 ἦ
338 416 451 461 sacta
487 427 588 461 sunt
609 415 935 476 praedicantem.
962 419 1060 476 Ipse
1081 416 1197 460 enim
1218 432 1261 460 se
1292 416 1338 460 in
1359 416 1584 475 Prophetis
1608 431 1722 475 prae-

341 488 543 546 dicabat3
568 488 775 549 quoniam
796 489 887 548 ipse
908 497 971 532 est
995 487 1190 532 Verbum
1210 488 1312 532 Dei:
1338 502 1418 531 1100
1442 486 1506 530 1111
1536 486 1620 530 tale
1643 487 1723 531 ali-

343 558 450 620 quid
481 558 687 603 dicebant
701 594 711 614 ,
743 559 822 602 nisi
845 558 962 618 pleni
985 558 1130 602 Verbo
1152 557 1246 602 Dei.
1268 556 1604 602 Annuntiabant
1625 571 1725 615 ergo

343 630 563 674 Christum
580 664 590 684 ‚
617 628 735 688 pleni
757 629 928 673 Christo
950 647 959 673 z
980 637 1022 672 et
1045 627 1108 672 illi
1134 643 1234 672 eum
1255 637 1490 672 venturum
1507 627 1732 687 praecede-

343 701 450 743 bant
469 735 478 754 ‚
504 714 613 759 quos
632 698 925 758 praecedentes
942 714 1032 742 non
1052 697 1292 743 deserebat.
1312 701 1606 755 Agnoscamus
1624 713 1726 756 ergo

345 769 718 830 quemadmodum
750 778 793 813 et
824 769 1045 814 Christum
1079 768 1420 828 persequebatur
1442 768 1556 812 filius
1588 783 1723 813 suus:
1786 766 1789 772 '

346 840 539 884 habebat
560 839 675 883 enim
705 839 836 894 filios,
860 839 914 883 de
935 840 1095 899 quibus
1119 838 1316 893 dicebat,
1347 840 1365 880 (ἑ
1401 841 1495 883 Νο11
1528 839 1729 898 jejunant

352 929 372 952 »
408 910 485 954 filii
509 911 679 969 sponsi,
711 910 907 969 quandiu
929 925 1027 954 cum
1056 910 1115 953 eis
1137 918 1201 954 est
1223 925 1402 968 sponsus
1423 928 1431 954 ε
1450 924 1548 953 cum
1582 918 1729 952 antem

352 999 373 1021 »
410 981 464 1024 ab
499 980 557 1023 eis
591 979 760 1023 ablatus
803 978 935 1023 fuerit
971 995 1151 1039 sponsus
1167 1015 1178 1033 ‚
1217 989 1322 1023 tunc
1351 978 1614 1039 jejunabunt
1652 977 1730 1021 filii

355 1070 372 1091 »
409 1050 552 1109 sponsi
569 1052 599 1093 1.
621 1068 639 1092 »
664 1052 778 1107 Ergo
800 1048 879 1093 filii
899 1050 1044 1109 sponsi
1061 1084 1072 1105 ‚
1098 1048 1317 1109 Apostoli:
1343 1057 1386 1092 et
1407 1049 1518 1092 inter
1538 1049 1615 1092 hos
1629 1063 1729 1107 per-

349 1129 520 1164 secutor
551 1119 686 1164 ,Iudas
729 1119 942 1163 diabolus.
970 1120 1216 1164 Passionem
1238 1119 1386 1179 itaque
1418 1133 1539 1162 suam
1571 1118 1616 1161 in
1649 1118 1731 1162 1100

351 1189 522 1234 Psalmo
544 1189 855 1249 praedicaturus
872 1199 936 1234 est
956 1191 1151 1235 Christus
1168 1224 1179 1245 ‚
1196 1189 1436 1233 audiamus.

410 1264 492 1304 ΙΙΙ.
510 1264 675 1304 Rursus
692 1269 838 1304 autem
856 1260 1008 1305 adhoc
1025 1261 1237 1304 intentam
1260 1259 1439 1303 facimus
1466 1260 1732 1307 Charitatem
1792 1260 1809 1282 ‘¹

351 1333 570 1385 Vestram,
604 1346 694 1375 non
716 1329 914 1374 docendo
936 1330 1057 1390 quod
1087 1330 1293 1389 ignoratis
1313 1364 1324 1384 ,
1354 1328 1430 1374 sed
1454 1328 1732 1374 admonendo
1789 1330 1811 1367 ’1

349 1401 471 1462 quod
506 1401 641 1446 nostis
660 1422 671 1458 3
711 1401 946 1446 Dominum
981 1410 1023 1445 et
1062 1401 1328 1446 Salvatorem
1356 1410 1551 1444 nostrum
1585 1404 1732 1444 Jesum

350 1473 573 1519 Christum
604 1481 736 1531 caput
758 1487 847 1515 esse
873 1471 1066 1531 corporis
1095 1471 1188 1526 sui,
1213 1470 1338 1515 illum
1359 1486 1499 1515 unum
1521 1470 1732 1515 mediato-

350 1558 442 1587 rem
464 1558 553 1587 esse
575 1543 652 1586 Dei
673 1551 716 1586 et
735 1543 964 1586 hominum
982 1577 992 1598 ‚
1021 1541 1244 1587 hominem
1273 1545 1420 1586 Jesum
1434 1545 1450 1567 ‘²
1468 1577 1478 1596 ‚
1509 1551 1660 1585 natum
1682 1556 1733 1584 ex

348 1614 514 1672 virgine
531 1649 541 1669 ,
563 1623 770 1673 tanquam
792 1614 837 1656 in
854 1612 1087 1657 solitudine
1104 1648 1115 1668 ,
1136 1613 1246 1657 sicut
1264 1613 1307 1656 in
1326 1612 1586 1672 Apocalypsi
1608 1612 1733 1656 audi-

349 1685 504 1728 vimus.
543 1687 623 1728 Per
650 1682 929 1727 solitudinem
966 1683 1129 1743 quippe
1151 1683 1338 1727 arbitror
1358 1717 1368 1737 ,
1395 1682 1513 1741 quod
1536 1681 1651 1726 solus
1672 1683 1731 1726 ita

348 1764 476 1798 natus
498 1762 575 1797 est.
598 1755 726 1796 Hunc
748 1753 862 1796 enim
885 1752 958 1796 illa
976 1753 1132 1796 mulier
1149 1754 1332 1813 peperit,
1350 1762 1570 1797 recturum
1586 1767 1731 1812 popu-

344 1825 436 1869 lum
470 1825 516 1868 in
540 1824 657 1881 virga
679 1822 819 1867 ferrea
835 1825 866 1867 3.
894 1826 997 1867 Haec
1015 1833 1160 1867 autem
1181 1822 1362 1878 mulier,
1387 1823 1566 1883 antiqua
1588 1832 1652 1867 est
1668 1824 1730 1867 ci-

344 1896 453 1939 vitas
476 1895 552 1938 Dei
569 1929 579 1949 ‚
601 1893 656 1937 de
673 1910 757 1953 qua
774 1894 820 1936 in
838 1892 1007 1937 Psalmo
1026 1892 1209 1938 dicitur:
1232 1912 1251 1936 «
1273 1893 1467 1938 Gloriosa
1491 1886 1607 1937 dicta
1630 1901 1732 1937 sunt

347 1985 366 2007 »
404 1964 459 2008 de
481 1973 522 2007 10
538 1999 548 2018 ,
574 1964 722 2007 civitas
740 1963 816 2007 Dei
830 1964 892 2006 4.»
920 1966 1024 2008 Haec
1047 1964 1195 2007 civitas
1215 1964 1388 2007 initium
1409 1963 1544 2008 habet
1565 1963 1620 2006 ab
1638 1964 1731 2022 ipso
1793 1964 1795 1971 ’

343 2033 481 2088 Abel,
507 2033 618 2077 sicut
636 2032 747 2076 mala
769 2033 916 2078 civitas
934 2049 957 2077 a
974 2035 1126 2079 Ca'l‘n5.
1145 2033 1337 2092 Antiqua
1359 2048 1461 2091 ergo
1482 2033 1560 2076 ista
1581 2032 1731 2077 civitas

344 2105 447 2159 Dei,
473 2119 641 2162 semper
656 2102 843 2147 tolerans
866 2113 1024 2147 terram
1041 2137 1051 2157 ‚
1075 2117 1249 2161 sperans
1272 2102 1457 2158 coelum,
1482 2119 1582 2162 quae
1599 2104 1731 2147 ctiam

341 2174 581 2217 Jerusalem
611 2182 791 2217 vocatur
817 2182 861 2217 et
895 2173 1014 2217 Sion.
1053 2172 1213 2231 Utique
1246 2172 1300 2216 de
1332 2181 1435 2216 nato
1469 2172 1662 2232 quodam
1683 2172 1730 2217 111

342 2243 446 2288 Sion
465 2278 476 2295 ‚
501 2251 545 2286 et
581 2241 806 2286 conditore
843 2242 975 2301 ipsius
1014 2242 1117 2286 Sion
1134 2276 1145 2296 ‚
1175 2241 1369 2286 Psalmus
1391 2242 1570 2302 quidam
1591 2240 1695 2286 dicit
1717 2261 1727 2288 ι

342 2331 362 2355 (ε
395 2316 534 2357 Mater
559 2315 683 2367 Sion,
708 2311 823 2357 dicet
843 2313 991 2356 homo.
1014 2311 1156 2364 »Quis
1176 2312 1343 2356 homo?
1371 2331 1390 2355 «
1415 2315 1471 2356 Et
1493 2313 1625 2356 1101110
1643 2311 1730 2356 fac-

338 2402 358 2424 »
394 2392 463 2427 tus
485 2393 548 2428 est
569 2383 614 2426 111
646 2398 720 2438 ea,
745 2392 788 2427 et
808 2383 899 2441 ipse
928 2381 1131 2427 fundavit
1150 2397 1246 2426 eam
1268 2382 1511 2427 Altissimus
1528 2384 1559 2426 ⁰.
1589 2401 1608 2424 »
1637 2385 1722 2426 De-

384 2487 393 2503 ‘
416 2480 539 2513 Matth.
563 2491 616 2521 lx,
648 2480 699 2512 15.
720 2496 763 2503 —-
792 2486 805 2503 ²
827 2491 839 2512 1
866 2480 948 2512 Tim.
973 2491 1019 2521 11,
1047 2479 1078 2511 5.
1100 2497 1142 2503 -
1159 2478 1172 2503 3
1190 2481 1291 2522 Apoc.
1315 2490 1384 2521 xu,
1403 2479 1438 2521 5,
1459 2479 1494 2512 6.
1530 2496 1567 2502 -
1598 2478 1612 2509 [1
1637 2479 1721 2511 esai.

333 2547 464 2578 uxum,
487 2537 518 2569 3.
540 2553 581 2559 —
600 2535 614 2559 5
629 2538 708 2569 Gen.
728 2547 774 2575 lv,
792 2536 812 2568 8
831 2540 864 2568 et
885 2547 934 2578 17.
963 2552 1004 2559 -—-
1019 2534 1034 2558 6
1052 2536 1131 2569 Psal.
1151 2547 1282 2578 mxxxvi,
1301 2534 1336 2568 5.
