1815 3253
394 298 637 329 ENAnnAno
670 301 715 328 IN
748 301 950 329 PSALMUM
983 302 1121 330 ch1v.
1364 290 1448 330 463

116 367 212 410 XV.
232 366 328 409 «Ut
349 374 499 410 notam
521 364 686 410 faciant
706 366 805 412 filiis
826 367 1057 411 hominum
1071 368 1311 427 potentiam
1327 376 1450 412 tuam·

59 453 81 477 »
115 444 160 480 et
180 435 362 494 gloriam
393 434 706 494 magnitudinis
741 435 907 480 decoris
937 437 1060 495 regni
1095 437 1159 480 tui
1176 438 1205 478 ¹.
1243 455 1263 478 »
1303 437 1450 482 Sancti

56 520 157 564 ergo
177 506 243 550 tui
264 505 573 550 commendant
596 506 777 564 gloriam
801 507 1112 565 magnitudinis
1134 506 1302 552 decoris
1328 507 1452 565 regni

56 577 146 634 tui3
170 575 481 636 magnitudinis
513 577 681 622 decoris
704 575 899 635 gloriam.
937 579 1015 621 Est
1047 576 1252 637 quaedam
1278 578 1450 635 magni-

56 645 166 691 tudo
187 646 353 691 decoris
375 646 497 705 regni
518 646 584 692 tui
610 666 619 691 ε
645 647 730 692 hoc
751 656 816 692 est
831 681 844 703 ,
867 661 1051 705 regnum
1069 656 1198 692 tuum
1216 646 1352 691 habet
1373 647 1453 690 de-

57 731 203 761 corem
224 726 268 761 et
299 732 506 776 magnum
540 718 758 763 decorem.
791 717 980 770 Quando
1014 718 1195 778 quidem
1231 716 1453 778 quidquid

57 785 191 830 habet
212 784 414 835 decorem
426 821 438 842 ,
454 803 479 831 a
493 795 536 831 te
548 787 682 832 habet
703 786 906 832 decorem
924 807 935 845 3
954 787 1099 847 ipsum
1116 802 1301 846 regnum
1322 795 1455 832 tuum-

55 855 230 916 qualem
253 855 454 901 decorem
472 857 640 902 habet?
662 860 760 903 Non
782 873 864 903 nos·
883 866 1043 903 terreat
1065 873 1250 916 regnum
1267 893 1280 913 ‚
1318 858 1454 902 habet

55 935 98 970 et
123 928 326 972 decorem
356 945 446 989 quo
480 928 764 974 delectemur.
800 930 978 974 Etenim
1013 929 1143 990 quale
1170 929 1283 974 illud
1317 928 1453 975 decus

54 1006 144 1052 est,
169 1013 260 1058 quo
277 998 561 1058 perfruentur
597 1000 767 1045 sancti?
790 1000 952 1060 quibus
985 999 1157 1045 dicetur
1176 1035 1191 1051 ,
1225 1019 1245 1043 «
1269 1001 1456 1057 Venite,

56 1086 77 1110 >1
113 1068 334 1113 benedicti
347 1071 485 1115 Patris
496 1071 606 1125 mei,
630 1071 842 1131 percipite
860 1085 1044 1129 regnum
1059 1073 1092 1114 ².
1112 1090 1132 1112 »
1152 1071 1280 1116 Unde
1297 1071 1455 1115 ibunt?

53 1155 144 1199 quo
165 1140 317 1184 ibunt?
331 1140 488 1186 Videte
502 1176 514 1197 ,
531 1142 685 1186 fratres
700 1163 712 1199 3
729 1142 807 1186 etsi
822 1142 1003 1201 potestis
1022 1151 1241 1201 quantum
1255 1141 1456 1201 potestis,

53 1210 242 1268 cogitate
272 1211 474 1256 decorem
496 1212 620 1270 regni
648 1211 766 1255 illius
803 1211 925 1272 quod
947 1221 1184 1255 venturum
1219 1220 1285 1255 est
1303 1230 1312 1256 :
1333 1210 1454 1255 unde

52 1280 174 1325 estin
186 1280 381 1326 oratione
394 1290 558 1336 nostra,
582 1300 604 1324 «
625 1280 843 1326 Adveniat
864 1296 1047 1339 regnum
1061 1290 1189 1326 tuum
1205 1283 1237 1325 ³.
1263 1284 1456 1340 »Ipsum

54 1350 171 1395 enim
193 1365 376 1408 regnum
394 1352 595 1411 optamus
616 1360 667 1396 ut
687 1351 836 1396 veniat
851 1386 863 1407 ‚
888 1352 973 1396 hoc
1001 1366 1186 1410 regnum
1213 1360 1457 1396 venturum

54 1421 192 1464 sancti
208 1421 464 1480 praedicant.
485 1420 703 1479 Mundum
725 1421 858 1465 istum
877 1421 1089 1466 attendite
1107 1457 1119 1476 ‚
1150 1420 1357 1471 decorem
1372 1422 1456 1465 ha·-

53 1491 144 1535 bet.
166 1494 309 1545 Quem
331 1492 534 1538 decorem
551 1493 686 1536 habet
710 1501 848 1548 terra,
875 1507 994 1536 mare
1014 1527 1027 1548 ,
1052 1495 1125 1536 a‘er
1140 1527 1151 1547 ,
1175 1491 1342 1537 coelum
1364 1526 1376 1547 ‚
1397 1491 1456 1535 si-

54 1559 188 1605 dera?
209 1562 367 1606 Omnia
388 1563 483 1607 haec
501 1577 648 1607 nonne
670 1577 847 1607 omnem
868 1561 1237 1608 consideratorem
1261 1563 1456 1606 terrent?

53 1633 209 1676 Nonne
231 1631 515 1691 pulchritudo
548 1633 640 1692 ipsa
667 1633 726 1678 sic
765 1632 928 1676 eminet
945 1667 956 1688 ‚
994 1638 1046 1676 ut
1066 1632 1193 1692 quasi
1225 1632 1456 1692 pulchrius

52 1701 164 1745 nihil.
184 1702 369 1746 inveniri
391 1703 555 1762 possit?
575 1705 632 1746 Et
653 1702 724 1746 hic
745 1703 902 1747 vivunt
921 1703 967 1746 in
985 1702 1068 1746 isto
1090 1704 1249 1746 decore
1264 1737 1276 1758 ,
1309 1704 1357 1746 in·
1371 1702 1454 1746 ista

53 1771 383 1831 pulchritudine
412 1789 549 1834 prope
567 1774 658 1834 jam
684 1772 922 1827 ineffabili,
953 1773 1024 1816 hic
1046 1773 1203 1817 vivunt
1237 1782 1387 1820 tecum
1412 1780 1456 1816 et

53 1842 284 1887 vermiculi.
302 1852 345 1888 et
365 1859 510 1888 mures
533 1879 544 1899 ‚
565 1853 609 1888 et
630 1844 776 1888 omnia
790 1852 918 1887 terrae
940 1842 1136 1902 repentia
1156 1877 1167 1897 ‚
1201 1843 1283 1886 ista
1306 1851 1457 1887 tecum

53 1914 207 1958 vivunt
223 1915 268 1958 in
290 1915 447 1960 decore
468 1916 566 1959 isto.
591 1913 732 1967 Quale
754 1913 890 1958 decus
908 1922 972 1957 est
988 1913 1105 1957 illius
1124 1913 1261 1971 regni,
1288 1913 1365 1956 ubi
1386 1922 1454 1957 te-

55 2000 163 2029 cum
176 2001 265 2029 non
284 1986 440 2029 vivunt
462 1985 544 2029 nisi
560 1984 741 2043 AngeliP
761 1984 867 2029 Ideo
882 1999 1036 2044 parum
1060 1982 1145 2028 fuit
1164 2019 1176 2039 ‚
1208 1993 1259 2028 ut
1291 1983 1457 2028 diceret

56 2055 235 2114 gloriam
259 2056 440 2101 decoris.
468 2057 616 2101 Potuit
633 2057 751 2101 enim
768 2056 852 2100 dici
876 2065 920 2100 et
942 2055 1078 2114 gloria
1109 2054 1277 2100 decoris
1307 2056 1455 2115 cujus-

54 2126 164 2171 libet
184 2126 342 2187 speciei
360 2128 489 2170 etiam
513 2128 559 2170 in
583 2128 666 2171 hoc
688 2126 857 2170 mundo
879 2127 1128 2171 constitutae
1147 2161 1158 2181 ‚
1177 2125 1248 2170 vel
1270 2125 1324 2169 de
1343 2134 1456 2169 terra

57 2197 234 2242 virentis
247 2232 258 2252 ,
273 2196 344 2241 vel
361 2198 416 2241 de
428 2196 544 2241 coelo
563 2196 771 2255 fulgentis
789 2216 797 2241 :
819 2196 896 2241 sed
913 2216 932 2241 «
956 2195 1271 2255 Magnitudinis
1288 2195 1457 2240 decoris

59 2286 81 2310 »
116 2269 236 2328 regni
262 2268 328 2312 tui
347 2303 359 2324 ‚
386 2285 407 2310 »
434 2268 606 2328 aliquid*
625 2268 907 2312 commendat
926 2303 937 2323 ,
963 2267 1086 2328 quod
1107 2267 1310 2312 nondum
1332 2266 1456 2311 vide-

58 2354 156 2383 mus
175 2374 186 2392 ,
226 2339 349 2399 quod
381 2338 583 2383 nondum
615 2339 756 2383 visum
798 2337 1046 2393 credimus,
1084 2338 1206 2398 quod
1240 2336 1458 2382 creditum

60 2408 354 2453 desideramus
365 2444 376 2463 ‚
391 2418 571 2468 propter
593 2409 717 2468 cujus
729 2407 996 2452 desiderium
1009 2409 1153 2452 omnia
1174 2407 1454 2451 sustinemus.

60 2482 140 2523 Est
154 2495 258 2538 ergo
282 2478 538 2537 magnitudo
561 2478 730 2523 decoris
750 2479 1009 2538 cujusdam-2
1031 2486 1202 2522 ametur
1219 2486 1457 2537 antequam

61 2549 261 2595 videatur
277 2584 288 2605 ‚
313 2558 364 2594 ut
380 2565 483 2594 cum
497 2550 585 2594 visa
605 2548 738 2593 fuerit
761 2557 976 2593 teneatur.

115 2635 123 2651 ¹
150 2634 233 2667 Psal.
251 2644 355 2676 cmlv,
380 2642 431 2667 12.
451 2651 492 2657 —
515 2640 528 2657 ²
549 2632 665 2666 Matth.
690 2643 767 2672 xxv,
786 2630 842 2674 34.
863 2649 905 2655 -
927 2629 941 2655 3
959 2632 1006 2665 Id.
1025 2642 1072 2673 νι,
1095 2641 1144 2664 10.
