1815 3253
395 210 638 241 ΕΝΑΜΑΤῙΟ
670 211 717 239 m
748 209 952 240 PsALMUM
983 213 1078 241 cxi..
1351 204 1431 242 371

54 306 76 330 »
110 287 226 331 cium
241 321 252 341 ,
277 285 490 331 dedissem
513 286 667 346 utique
682 321 692 341 ,
718 286 777 330 ait
798 296 1000 345 peccator
1018 322 1028 341 ‚
1061 285 1325 333 holocaustis
1347 305 1437 334 non

54 375 76 399 »
110 356 393 401 delectaberis
408 358 438 399 ¹.
457 375 478 398 »
497 356 610 409 Quid
630 358 758 415 ergo?
778 355 958 401 Nullum
977 356 1133 416 accipit
1153 351 1438 404 sacrificium?

55 447 75 471 «
112 429 379 474 Sacrificium
406 432 491 472 Deo
518 428 692 488 spiritus
725 425 1043 472 contribulatus
1062 462 1072 482 ‚
1098 443 1173 472 cor
1199 431 1439 474 contritum

53 517 74 542 »
108 508 152 543 et
167 499 443 543 humiliatum
461 501 574 542 Deus
599 514 688 542 non
705 498 909 558 spernit².
937 515 957 538 »
981 498 1174 542 Humilia
1197 515 1272 543 cor
1291 509 1436 551 tuum,

49 577 226 614 contere
249 578 470 613 cortuum
488 604 499 622 ‚
515 568 660 613 crucia
682 583 757 612 cor
778 574 928 624 tuum3
954 576 995 611 et
1010 577 1058 611 tu
1072 568 1268 628 teipsum
1291 585 1441 614 emen-

50 637 173 683 dabis
195 639 241 682 in
258 638 564 683 misericordia.
590 641 688 684 Non
716 637 831 681 enim
867 636 996 682 odisti
1029 647 1072 682 te
1090 674 1101 693 ,
1127 654 1229 683 cum
1251 638 1374 684 saevis
1393 641 1439 684 in

49 717 106 753 te.
133 708 229 753 Eris
253 709 299 752 in
316 718 439 768 parte
457 708 718 752 emendante
736 709 900 767 justus,
933 707 1132 767 quamvis
1154 709 1209 754 sis
1232 711 1375 755 adhuc
1396 711 1440 755 in

49 778 322 824 emendanda
358 788 574 838 peccator.
600 781 666 822 Ex
698 790 784 837 qua
813 787 936 837 parte
963 774 1079 821 enim
1108 779 1188 823 tibi
1210 779 1438 839 displices,

48 847 234 908 injustus
256 864 299 892 es
326 867 334 893 ε
361 864 411 892 ex
432 865 518 908 qua
536 848 615 892 tibi
637 847 836 906 displicet
851 846 896 890 in
920 855 962 891 te
986 848 1107 907 quod
1128 847 1438 910 injustumest,

43 918 186 978 justus
208 934 251 961 es
280 937 288 962 2
314 918 388 962 Vis
408 919 556 962 videre
578 933 709 978 quam
726 919 870 977 justus
893 919 962 961 es?
995 921 1088 963 Hoc
1109 920 1154 963 in
1186 928 1229 964 te
1252 919 1331 965 tibi
1354 920 1443 966 dis-

48 987 181 1048 plicet
199 987 320 1048 quod
342 997 385 1031 et
407 991 497 1032 Deo
524 989 635 1047 :jam
658 987 921 1048 conjunxisti
950 995 993 1031 te
1025 988 1240 1034 voluntati
1271 992 1376 1046 Dei,
1400 1001 1444 1036 et

48 1058 94 1102 in
115 1068 159 1102 te
180 1059 273 1118 ipso
295 1074 385 1102 non
418 1058 539 1118 quod
569 1057 641 1102 ille
663 1057 766 1102 fecit
783 1093 794 1112 ,
832 1058 907 1102 sed
929 1059 1048 1117 quod
1071 1058 1145 1102 ille
1174 1061 1266 1104 odit
1297 1061 1439 1105 odisti.

48 1132 112 1174 Ex
132 1125 188 1173 eo
206 1129 326 1189 quod
344 1127 473 1173 odisti
490 1129 534 1172 in
552 1137 595 1172 te
617 1127 736 1188 quod
760 1127 897 1171 fecisti
915 1162 924 1181 ‚
951 1128 1071 1187 quod
1095 1129 1186 1173 odit
1208 1140 1252 1174 et
1272 1129 1345 1174 ille
1367 1133 1443 1191 qui

49 1200 133 1244 hoc
147 1215 238 1244 non
255 1198 357 1243 fecit
373 1234 384 1253 ‚
406 1199 577 1258 coepisti
603 1199 648 1242 in
670 1207 713 1242 te
732 1213 822 1241 esse
839 1212 1012 1241 severus
1031 1234 1041 1252 ,
1069 1199 1149 1243 erit
1171 1199 1245 1244 ille
1273 1202 1443 1246 miseri-

0 1291 2 1300 ’
30 1286 144 1316 --cors
172 1289 181 1315 :
206 1279 379 1330 parcet,
406 1271 507 1330 quia
528 1279 575 1314 tu
598 1285 688 1314 non
724 1269 971 1329 pepercisti.
1003 1272 1117 1327 Ergo
1145 1286 1196 1314 ex
1217 1273 1306 1332 quo
1338 1288 1444 1317 con-

0 1352 2 1375 *
47 1341 226 1402 junctus
243 1355 286 1384 es
309 1339 444 1384 oculis
471 1342 563 1400 ejus
579 1375 589 1395 ‚
612 1349 654 1384 et
676 1338 990 1384 condelectaris
1017 1339 1103 1399 legi
1137 1344 1251 1401 ejus,
1285 1352 1327 1386 et
1361 1344 1444 1388 hoc

0 1426 3 1439 ¹
49 1409 95 1454 in
124 1420 167 1454 te
185 1410 328 1469 arguis
351 1410 473 1469 quod
494 1410 562 1453 lex
586 1410 676 1469 ejus
698 1409 862 1467 arguit,
883 1416 926 1452 et
948 1409 1032 1454 hoc
1052 1410 1099 1453 in
1120 1420 1163 1454 te
1184 1411 1264 1455 tibi
1293 1413 1444 1473 displi-

49 1489 118 1526 cet
137 1481 259 1541 quod
275 1489 318 1524 et
340 1480 476 1524 oculis
497 1480 571 1523 Dei
594 1479 816 1539 displicet,
840 1477 942 1523 vide
963 1495 1097 1539 quam
1121 1482 1265 1540 justus
1288 1498 1331 1527 es
1359 1503 1368 1529 ;
1394 1499 1445 1528 ex

49 1567 138 1611 quo
155 1562 297 1595 autem
316 1549 483 1610 lapsus,
505 1549 643 1594 fecisti
665 1565 713 1593 ea
742 1565 842 1609 quae
865 1548 1096 1608 displicent
1113 1554 1225 1607 Deo,
1251 1562 1295 1596 et
1312 1553 1445 1613 fragi-

47 1620 169 1666 litate
190 1620 381 1682 quadam
415 1620 676 1664 infirmitatis
706 1621 912 1663 humanae
935 1619 1175 1679 prolaberis
1205 1623 1251 1666 in
1273 1622 1345 1668 illa
1363 1660 1374 1679 ‚
1400 1635 1445 1669 et

49 1690 191 1736 adhuc
230 1700 373 1750 portas
405 1690 707 1734 infirmitatem
745 1689 885 1734 carnis
904 1724 919 1744 ,
964 1698 1007 1733 et
1046 1692 1178 1748 gemis
1213 1694 1442 1754 cujusdam

50 1761 346 1806 reluctationis
364 1761 627 1813 conscientia
643 1796 654 1816 ,
687 1776 738 1805 ex
765 1761 848 1804 hac
870 1769 994 1820 parte
1017 1760 1193 1822 iniquus
1222 1773 1266 1808 et
1286 1780 1443 1825 pecca-

0 1847 9 1863 *
50 1842 193 1878 tores.

108 1906 205 1947 XV.
238 1903 470 1956 Quomodo
486 1937 497 1957 ,
522 1902 716 1961 inquies,
749 1917 799 1945 ex
825 1900 1014 1961 quadam
1045 1912 1167 1960 parte
1188 1905 1332 1964 justus
1350 1941 1360 1961 ‚
1394 1922 1444 1951 ex

7 1964 10 1971 ¹
50 1974 240 2034 quadam
263 1982 386 2032 parte
403 1974 632 2032 peccator?
650 1972 758 2032 quid
779 1980 844 2015 est
859 1971 981 2031 quod
997 1971 1134 2016 dicis?
1150 1974 1439 2033 Laboramus,

0 2060 12 2079 ι·
50 2044 249 2090 videmur
267 2043 389 2103 loqui
412 2043 651 2097 contraria,
686 2042 767 2086 nisi
791 2042 916 2086 nobis
947 2043 1179 2088 subveniat
1208 2047 1444 2104 apostolica

52 2114 299 2159 auctoritas.
326 2114 442 2157 Audi
455 2113 566 2156 illud
590 2113 644 2156 ab
667 2112 877 2172 Apostolo
891 2148 902 2167 ‚
925 2128 980 2156 ne
1002 2128 1072 2156 me
1091 2114 1231 2159 malus
1246 2117 1445 2163 intellec-

52 2193 121 2230 tor
136 2199 308 2229 accuses
335 2203 344 2228 :
374 2203 394 2225 «
412 2183 703 2228 Condelector
725 2183 840 2226 enim
860 2218 871 2238 ‚
895 2184 1061 2244 inquit,
1084 2184 1168 2242 legi
1188 2187 1265 2245 Dei
1283 2203 1442 2234 secun-

0 2259 24 2307 ttrj
55 2273 77 2298 η
111 2256 219 2300 dum
240 2255 491 2299 interiorem
517 2255 739 2298 hominem
757 2255 788 2297 ³.
823 2273 843 2296 i)
867 2257 982 2298 Ecce
1005 2256 1164 2314 justus.
1192 2260 1354 2303 Annon
1381 2271 1446 2306 est

0 2325 25 2371 ⁵⁴)
49 2329 188 2387 Justus
205 2361 215 2380 ,
241 2327 318 2386 qui
351 2324 683 2370 condelectatur
701 2324 784 2382 legi
806 2325 910 2368 Dei?
934 2324 1059 2368 Unde
1093 2341 1195 2384 ergo
1216 2334 1445 2386 peccator?

3 2391 25 2433 Ul
60 2412 80 2439 «
111 2396 251 2441 Video
281 2395 409 2440 aliam
436 2395 577 2454 legem
594 2395 641 2438 in
660 2395 867 2440 membris
888 2395 994 2439 meis
1007 2407 1324 2455 repugnantem
1357 2400 1445 2461 legi

1 2460 25 2505 fi?
58 2482 80 2510 η
111 2467 269 2512 mentis
288 2482 414 2522 meae,
431 2475 474 2511 et
494 2465 716 2526 captivum
727 2480 798 2510 me
809 2465 1045 2511 ducentem
1057 2467 1104 2512 in
1118 2467 1217 2528 lege
1230 2473 1443 2529 peccati.»

102 2555 113 2574 ¹
132 2548 215 2584 Psal.
235 2559 268 2594 1,,
290 2548 341 2583 18.
365 2564 407 2574 —-
428 2555 442 2574 ³
460 2548 542 2584 lbid.
564 2559 616 2593 ¹9·
639 2563 682 2574 -
700 2546 715 2574 3
739 2549 830 2583 Rom.
849 2558 910 2592 vn,
928 2556 984 2583 22.

1157 2605 1227 2646 2¹4.
