1815 3253
400 207 643 239 tinnitum
675 211 722 238 m
753 207 957 238 rsALMUM
988 210 1155 238 cxxxn.
1369 195 1455 233 219

0 316 2 322 ,
67 276 312 326 vestimenti
341 277 387 321 in
408 276 616 321 lateribus
637 275 775 320 voluit
796 273 994 334 intelligi.
1023 277 1134 320 Sunt
1154 273 1271 317 enim
1300 287 1387 317 orae
1409 272 1456 315 in

69 349 290 396 lateribus.
326 347 410 393 Sed
443 364 466 392 a
495 347 630 391 barba
657 346 920 392 descendere
948 354 1221 404 unguentum
1254 343 1309 387 ad
1336 357 1454 387 oram

69 421 232 482 potuit,
258 435 358 478 quae
388 418 434 462 in
457 418 597 477 capite
626 427 714 472 cst,
748 417 826 462 ubi
858 417 1049 476 aperitur
1079 414 1302 473 capitium.
1334 412 1457 456 Tales

69 499 170 536 sunt
198 489 275 549 qui
298 488 497 533 habitant
518 488 563 531 in
597 503 734 532 uuum
761 507 771 533 ι
805 496 854 531 ut
883 484 1107 547 quomodo
1135 500 1212 544 per
1234 498 1329 528 oras
1356 483 1457 526 istas

71 561 203 606 intrat
225 567 356 618 caput
389 558 598 611 hominis,
634 567 683 602 ut
715 557 868 602 vestiat
894 572 961 612 se3
991 556 1050 600 sic
1073 570 1150 614 per
1179 551 1455 598 concordiam

34 660 37 667 ι
70 631 307 676 fraternam
328 629 525 674 Christus
541 629 690 682 intrat,
715 628 791 687 qui
813 635 876 672 est
898 635 1030 686 caput
1046 634 1243 670 nostrum
1257 658 1268 679 ‚
1292 631 1342 667 ut
1363 636 1458 666 ves-

70 702 218 755 tiatur,
243 709 293 744 ut
314 699 505 743 Ecclesia
527 698 589 742 illi
607 693 796 742 haereat.

129 774 185 815 X.
212 769 326 824 Quid
352 769 471 813 aliud
488 769 623 813 dicit?
650 788 669 811 «
696 770 815 814 Sicut
837 783 906 812 ros
929 769 1122 812 Hermon
1140 801 1150 821 ,
1177 765 1252 826 qui
1274 763 1457 808 descen—

71 861 92 885 »
127 842 191 887 dit
218 857 349 901 super
372 851 542 885 montes
579 841 722 885 Sion¹.
752 858 771 881 »
795 842 888 884 Hoc
911 839 1051 883 voluit
1072 836 1279 896 intelligi,
1305 835 1459 880 fratres

68 913 168 967 mei,
187 913 368 971 gratiam
392 911 468 955 Dei
486 927 576 955 esse
592 910 712 971 quod
732 909 883 954 fratres
905 909 1107 953 habitant
1125 910 1169 951 in
1183 922 1323 952 unum
1341 926 1349 951 :
1370 921 1460 949 non

69 999 121 1029 ex
142 984 227 1028 suis
249 982 429 1036 viribus,
450 997 538 1026 non
555 997 607 1025 cx
629 982 715 1025 suis
731 981 891 1025 meritis
914 1001 924 1035 3
942 980 1017 1024 sed
1041 995 1094 1023 ex
1106 977 1220 1022 illius
1234 977 1368 1029 dono,
1384 974 1459 1019 sed

70 1071 123 1100 ex
138 1054 253 1098 illius
267 1054 418 1112 gratia,
438 1053 548 1096 sicut
568 1068 634 1096 ros
653 1050 707 1095 de
728 1050 856 1095 coelo.
884 1054 980 1095 Non
1005 1050 1123 1093 enim
1147 1058 1260 1093 terra
1282 1046 1364 1091 sibi
1386 1061 1462 1104 po-

69 1126 170 1180 suit,
188 1135 368 1171 autnon
382 1123 599 1184 quidquid
616 1123 815 1181 genuerit
829 1120 998 1176 arescit,
1014 1120 1096 1164 nisi
1110 1119 1257 1179 pluvia
1275 1117 1462 1176 desuper

71 1196 319 1242 descendat.
334 1196 448 1240 Dicit
470 1196 662 1255 quodam
678 1194 776 1238 loco
794 1194 838 1236 in
857 1191 1283 1245 Psalmo,«Pluviam
1308 1188 1463 1233 volun-

73 1286 94 1310 »
128 1268 278 1312 tariam
298 1266 558 1325 segregabis,
584 1268 714 1319 Deus,
738 1263 985 1308 haereditati
1005 1273 1092 1307 tuae
1107 1265 1170 1305 ².»
1184 1266 1324 1314 Quare
1354 1259 1462 1303 dixit

70 1339 391 1384 voluntariam?
414 1337 526 1390 Quia
549 1352 638 1380 non
660 1336 823 1379 meritis
845 1335 1001 1379 nostris
1019 1369 1031 1388 .‚
1063 1333 1141 1378 sed
1164 1332 1279 1376 illius
1301 1330 1462 1375 volun·
1524 1324 1527 1327 ¹

0 1433 2 1447 ·
69 1419 172 1454 tate.
199 1409 316 1462 Quid
349 1408 465 1452 enim
495 1407 599 1451 boni
630 1407 869 1450 meruimus
900 1406 1179 1465 peccatores?
1206 1403 1324 1457 Quid
1359 1403 1462 1447 boni

69 1481 307 1524 meruimus
324 1479 495 1539 iniqui?
518 1481 583 1522 Ex
608 1478 746 1522 Adam
768 1476 926 1531 Adam,
943 1486 986 1520 et
1007 1492 1137 1535 super
1160 1474 1299 1519 Adam
1323 1473 1462 1517 multa

67 1560 243 1611 peccata
276 1560 530 1595 nascuntur.
578 1549 782 1609 Quisquis
815 1549 1034 1601 nascitur,
1064 1546 1205 1591 Adam
1234 1546 1428 1589 nascitur
1447 1579 1458 1600 ,

70 1622 298 1666 damnatus
328 1621 382 1664 de
416 1620 650 1670 damnato,
687 1629 730 1663 et
759 1619 929 1663 addidit
962 1618 1076 1662 male
1110 1616 1300 1660 vivendo
1332 1632 1463 1676 super

70 1693 223 1738 Adam.
250 1690 366 1744 Quid
391 1691 509 1734 enim
534 1690 637 1734 boni
660 1691 822 1734 meruit
845 1690 1016 1734 Adam?
1038 1692 1096 1734 Et
1117 1698 1263 1732 tamen
1294 1689 1462 1732 miseri-

71 1777 164 1807 cors
190 1762 374 1815 amavit‚
411 1769 454 1804 et
484 1776 666 1819 sponsus
694 1760 870 1813 dilexit,
909 1776 998 1804 non
1031 1759 1261 1818 pulchram
1278 1794 1289 1813 ‚
1315 1758 1391 1802 sed
1415 1768 1466 1803 ut

69 1833 230 1878 faceret
246 1831 492 1891 pulchram.
514 1834 629 1889 Ergo
652 1832 833 1889 gratiam
856 1831 933 1875 Dei
955 1830 1060 1874 dixit
1083 1845 1224 1874 rorem
1250 1832 1459 1874 Hermon.

128 1906 208 1948 XI.
232 1902 316 1955 Sed
338 1905 530 1946 Hermon
553 1901 661 1962 quid
676 1902 731 1946 sit
746 1938 757 1956 ,
778 1917 904 1946 nosse
927 1901 1114 1945 debetis.
1136 1903 1263 1945 Mons
1281 1908 1344 1944 est
1365 1901 1465 1960 qui-

21 2008 25 2014 .
72 1973 170 2018 dam
189 1973 319 2032 longe
350 1973 591 2033 disjunctus
612 1973 666 2016 ab
699 1972 964 2024 Jerusalem,
998 1972 1042 2015 id
1066 1981 1154 2025 est,
1181 1987 1203 2015 a
1227 1972 1345 2016 Sion.
1373 1975 1464 2016 Ita-

73 2058 157 2104 que
185 2043 342 2087 mirum
381 2053 466 2098 est,
501 2042 621 2104 quod
649 2043 709 2087 sic
732 2043 790 2086 ait
815 2062 824 2088 ε
855 2062 876 2084 «
903 2043 1024 2087 Sicut
1047 2057 1116 2086 ros
1139 2043 1333 2085 Hermon
1350 2076 1361 2095 ,
1388 2042 1464 2102 qui

76 2132 97 2156 )›
130 2114 353 2158 descendit
384 2131 514 2174 super
551 2123 722 2159 montes
758 2114 860 2159 Sion
887 2133 896 2158 z
930 2132 950 2154 »
978 2129 1080 2158 cum
1111 2128 1236 2157 mons
1270 2116 1466 2157 Hermon

74 2183 200 2243 longe
226 2186 281 2228 sit
304 2183 546 2245 disjunctus
574 2185 629 2229 ab
657 2184 896 2229 Jerusalem
927 2203 937 2228 ε
963 2200 1064 2228 nam
1089 2194 1207 2228 trans
1230 2183 1467 2228 Jordanem

69 2269 162 2300 esse
185 2254 360 2299 dicitur.
387 2257 503 2314 Ergo
521 2255 683 2320 aliquid
708 2256 1067 2314 interpretatione
1085 2258 1280 2299 Hermon
1302 2270 1470 2315 quaera-

74 2340 183 2371 mus.
205 2328 374 2370 Nomen
397 2327 511 2369 enim
534 2327 762 2370 hebraeum
791 2335 880 2381 est,
907 2335 950 2370 et
976 2326 1188 2370 habemus
1211 2326 1471 2386 interpreta-

69 2395 236 2441 lionem
261 2395 315 2439 ab
333 2397 392 2439 eis
415 2396 492 2455 qui
513 2394 631 2439 illam
653 2395 852 2454 linguam
871 2406 1107 2441 noverunt.
1130 2399 1325 2441 Hermon
1342 2396 1475 2440 inter-

72 2466 230 2526 pretari
259 2465 419 2511 dicitur
437 2501 449 2522 ‚
483 2466 636 2510 lumen
667 2467 920 2512 exaltatum.
951 2471 989 2514 A
1022 2468 1197 2514 Christo
1225 2468 1342 2512 enim
1376 2482 1460 2512 ros.

117 2557 127 2573 ¹
142 2549 222 2584 Psal.
238 2559 357 2594 cxxm,
376 2550 409 2584 3.
431 2566 469 2575 κ-
491 2557 504 2573 2
523 2551 571 2584 Id.
591 2560 692 2591 nyu,
708 2558 760 2582 20.
