1815 3253
347 251 432 292 294
775 263 809 292 s.
845 263 1073 299 Aucusnm
1103 266 1285 299 Emscom

349 346 371 370 n
406 327 490 372 oris
512 328 574 372 tui
597 329 605 372 1
630 347 650 370 »
670 330 821 375 Nescio
840 330 885 373 in
906 346 993 390 qua
1015 339 1143 389 gente
1164 328 1415 375 abscondita
1436 339 1559 375 erant
1575 333 1663 375 Lex
1678 340 1722 376 et

351 399 602 458 Prophetae,
628 418 648 441 «
672 400 829 444 Omnia
848 400 979 445 verba
1003 400 1086 444 oris
1108 401 1188 444 tui.
1215 400 1297 446 Sed
1322 400 1368 444 in
1397 410 1524 459 gente
1541 401 1719 446 Judaeo-

347 484 444 512 rum
467 469 556 513 sola
579 478 701 513 erant
737 488 757 512 «
780 470 935 514 Omnia
956 470 1088 515 verba
1109 471 1192 514 oris
1213 471 1278 515 tui
1298 489 1308 515 z
1343 489 1364 512 η
1387 486 1519 530 quam
1544 480 1717 528 gentem

344 537 524 583 laudans
545 539 778 598 Apostolus
800 540 860 583 ait
875 574 886 593 ‚
925 558 945 582 «
965 539 1081 592 Quid
1101 554 1204 598 crgo
1241 539 1426 599 amplius
1447 549 1511 584 est
1531 542 1555 584 J
1560 540 1719 584 udaeo‘?

345 626 366 650 »
401 611 490 653 Aut
507 625 606 669 quae
627 609 788 653 utilitas
810 609 1167 657 circumcisionis?
1187 629 1208 652 «
1226 609 1417 659 Multum
1440 625 1516 676 per
1543 624 1718 660 omnem

341 696 363 721 >2
396 678 592 723 modum.
620 679 812 723 Primum
849 678 1055 739 quidem,
1079 679 1182 739 quia
1203 680 1364 729 credita
1387 688 1488 724 sunt
1519 679 1602 724 illis
1634 679 1720 723 elo·
1783 671 1786 719 ἶ
1814 694 1815 698 ’

344 767 365 790 »
401 749 501 808 quia
530 749 657 793 Dei1.
692 767 711 790 »
743 749 810 793 Ibi
843 758 967 793 erant
998 749 1131 794 verba
1165 750 1257 796 Dei.
1298 750 1383 794 Sed
1410 750 1464 793 da
1503 750 1611 793 mihi
1638 751 1723 794 Ge-

340 817 454 861 deon
487 817 721 877 quemdam
756 827 953 862 sanctum
981 819 1123 864 virum
1153 828 1346 878 tempore
1383 818 1590 868 Judicum
1619 834 1627 859 :
1654 819 1719 862 vi÷
1782 826 1785 833 ’

340 888 440 932 dete
461 888 590 948 quale
613 889 785 947 signum
818 890 971 948 petivit
999 906 1022 939 a
1040 890 1223 935 Domino
1248 905 1256 931 τ
1286 909 1306 936 «.
1333 893 1519 944 Ponam,
1541 889 1684 950 inquit
1704 923 1716 945 ‚

342 976 363 999 »
401 958 535 1002 vellus
556 959 599 1002 in
623 974 719 1002 area
735 993 746 1013 ‚
767 959 1043 1018 compluatur
1059 958 1197 1007 vellus
1213 994 1224 1014 ‚
1256 974 1353 1009 area
1381 960 1491 1007 sicca
1523 959 1592 1003 sit.
1622 979 1641 1000 n
1664 962 1721 1004 Et
1780 955 1783 980 ἰ

339 1027 504 1072 factum
527 1038 589 1072 est
614 1048 623 1081 ς
649 1029 924 1088 complutum
941 1038 1004 1073 est
1020 1028 1158 1079 vellus
1175 1028 1315 1074 solum
1332 1064 1343 1084 ‚
1364 1045 1461 1073 area
1477 1030 1588 1074 sicca
1609 1039 1715 1078 erat.
1772 1069 1775 1084 ,

342 1098 471 1142 Petiit
492 1099 649 1144 iterum
671 1098 841 1156 signum
861 1118 870 1143 ι
891 1117 911 1146 ς(
938 1102 1049 1144 Area
1070 1108 1159 1143 tota
1173 1099 1394 1158 compluta
1411 1100 1489 1154 sit,
1515 1108 1558 1143 et
1578 1099 1720 1147 solum
1772 1124 1774 1140 .

341 1187 362 1210 »
397 1168 536 1216 vellus
572 1170 733 1213 siccum
755 1169 1016 1218 inveniatur.
1045 1188 1066 1211 η
1093 1173 1150 1214 Et
1182 1171 1264 1214 hoc
1286 1168 1449 1218 factum
1481 1179 1543 1214 est
1569 1189 1578 1214 ε
1603 1185 1723 1213 com·
1771 1209 1773 1234 ὲ

344 1257 364 1280 »
401 1239 523 1297 pluta
545 1248 608 1283 est
630 1254 728 1284 area
744 1273 754 1293 ‚
779 1239 891 1283 sicco
912 1239 1071 1289 vellere
1083 1244 1116 1283 ².
1137 1240 1281 1288 Primo
1298 1239 1569 1299 complutum
1583 1239 1722 1286 vellus
1770 1285 1773 1298 ,
1808 1237 1814 1255 ²*

317 1308 450 1366 ‘sicca
467 1323 564 1351 area
580 1343 590 1363 ‚
614 1317 762 1367 postea
779 1308 1000 1367 compluta
1020 1324 1117 1353 area
1141 1309 1253 1353 sicco
1276 1308 1449 1353 vellere.
1465 1309 1582 1362 Quid
1600 1309 1721 1353 vobis

338 1377 512 1423 videtur
534 1393 652 1434 area⁷
676 1377 854 1429 fratres?
867 1381 1020 1423 Nonne
1037 1378 1153 1422 orbis
1172 1380 1411 1426 terrarum?
1429 1377 1546 1431 Quid
1560 1378 1722 1429 vellus?

340 1451 566 1508 Tanquam
596 1464 699 1507 gens
729 1447 883 1492 Judaea
908 1448 954 1496 in
988 1449 1132 1492 medio
1153 1448 1259 1496 orbe
1283 1457 1493 1492 terrarum
1514 1483 1525 1503 ,
1558 1448 1723 1493 habens
1768 1467 1771 1484 ÷

339 1520 488 1578 gratiae
509 1528 825 1563 sacramentum
843 1553 854 1573 ‚
869 1533 959 1562 non
980 1518 1025 1568 in
1047 1518 1394 1562 manifestatione
1410 1554 1421 1573 ,
1441 1517 1516 1562 sed
1537 1519 1581 1562 in
1604 1518 1723 1567 nube

338 1590 512 1644 secreti,
540 1598 749 1649 tanquam
770 1589 814 1632 in
835 1588 1081 1634 velamento
1099 1588 1291 1647 pluviam
1313 1589 1359 1632 in
1385 1588 1557 1632 vellere.
1593 1589 1724 1633 Venit
1766 1593 1770 1646 ᾗ
1803 1602 1808 1612 ¹

337 1668 509 1718 tempus
523 1661 700 1719 quando
717 1657 979 1702 revelaretur
995 1658 1140 1717 pluvia
1155 1659 1201 1702 in
1218 1674 1314 1703 area
1334 1657 1627 1703 :manifestata
1640 1667 1719 1712 est,
1772 1681 1774 1684 ⁴

339 1745 428 1773 non
451 1738 616 1787 operta.
643 1731 826 1772 Factum
849 1737 912 1771 est
933 1743 1036 1786 ergo
1072 1728 1194 1787 quod
1215 1727 1381 1772 dictum
1409 1737 1495 1783 est,
1528 1748 1548 1770 «
1579 1729 1724 1774 Confi·
1772 1767 1773 1770 ,

341 1817 362 1840 »
397 1807 571 1842 teantur
598 1798 710 1851 tibi,
748 1797 956 1850 Domine,
995 1812 1144 1841 omnes
1177 1813 1297 1856 reges
1331 1806 1488 1841 terrae:
1514 1798 1723 1857 quoniam
1764 1806 1767 1811 '

338 1887 360 1915 η
397 1868 629 1921 audierunt
643 1867 787 1913 omnia
802 1867 934 1910 verba
951 1866 1035 1910 oris
1056 1867 1131 1911 tui.
1155 1885 1175 1908 n
1195 1867 1310 1920 Quid
1324 1877 1408 1921 est,
1428 1867 1558 1911 Israel
1573 1903 1584 1923 ‚
1602 1867 1722 1927 quod
1763 1879 1770 1922 ζ

337 1937 658 1982 abscondebas?
682 1935 887 1989 Quandiu
921 1936 1243 1980 abscondebas?
1264 1940 1521 1996 Expressum
1545 1946 1608 1986 est
1629 1936 1721 1984 vel-
1762 1967 1770 1990 ,s

337 2008 405 2053 lus
421 2043 431 2063 ‚
457 2017 500 2052 et
521 2007 624 2054 exiit
645 2006 699 2050 de
716 2016 758 2050 te
775 2005 937 2065 pluvia.
962 2005 1085 2050 Solus
1107 2007 1302 2051 Christus
1325 2008 1510 2051 suavitas
1528 2007 1688 2066 pluviae
1709 2027 1718 2052 :

337 2080 480 2139 ipsum
509 2078 650 2123 solum
680 2093 769 2121 non
797 2076 992 2135 agnoscis
1020 2077 1065 2120 in
1089 2078 1340 2135 Scripturis,
1379 2087 1562 2137 propter
1589 2093 1720 2138 quem

337 2148 463 2196 factae
486 2157 588 2192 sunt
611 2147 858 2206 Scripturae.
880 2149 938 2189 At
959 2160 1060 2189 vero
1085 2164 1105 2187 c<
1129 2146 1289 2190 Omnes
1312 2162 1432 2205 reges
1460 2156 1585 2190 terrae
1607 2163 1716 2199 con·
1761 2156 1764 2169 ¹

341 2237 361 2260 »
396 2221 603 2263 fiteantur
641 2217 750 2271 tibi,
796 2216 978 2260 Domine
1012 2235 1022 2260 2
1062 2216 1271 2275 quoniam
1300 2217 1534 2262 audierunt
1573 2218 1718 2263 omnia

341 2307 362 2334 η
396 2288 529 2333 verba
555 2287 639 2331 oris
662 2287 742 2331 tui.
769 2304 790 2327 n

394 2360 450 2402 X.
483 2361 578 2402 «Et
600 2365 776 2401 cantent
803 2356 848 2399 in
879 2355 958 2399 viis
988 2355 1191 2411 Domini,
1228 2357 1434 2416 quoniam
1464 2372 1621 2416 magna
1655 2366 1723 2405 est

336 2448 358 2474 n
393 2429 528 2488 gloria
553 2428 767 2473 Dominiss.
797 2445 816 2467 υ
837 2428 1026 2471 Cantent
1056 2426 1101 2470 in
1126 2427 1204 2472 viis
1228 2428 1400 2472 Domini
1422 2443 1542 2487 reges
1568 2438 1712 2473 terrae.

334 2503 387 2544 In
408 2499 567 2559 quibus
583 2499 662 2542 viis
685 2498 885 2542 cantent?
909 2499 968 2539 De
990 2496 1150 2554 quibus
1164 2512 1293 2556 supra
1316 2498 1483 2541 dictum
1510 2507 1593 2552 est,
1618 2517 1638 2540 (ι
1664 2500 1718 2543 In
1756 2521 1758 2534 ν
1801 2514 1803 2521 ’

389 2591 396 2605 ¹
418 2586 506 2615 Rom.
528 2594 576 2622 ιιι,
599 2593 628 2622 1,
651 2590 681 2613 2.
703 2598 745 2603 —
766 2587 778 2601 ²
795 2581 896 2612 Judic.
917 2589 961 2616 V1,
982 2576 1094 2619 36-40.
1120 2596 1162 2601 -
1182 2578 1286 2612 3Psal.
1308 2591 1448 2623 cxxxvn,
1473 2581 1504 2613 5.
