1815 3253
419 208 659 239 ENAnuA'rio
692 213 736 239 nv
771 211 970 240 PsALMUM
1005 213 1114 239 exn.
1365 199 1443 239 401

63 275 206 320 taculo
222 310 232 330 ‚
253 275 376 319 alteri
394 275 551 320 domus
573 285 657 332 est,
684 274 964 322 altericarccr
987 286 1065 322 est.
1094 275 1163 320 Illi
1192 277 1267 337 qui
1306 286 1451 322 custo-

59 347 188 393 diunt
208 349 406 393 homines
424 348 613 394 inclusos
635 386 644 405 ‚
671 351 749 395 etsi
773 351 816 394 in
840 351 972 395 domo
989 367 1064 395 sua
1091 350 1364 407 custodiant,
1388 349 1452 394 illi

58 420 136 480 qui
157 419 314 464 arctius
337 419 666 476 custodiuntur,
686 421 728 465 in
747 437 916 466 carcere
934 432 1036 466 sunt
1059 442 1066 466 2
1084 422 1302 482 numquid
1323 432 1366 466 ct
1387 421 1451 466 illi

58 490 104 534 in
124 506 295 535 carcerc
312 506 402 535 esse
419 489 591 535 dicendi
617 493 744 536 sunt?
763 494 906 536 Unum
929 491 1230 536 habitaculum
1254 501 1318 536 est
1333 502 1376 536 ct
1390 492 1453 537 illi

58 569 102 605 et
124 560 188 604 illi
218 581 226 605 :
251 560 375 605 alteri
398 560 501 606 facit
525 562 717 619 domum,
738 562 940 618 libertas,
969 562 1093 607 alteri
1116 579 1333 607 carcerem
1361 579 1453 607 ser-

57 631 188 676 vitus.
215 631 487 684 Quibusdam
503 648 606 692 crgo
619 634 761 678 visum
784 643 869 688 est,
886 632 1005 694 quod
1029 633 1234 694 spelunca
1252 643 1293 677 et
1308 649 1454 678 carcer

0 732 2 736 ›
57 703 249 746 mundus
270 703 351 747 iste
373 704 427 748 sit
453 723 461 748 ε
488 713 531 748 et
554 705 638 749 hoc
652 714 747 749 orat
768 705 958 750 Ecclesia
974 741 984 759 ‚
1006 714 1056 749 ut
1078 705 1132 748 de
1153 720 1324 749 carcere
1342 704 1453 749 edu—

0 807 2 810 >
58 782 182 817 catur
199 808 210 828 ‚
235 773 279 817 id
302 783 387 827 est,
413 775 468 818 de
499 776 584 820 hoc
608 776 775 821 mundo
795 811 806 830 ‚
847 776 902 820 (16
929 775 1012 819 sub
1049 775 1160 830 solc,
1199 775 1275 819 ubi
1308 777 1455 820 omnia

0 859 3 869 ·
57 845 238 890 vanitas.
268 845 436 890 Dicitur
471 847 612 901 enim,
638 866 656 888 «
682 847 839 891 Omnia
861 848 1055 901 vanitas,
1092 856 1135 891 et
1171 848 1456 907 praesumptio

61 933 81 956 »
117 915 292 975 spiritus
314 916 359 959 in
382 917 498 960 omni
523 933 653 977 opcrc
674 918 862 962 hominis
881 954 891 973 ,
916 917 1038 979 quod
1068 917 1159 977 ipse
1180 917 1352 963 laborat
1374 918 1456 962 sub

60 1003 81 1027 »
116 985 246 1030 sole1.
269 988 422 1044 »Ergo
441 996 559 1031 extra
578 988 708 1031 istum
726 988 943 1032 mundum
963 989 1006 1032 in
1030 988 1175 1032 nescio
1198 1004 1284 1047 qua
1307 989 1458 1048 requie

0 1082 2 1093 ·
57 1054 290 1116 pollicetur
313 1057 436 1100 nobis
459 1060 573 1101 Deus
614 1057 735 1118 quod
757 1058 896 1102 futuri
929 1059 1060 1103 simus
1087 1078 1096 1103 z
1123 1057 1235 1102 forte
1270 1058 1370 1102 ideo
1404 1059 1459 1103 de

0 1155 2 1170 .
55 1126 153 1171 loco
174 1127 255 1172 isto
278 1127 541 1183 clamamus,
575 1147 595 1170 «
617 1128 741 1172 Educ
764 1128 819 1173 de
838 1144 1008 1173 carcere
1031 1129 1220 1173 animam
1246 1145 1403 1174 meam.
1433 1150 1453 1173 »

0 1206 3 1216 '
57 1197 213 1242 Anima
236 1208 381 1242 nostra
399 1214 474 1257 per
487 1198 620 1242 fidem
637 1208 680 1243 ct
701 1215 820 1258 spem
837 1200 882 1243 in
900 1200 1073 1246 Christo
1095 1212 1181 1257 est,
1197 1203 1309 1248 sicut
1325 1203 1459 1263 paulo

0 1296 3 1305 ·
59 1277 159 1313 ante
197 1268 285 1312 dixi
312 1289 320 1314 ι
350 1288 369 1310 «
396 1270 495 1313 Vita
519 1279 658 1314 vestra
690 1270 945 1315 abscondita
984 1282 1047 1316 est
1077 1289 1180 1318 cum
1210 1274 1382 1319 Christo
1413 1275 1460 1319 in

0 1348 4 1377 ε
61 1357 82 1381 »
117 1342 209 1384 Ι)60
227 1343 258 1383 ².
288 1359 307 1380 »
336 1342 503 1399 Corpus
523 1350 668 1384 autem
693 1351 890 1385 nostrum
910 1342 954 1386 in
977 1343 1059 1388 isto
1084 1360 1277 1400 carcere,
1308 1346 1354 1389 in
1375 1345 1459 1390 isto

57 1411 244 1455 mundo.
273 1412 316 1456 Si
335 1411 520 1466 diceret,
543 1412 668 1457 Educ
686 1412 740 1456 (16
757 1429 928 1458 carcere
944 1431 1102 1475 corpus
1119 1432 1267 1461 meum
1290 1437 1298 1462 :
1319 1417 1459 1462 securi

0 1503 5 1511 ·
58 1483 354 1541 acciperemus
379 1498 594 1526 carcerem
614 1483 847 1527 mundum.
874 1488 1073 1530 Fortasse
1106 1496 1255 1531 tamen
1281 1497 1461 1547 propter

0 1573 6 1586 ·
59 1551 204 1612 aliqua
221 1588 231 1606 ,
265 1568 366 1612 quas
404 1569 482 1597 nos
506 1562 674 1608 tenent,
696 1554 915 1599 desideria
950 1566 1121 1601 terrena
1141 1593 1151 1612 ‚
1178 1567 1329 1602 contra
1359 1575 1460 1618 quae

58 1622 279 1668 luctamur
313 1632 355 1666 et
382 1623 663 1678 dimicamus,
701 1625 824 1684 quia,
856 1626 1035 1671 «Video
1073 1627 1200 1672 aliam
1234 1628 1378 1688 legem
1413 1629 1459 1673 in

0 1716 6 1725 ·
62 1712 83 1736 »
119 1693 323 1738 membris
346 1695 451 1738 meis
475 1705 792 1754 repugnantem
815 1695 898 1754 legi
921 1698 1078 1742 mentis
1100 1701 1257 1755 meae33
1289 1718 1309 1741 »
1342 1709 1460 1744 recte

0 1787 7 1796 ·
61 1765 262 1815 dicimus,
290 1764 415 1809 Educ
432 1765 619 1809 animam
643 1782 784 1810 meam
807 1766 862 1810 de
879 1768 963 1812 hoc
986 1768 1154 1813 mundo
1171 1805 1181 1824 ,
1215 1769 1262 1814 id
1284 1779 1369 1825 est,
1401 1769 1458 1814 de

0 1860 7 1869 ·
60 1836 283 1881 laboribus
306 1845 349 1879 et
366 1837 572 1895 pressuris
594 1837 724 1897 hujus
748 1838 909 1882 saeculi.
939 1841 1037 1883 Non
1059 1841 1176 1883 enim
1200 1856 1300 1884 caro
1323 1856 1457 1901 quam

60 1916 111 1952 tu
134 1906 300 1961 fecisti,
327 1906 403 1950 sed
444 1907 694 1967 corruptela
717 1908 856 1952 carnis
880 1918 923 1953 et
943 1925 1154 1969 pressurae
1176 1920 1219 1955 et
1248 1913 1460 1957 tentatio—

0 2003 8 2012 ·
60 1993 136 2022 nes
157 1993 304 2022 carcer
327 1978 433 2021 mihi
456 1987 572 2022 sunt.

120 2051 289 2093 XVIII.
321 2067 340 2090 «
370 2048 514 2109 Aliqui
538 2057 685 2093 autem
703 2048 908 2094 dixerunt
928 2065 1143 2095 carcerem
1164 2051 1294 2097 istum
1312 2061 1355 2097 et
1367 2068 1461 2113 spe-

0 2144 8 2154 ·
60 2119 240 2164 luncam
260 2135 415 2177 corpus
436 2120 522 2164 hoc
559 2135 671 2174 esse,
712 2129 763 2164 ut
793 2121 879 2165 hoc
900 2121 976 2175 sit,
1003 2139 1022 2163 «
1057 2121 1183 2166 Educ
1211 2122 1267 2166 de
1287 2138 1461 2167 carcere

0 2217 8 2225 -
65 2209 86 2232 »
122 2191 312 2236 animam
348 2206 507 2234 meam.
547 2209 566 2232 »
599 2189 684 2235 Sed
713 2199 758 2234 et
795 2190 874 2235 iste
911 2190 1160 2236 intellectus
1183 2192 1358 2238 vacillat
1385 2193 1438 2238 ali

63 2270 295 2323 quantum.
338 2260 452 2314 Quid
475 2261 591 2305 enim
614 2275 822 2319 magnum
839 2296 850 2316 ‚
879 2279 898 2303 »
925 2260 1050 2306 Educ
1085 2261 1141 2306 (16
1178 2278 1349 2307 carcere
1371 2265 1455 2308 ani-

66 2352 86 2376 »
122 2348 238 2377 mam
262 2347 429 2387 meam,
466 2330 624 2375 »educ
655 2330 709 2375 dc
744 2347 926 2391 corpore
950 2333 1137 2376 animam
1173 2336 1343 2378 meam?
1381 2339 1461 2380 La-

66 2414 243 2450 tronum
266 2403 421 2448 animae
445 2412 488 2447 et
510 2402 818 2447 sceleratorum
832 2420 981 2448 nonne
1002 2414 1161 2448 exeunt
1183 2405 1238 2449 (16
1260 2422 1459 2467 corpore,

0 2475 10 2507 '·
66 2485 110 2521 et
145 2484 252 2520 eunt
282 2475 327 2518 in
359 2474 526 2534 pejores
551 2488 704 2533 poenas
738 2489 870 2533 quam
899 2474 970 2519 hic
1001 2474 1306 2534 pertulerunt?
1342 2477 1459 2530 Quid

116 2568 122 2583 ¹
150 2560 248 2593 Eccli.
271 2572 296 2600 ι,
316 2568 349 2597 2,
367 2563 430 2591 etc.
448 2576 489 2582 -
511 2565 521 2581 ²
543 2557 730 2600 Coloss.n1‚
751 2557 781 2590 3.
803 2575 844 2581 ·-
864 2557 877 2582 3
897 2561 988 2591 Rom.
1009 2571 1067 2601 vu,
1089 2560 1142 2592 23.

229 2624 352 2654 cxix.
1222 2616 1273 2656 26
