1815 3253
357 305 412 344 70
779 317 813 345 3.
848 315 1078 346 AUGUSTINI
1110 319 1292 348 Emscom

356 381 485 426 nullis
508 382 836 442 tempestatibus
858 383 1002 442 potuit
1026 383 1185 428 auferri
1203 404 1213 441 3
1237 383 1381 428 nudus
1403 384 1529 439 exiit,
1550 392 1594 428 et
1615 384 1732 429 dives

352 452 466 495 exiit.
488 451 610 497 Tales
631 453 801 497 divitias
823 467 1016 513 quaerere
1037 452 1259 498 debemus.
1289 452 1373 498 Sed
1395 469 1484 498 non
1501 469 1570 498 eas
1586 454 1728 510 video,
1741 453 1750 491 '-

352 522 458 567 dicis
480 523 602 567 mihi.
631 524 769 569 Stulta
793 524 950 579 anima,
967 540 1057 569 non
1072 541 1141 569 eas
1158 514 1276 570 §rides
1298 524 1434 569 oculis
1456 526 1596 569 carnis
1620 534 1727 570 tuae:

350 594 511 638 habeto
534 594 711 639 oculum
733 595 890 651 cordis,
906 600 949 639 et
969 595 1088 640 vides
1111 611 1196 640 eas.
1215 596 1298 640 Sed
1319 611 1409 640 non
1429 595 1548 640 vides
1571 595 1731 639 fidem?

350 667 493 717 Quare
523 664 643 709 illam
669 665 788 710 vides
815 665 860 709 in
893 665 1062 710 altero}>
1089 670 1230 719 Quare
1260 665 1420 710 clamas
1441 666 1620 725 quando
1654 665 1731 710 tibi

346 734 586 793 frangitur,
610 735 644 779 si
664 752 753 780 non
776 751 870 780 eam
898 735 1049 781 vides?
1079 739 1271 795 Frangat
1293 736 1373 779 tibi
1395 736 1549 795 aliquis
1570 735 1701 780 fidem
1716 771 1727 790 ,

347 804 520 849 clamas.
556 805 631 849 Vis
667 817 768 863 ergo
789 806 870 850 tibi
891 806 1106 860 exhiberi,
1131 814 1175 849 et
1195 815 1301 849 tunc
1322 804 1464 860 vides,
1489 821 1590 849 cum
1617 806 1730 865 peti-

347 884 451 932 tur3
485 883 535 918 ut
562 875 764 919 exhibeas
781 910 792 931 ‚
824 884 930 920 tunc
964 891 1054 920 non
1075 875 1226 919 vides?
1254 874 1382 928 Quod
1404 875 1563 919 clamas
1598 875 1730 920 alium

347 960 437 989 non
458 945 618 989 habere
641 960 741 1005 erga
763 953 806 990 te
821 981 832 1002 ‚
857 945 1016 1005 plange
1033 955 1077 990 te
1094 961 1184 990 non
1205 943 1366 990 habere
1383 961 1483 1004 erga
1504 946 1651 990 alium.
1674 949 1731 992 Et

343 1014 443 1059 vide
461 1015 563 1074 quia
585 1025 812 1075 peccatum
836 1015 957 1076 quod
976 1016 1102 1072 facis,
1130 1016 1221 1060 sine
1242 1016 1481 1060 substantia
1502 1025 1580 1059 est.
1601 1017 1730 1069 Quod
1773 1021 1775 1039 ¹

344 1085 458 1129 enim
483 1085 720 1145 acquiritur
753 1085 807 1130 de
829 1095 1030 1145 peccato⁷
1055 1086 1228 1130 videtur
1249 1101 1338 1130 esse
1361 1087 1617 1130 substantia.
1647 1088 1730 1131 Sed

342 1164 385 1199 et
406 1156 490 1199 hoc
517 1171 607 1199 non
630 1156 883 1215 acquiritur.
918 1155 997 1200 Ille
1019 1157 1135 1200 enim
1156 1157 1291 1201 habet
1312 1171 1466 1200 aurum
1481 1192 1492 1211 ,
1513 1157 1588 1216 qui
1609 1157 1730 1201 novit

341 1226 407 1270 uti
424 1242 530 1271 auro
551 1246 559 1271 ε
588 1227 665 1287 qui
683 1236 828 1271 autem
845 1243 951 1272 auro
973 1228 1037 1272 uti
1057 1244 1147 1272 non
1164 1229 1301 1282 novit,
1322 1229 1525 1283 habetur,
1552 1242 1641 1272 non
1658 1229 1730 1273 ha·

341 1296 416 1341 bet
437 1318 448 1355 3
473 1296 734 1356 possidetur,
749 1313 838 1342 non
860 1297 1066 1357 possidet.
1091 1301 1242 1343 Estote
1263 1297 1430 1342 domini
1453 1299 1561 1352 auri,
1579 1307 1621 1342 et
1640 1313 1729 1343 non
1767 1342 1770 1369 ᾗ

339 1367 451 1411 servi
475 1368 568 1412 auri
589 1387 598 1413 2
620 1368 721 1428 quia
740 1376 782 1412 et
809 1382 964 1428 aurum
987 1371 1100 1412 Deus
1117 1367 1243 1423 fecit,
1274 1377 1317 1412 et
1342 1377 1386 1412 te
1414 1383 1544 1427 super
1572 1383 1727 1413 aurum
1766 1374 1769 1410 ἱ

339 1438 431 1496 ipse
449 1437 552 1481 fecit
573 1457 582 1482 ε
609 1454 764 1482 aurum
779 1437 884 1482 feeit
900 1438 955 1482 ad
969 1438 1211 1482 subsidium
1229 1447 1354 1482 tuum
1373 1473 1382 1493 ‚
1404 1447 1446 1482 et
1471 1448 1515 1482 te
1541 1439 1597 1482 ad
1617 1439 1727 1483 ima-

341 1508 485 1566 ginem
505 1521 642 1552 suam.
664 1508 776 1552 Vide
799 1508 920 1568 quod
939 1524 1068 1567 supra
1086 1517 1129 1552 te
1152 1517 1216 1552 est
1229 1544 1240 1563 ,
1256 1517 1300 1552 et
1319 1507 1455 1552 calcas
1473 1508 1592 1568 quod
1614 1507 1727 1554 infra

339 1587 383 1621 te
405 1587 482 1622 est.
510 1578 625 1631 Quid
647 1593 750 1637 ergo
778 1579 1031 1638 acquisisti?
1059 1579 1131 1622 Vis
1162 1578 1310 1624 videre
1345 1595 1478 1639 quam
1500 1595 1612 1639 aqua
1637 1580 1727 1624 sine

339 1648 581 1692 substantia
618 1649 702 1692 sit?
732 1648 851 1693 Tolle
885 1658 1031 1692 tecum
1059 1648 1114 1692 ad
1141 1648 1301 1693 inferos
1335 1647 1456 1708 quod
1491 1648 1722 1709 acquisisti.
1760 1701 1763 1712 s

339 1719 457 1773 Quid
484 1719 679 1764 facturus
713 1722 789 1764 es?
825 1720 1053 1780 Aequisisti
1082 1735 1259 1775 aurum,
1296 1720 1520 1779 perdidisti
1553 1720 1685 1765 fidem
1713 1740 1721 1766 :

337 1800 436 1851 post
463 1807 622 1851 paucos
645 1791 735 1835 dies
757 1792 842 1835 exis
871 1791 926 1835 de
947 1792 1027 1836 hae
1047 1792 1135 1835 vita
1153 1813 1164 1849 3
1190 1807 1345 1835 aurum
1367 1791 1488 1852 quod
1506 1793 1724 1848 acquisisti

338 1860 506 1919 perdita
530 1860 617 1904 fide
637 1897 647 1915 ‚
683 1860 854 1904 auferre
877 1870 1023 1905 tecum
1045 1876 1135 1904 non
1166 1871 1287 1920 potes
1311 1882 1319 1906 :
1353 1876 1428 1906 eor
1449 1871 1574 1905 tuum
1595 1861 1723 1905 inane

335 1929 436 1974 fidei
453 1930 508 1974 ἃᾶ
530 1946 679 1990 poenas
700 1931 802 1985 exit,
820 1930 940 1991 quod
961 1931 1141 1991 plenum
1163 1931 1250 1975 fide
1271 1931 1326 1976 ad
1343 1947 1547 1976 coronam
1570 1932 1718 1976 exiret.

336 2003 448 2045 Ecce
471 2001 580 2044 nihil
608 2011 671 2046 est
692 2002 813 2062 quod
835 2001 994 2056 fecisti,
1020 2011 1063 2046 et
1084 2013 1262 2062 propter
1285 2002 1393 2046 nihil
1417 2006 1553 2047 Deum
1578 2003 1722 2047 offen·
1754 2056 1756 2058 q

337 2071 451 2115 disti.
473 2074 600 2130 Aqua
622 2072 712 2115 sine
734 2071 974 2115 substantia
997 2073 1206 2131 est,‘quae
1228 2081 1271 2116 te
1293 2072 1511 2116 demersit.
1540 2076 1722 2132 Propter
1753 2125 1755 2135 Ι
1779 2092 1781 2100 ·

336 2141 444 2201 quid
470 2142 655 2186 irritavit
678 2146 815 2186 Deum
840 2145 1069 2201 peccator?
1101 2142 1439 2187 Confundantur
1457 2179 1467 2198 ,
1492 2144 1639 2204 inique
1659 2143 1722 2189 fa-

335 2212 494 2256 cientes
516 2214 666 2256 vane1.
692 2215 828 2257 Nemo
852 2213 965 2256 enim
988 2228 1078 2257 non
1107 2214 1292 2257 inaniter
1308 2214 1457 2274 inique
1481 2212 1584 2258 facit
1613 2233 1622 2260 ε
1644 2213 1719 2259 sed

333 2296 463 2325 nemo
486 2282 744 2326 considerat.

387 2354 444 2396 X.
473 2355 592 2396 Eunt
620 2353 842 2407 homines,
870 2352 1055 2397 audiunt
1072 2354 1350 2432 proverbium
1372 2353 1483 2398 illud
1505 2355 1716 2413 vulgare·
1747 2374 1750 2392 ι

328 2432 371 2466 et
402 2423 630 2481 proverbia
661 2423 766 2478 Dei,
803 2423 1041 2467 dormitant
1072 2424 1117 2467 in
1140 2424 1212 2468 eis.
1253 2424 1382 2477 Quod
1404 2425 1715 2484 proverbium?
1746 2429 1748 2431 ’

325 2491 441 2536 Malo
464 2492 583 2552 quod
606 2502 758 2546 teneo
785 2510 855 2553 qu
848 2509 916 2537 im
939 2494 1058 2553 quod
1081 2510 1220 2554 spero.
1249 2496 1285 2539 Ο
1308 2495 1483 2550 infelix,
1515 2495 1624 2555 quid
1646 2504 1713 2539 te-

325 2563 430 2604 nes?
453 2565 566 2605 Ecce
588 2562 693 2606 dieis
716 2583 723 2607 :
753 2563 865 2607 Malo
888 2563 1007 2622 quod
1027 2573 1176 2609 teneo:
1201 2574 1299 2609 tene
1321 2566 1378 2609 sie
1403 2575 1450 2609 ut
1473 2581 1561 2609 non
1586 2565 1713 2609 amit-

379 2652 385 2666 ¹
409 2645 487 2675 Psul.
511 2646 643 2687 xx1v74.
