1815 3253
350 213 433 251 320
769 220 804 250 s.
839 220 1069 252 Aucuszrnu
1101 225 1282 253 muscom

347 288 540 332 tenebrae
555 321 566 343 ‚
590 286 711 332 illam
731 297 904 333 noctem
924 304 1034 345 esse,
1058 290 1104 334 in
1123 306 1208 351 qua
1231 290 1579 350 peregrinaretur
1600 306 1624 336 a
1637 294 1727 337 Deo
1759 301 1761 303 ’
1781 280 1783 299 i

348 374 426 403 suo
452 379 463 417 3
488 367 532 403 et
561 359 753 403 habebat
786 359 1035 404 interiorem
1064 359 1209 405 lucem
1237 361 1378 421 ipsum
1401 364 1539 405 Deum
1567 377 1693 406 suum
1712 372 1734 417 ‚'

347 445 424 489 per
447 445 579 490 quam
600 429 744 474 lucem
763 430 1013 475 interiorem
1036 430 1334 476 indifferenter
1353 432 1536 476 haberet
1553 433 1640 477 sive
1661 442 1728 477 te-

348 501 504 545 nebras
527 501 665 545 noctis
691 500 805 545 illius
825 536 836 556 ‚
862 501 949 546 sive
969 500 1129 546 lucem.
1157 505 1387 562 Propterea
1403 537 1418 558 ,
1442 502 1543 563 quia
1565 503 1611 547 in
1631 503 1729 548 luce

346 573 483 617 noctis
509 572 624 617 illius
644 608 654 627 ‚
689 572 735 616 id
757 582 835 628 est,
859 574 903 616 in
923 588 1068 617 rerum
1090 572 1358 618 abundantia
1380 573 1549 618 colebat
1570 577 1725 630 Deum,

347 643 500 688 ablatis
526 642 588 687 illi
616 643 819 688 omnibus
848 644 996 698 rebus,
1020 653 1303 703 posteaquam
1331 643 1456 688 sactae
1478 636 1580 689 sunt
1611 654 1730 688 tene-

346 714 436 758 brae
467 714 605 771 illius,
643 713 751 774 quid
778 714 884 758 dixit
910 713 1016 758 illei>
1034 733 1054 756 «
1089 714 1298 758 Dominus
1337 713 1459 759 dedit
1478 749 1489 770 ‚
1520 715 1730 760 Dominus

348 802 370 826 »
405 783 584 828 abstulit
603 805 613 841 3
638 784 748 828 sicut
770 784 956 829 Domino
976 784 1168 844 placuit,
1193 785 1253 830 ita
1273 785 1439 830 factum
1463 795 1526 830 est
1548 804 1557 830 ε
1577 785 1631 830 sit
1651 801 1731 830 no-

348 872 369 896 »
404 870 506 899 men
523 854 694 899 Domini
716 854 996 899 benedictum
1012 857 1072 899 1.»
1092 858 1144 899 In
1165 864 1294 900 nocte
1314 871 1409 900 sum
1428 855 1617 917 quadam
1630 856 1730 901 vitae
1774 879 1795 902 s·

346 926 474 986 hujus
496 945 504 970 ε
530 925 740 971 Dominus
764 941 883 970 meus
901 962 911 981 ‚
938 926 1103 986 inquit,
1127 926 1298 971 habitat
1321 943 1395 972 cor
1417 943 1564 972 meum
1585 962 1596 983 ,
1626 927 1730 972 illu-

345 997 526 1042 minavit
559 997 667 1041 mihi
697 997 857 1041 solatiis
882 996 1144 1058 quibusdam
1177 1008 1352 1043 noctem
1378 999 1525 1054 istam,
1551 996 1730 1058 quando

346 1067 474 1111 dedit·
489 1068 632 1127 copias
657 1083 801 1112 rerum
829 1068 1130 1128 temporalium
1156 1088 1164 1113 :
1197 1069 1407 1113 subtraxit
1428 1068 1565 1128 ipsam
1586 1067 1730 1113 lucem
1771 1090 1774 1098 λ

349 1139 626 1198 temporalem
643 1173 654 1194 ‚
675 1147 716 1182 et
735 1139 855 1198 quasi
873 1139 1092 1184 tenebrata
1115 1148 1179 1183 est
1199 1155 1301 1184 nox.
1329 1138 1412 1184 Sed
1434 1140 1550 1199 quia,
1571 1159 1592 1182 «
1612 1139 1731 1184 Sicut

349 1227 369 1250 »
405 1209 598 1252 tenebrae
621 1209 712 1269 ejus
730 1244 740 1264 3
774 1209 831 1253 sic
854 1218 897 1253 et
917 1207 1067 1253 lumen
1085 1210 1175 1269 ejus
1197 1229 1205 1253 ε
1232 1209 1442 1253 Dominus
1465 1208 1613 1264 dedit,
1640 1209 1731 1254 Do-‘

350 1297 370 1321 »
406 1280 548 1324 minus
572 1279 775 1337 abstulit3
805 1280 918 1324 sicut
944 1280 1130 1325 Domino
1152 1279 1344 1340 placuit,
1374 1280 1434 1324 ita
1455 1281 1620 1324 factum
1637 1289 1729 1338 est3

349 1368 370 1391 »
405 1351 458 1395 sit
470 1366 631 1395 nomen
645 1350 818 1395 Domini
833 1349 1159 1395 benedictum.»
1171 1353 1269 1395 Non
1284 1365 1380 1395 sum
1397 1350 1525 1394 tristis
1542 1351 1588 1394 in
1605 1359 1732 1395 nocte

345 1421 427 1465 hac
458 1440 466 1466 ε
493 1421 617 1481 quia,
655 1439 675 1462 «
704 1421 823 1466 Sicut
855 1420 1047 1465 tenebrae
1076 1421 1167 1480 ejus
1185 1455 1196 1476 3
1228 1420 1287 1465 sic
1316 1429 1359 1465 et
1390 1419 1540 1464 lumen
1573 1421 1678 1481 ejus.
1707 1439 1728 1462 »

348 1493 593 1551 Utrumque
612 1491 767 1535 transit
783 1526 793 1546 ,
814 1500 864 1535 ut
885 1491 961 1551 qui
987 1491 1180 1550 gaudent
1201 1500 1411 1550 tanquam
1429 1505 1518 1534 non
1537 1490 1732 1548 gauden-v

347 1570 408 1605 tes
430 1562 539 1616 sint,
576 1570 619 1605 et
657 1561 733 1621 qui
767 1562 875 1604 ssent
903 1570 1112 1621 tanquam
1145 1576 1234 1606 non
1256 1561 1409 1605 flentes
1427 1561 1538 1605 sint2
1566 1580 1575 1606 :
1599 1561 1729 1621 quia,

350 1651 371 1674 «
407 1633 528 1677 Sicut
548 1634 738 1677 tenebrae
761 1622 876 1692 ejuS,
897 1633 956 1676 sic
979 1641 1022 1676 et
1042 1631 1192 1676 lumen
1210 1633 1315 1692 ejus.
1345 1650 1366 1673 »

404 1706 569 1748 XVIII.
592 1723 611 1746 «
633 1704 848 1757 Quoniam
873 1713 919 1747 tu
934 1702 1159 1763 possedisti
1174 1719 1296 1747 renes
1319 1718 1459 1759 meos,
1479 1703 1729 1748 Domine3.»
1782 1721 1801 1748 ,¹

345 1777 443 1820 Non
462 1775 553 1818 sine
576 1790 702 1819 causa
720 1794 739 1818 «
764 1775 883 1819 Sicut
906 1775 1097 1819 tenebrae
1122 1775 1212 1835 ejus
1229 1809 1239 1829 ‚
1266 1774 1324 1818 sic
1347 1783 1390 1818 et
1406 1774 1556 1818 lumen
1579 1775 1683 1834 ejus.
1707 1792 1728 1816 »
1786 1779 1804 1810 'a

348 1849 470 1890 Intus
495 1855 558 1890 est
574 1862 806 1906 possessor,
823 1861 911 1890 nou
930 1845 1068 1890 solum
1090 1862 1164 1891 cor
1188 1855 1320 1900 tenet,
1339 1845 1414 1889 sed
1436 1846 1564 1889 etiam
1586 1838 1734 1903 renes3²
1760 1881 1762 1900 ,
1782 1861 1802 1890 v·.‘

346 1933 435 1961 non
450 1917 591 1961 solum
614 1917 912 1976 cogitationes,
929 1916 1004 1960 sed
1022 1916 1151 1961 etiam
1171 1915 1493 1961 delectationes.
1522 1919 1617 1976 Ipse
1633 1931 1733 1974 ergo
1782 1933 1794 1966 ε’

345 1988 534 2047 possidet
557 1987 675 2032 unde
698 2004 767 2032 me
798 1987 1033 2031 delectaret
1061 1985 1227 2047 aliquid
1248 1986 1355 2030 lucis
1382 1987 1427 2030 in
1454 1995 1607 2041 nocte,
1643 1986 1733 2046 ipse⁸

346 2068 465 2103 tenet
487 2075 608 2103 renes
628 2074 745 2103 meos
774 2078 782 2103 :
823 2074 911 2102 non
933 2058 1036 2102 novi
1058 2056 1264 2101 delectari
1299 2057 1379 2100 nisi
1413 2056 1467 2100 de
1499 2056 1596 2100 luce
1617 2057 1734 2100 inte-
1768 2061 1810 2104 '³³¹2

346 2130 457 2174 riore
483 2130 705 2190 sapientiae
722 2129 871 2189 ipsius.
894 2127 1009 2181 Quid
1028 2129 1160 2185 ergo?
1181 2143 1269 2171 non
1292 2125 1517 2171 delectaris
1539 2127 1594 2170 de
1616 2137 1733 2186 prosss
1756 2132 1815 2173 llll

1796 2204 1815 2230 ¹¹111

345 2201 527 2259 peritate
558 2216 703 2245 rerum
719 2235 729 2255 3
760 2201 814 2244 de
845 2199 1048 2243 felicitate
1082 2208 1329 2258 temporum
1349 2233 1359 2253 ⁷
1385 2198 1439 2242 dc
1464 2198 1729 2254 honoribus,

346 2271 400 2314 (le
438 2270 621 2326 divitiis7
664 2271 718 2314 de
755 2268 948 2313 familia?
976 2271 1072 2314 Non
1105 2267 1327 2324 delector,
1366 2268 1524 2328 inquit.
1561 2269 1757 2321 Quare?=
1796 2270 1815 2301 Ἤ]

1794 2344 1814 2371 till

345 2342 471 2396 Quia,
494 2361 512 2383 «
536 2342 654 2386 Sicut
677 2340 867 2384 tenebrae
890 2340 1002 2399 ejus,
1028 2339 1086 2383 sic
1105 2348 1148 2382 et
1168 2339 1320 2382 lumen
1342 2339 1445 2398 ejus.
1470 2357 1489 2379 »
1513 2337 1638 2382 Unde
1654 2331 1733 2382 tibi

345 2412 423 2455 ista
446 2411 738 2458 indifferentia
754 2446 764 2466 ‚
790 2420 839 2454 ut
860 2410 971 2453 sicut
995 2409 1185 2453 tenebrae
1210 2410 1299 2469 ejus
1314 2444 1324 2464 ‚
1349 2409 1408 2453 sic
1426 2409 1479 2453 sit
1502 2409 1581 2453 tibi
1605 2419 1648 2453 et
1669 2409 1734 2453 lu-
1795 2418 1815 2458 »ἓξ

1795 2486 1815 2514 ,ιω

346 2497 447 2527 men
464 2483 555 2543 ejus
575 2503 585 2539 3
605 2481 752 2526 unde?
766 2499 785 2522 ‹<
803 2481 1014 2534 Quoniam
1029 2489 1081 2525 tu⁴
1100 2479 1326 2540 possedisti
1348 2494 1471 2524 renes
1493 2495 1627 2535 meos,
1645 2475 1733 2524 Doss

395 2573 403 2589 ¹
424 2566 498 2598 Job.
519 2579 543 2608 1,
563 2575 617 2599 21.
639 2583 679 2588 —-
702 2573 714 2588 ²
738 2577 749 2598 1
771 2567 844 2598 Cor.
865 2575 923 2607 vu,
943 2565 993 2597 30.
1014 2581 1055 2588 --
1082 2561 1094 2586 ³
1118 2563 1197 2596 Psal.
1215 2574 1367 2605 cxxxvnt‚
1394 2564 1444 2596 13.

1748 2648 1751 2668 1
