1815 3253
304 206 359 247 42
747 222 781 249 s.
816 217 1048 247 Aucus-nm
1079 220 1259 247 Episcom

301 284 455 327 derent
478 285 705 329 unitatem.
722 287 831 342 Ego,
853 284 1012 345 inquit,
1030 303 1049 327 «
1074 285 1304 345 Loquebar
1321 300 1473 344 pacem
1495 284 1549 329 de
1566 294 1609 329 te
1636 302 1680 330 ι»

304 353 389 399 Sed
411 357 577 414 quare?
599 375 619 398 «
637 359 818 415 Propter
841 354 994 399 fratres
1009 371 1127 400 meos
1145 356 1474 416 etpropinquos
1497 371 1615 400 meos
1636 374 1680 401 ε»

301 441 391 469 non
430 436 607 486 propter
640 427 854 471 honorem
887 442 1036 470 meum
1062 462 1073 482 ,
1115 443 1204 471 non
1240 436 1416 486 propter
1455 428 1685 486 pecuniam

302 511 466 551 meam,
503 513 593 541 non
619 507 797 558 propter
824 498 958 542 vitam
991 512 1132 541 meam
1159 516 1167 542 :
1201 513 1300 541 nam
1323 532 1334 552 ‚
1369 516 1389 539 «
1413 497 1522 542 Mihi
1543 498 1686 542 vivere

305 583 326 607 »
361 566 558 610 Christus
581 576 665 622 est,
687 577 730 612 et
747 567 857 612 mori
877 567 1101 611 lucrum.»
1120 566 1219 622 Sed⁷
1244 587 1264 609 «
1279 567 1512 627 Loquebar
1532 582 1686 626 pacem

305 653 325 677 »
361 635 415 679 de
437 645 479 680 te
494 671 506 693 ,
530 647 707 697 propter
723 637 876 682 fratres
898 653 1015 682 meos
1037 646 1080 681 et
1101 637 1368 697 propinquos
1391 652 1523 681 meos.
1538 655 1559 678 »
1574 639 1684 682 Nam

302 706 506 765 cupiebat
524 707 616 767 ipse
644 727 664 750 «
688 708 893 763 Dissolvi,
918 717 960 752 et
982 723 1071 752 esse
1093 722 1194 751 cum
1215 706 1432 751 Christo.»
1450 716 1492 751 et
1514 707 1589 767 qui
1607 708 1686 751 ista

301 775 556 835 praedicaret
579 779 832 838 propinquis
855 788 897 822 et
921 777 1126 822 fratribus
1143 813 1154 832 ,
1183 796 1204 819 «
1224 780 1402 821 Manere
1418 812 1429 831 ‚
1450 777 1593 837 inquit
1607 812 1618 832 ,
1641 778 1687 822 in

305 863 325 887 »
360 862 488 890 carne
514 849 800 892 necessarium
835 857 1014 908 propter
1036 849 1152 892 vos¹.
1189 850 1370 907 Propter
1394 846 1546 891 fratres
1569 863 1687 892 meos

305 933 324 956 »
360 924 404 959 et
424 916 693 977 propinquos
717 933 834 962 meos
850 953 860 973 ‚
885 917 1098 978 loquebar
1119 925 1264 961 autem
1286 932 1437 976 pacem
1454 916 1509 961 de
1526 926 1583 961 te.
1613 935 1634 959 »

360 987 480 1030 XIV.
512 991 729 1047 «Propter
750 988 930 1033 domum
952 988 1124 1032 Domini
1147 988 1223 1031 Dei
1246 987 1345 1042 mei,
1372 987 1551 1048 quaesivi
1574 987 1687 1032 bona

304 1073 324 1097 »
358 1056 486 1100 tibi2,
513 1075 533 1098 »
558 1060 655 1103 Non
678 1068 855 1118 propter
877 1074 945 1102 me
970 1057 1149 1119 quaesivi
1174 1058 1289 1102 hona
1315 1076 1324 1101 ε
1359 1073 1459 1100 nam
1495 1073 1584 1101 non
1607 1058 1687 1102 tibi

301 1142 562 1185 quaererem,
597 1127 673 1172 sed
701 1129 834 1187 mihi3
873 1127 970 1172 ideo
1004 1144 1084 1172 nec
1112 1144 1192 1187 ego
1213 1128 1446 1183 haberem,
1473 1128 1573 1188 quia
1597 1144 1686 1172 non

302 1195 381 1240 tibi
404 1213 644 1256 quaererem
670 1218 678 1242 :
701 1198 776 1243 sed
801 1218 821 1240 «
844 1201 1025 1257 Propter
1048 1198 1229 1243 domum
1252 1198 1418 1242 Domini
1437 1199 1513 1242 Dei
1532 1198 1642 1254 mei,
1661 1217 1680 1240 »

300 1276 478 1326 propter
500 1267 739 1312 Ecclesiam
755 1303 766 1324 ‚
789 1278 966 1328 propter
987 1278 1155 1313 sanctos
1175 1304 1185 1324 ‚
1210 1277 1389 1328 propter
1405 1269 1653 1328 peregrinos
1670 1305 1680 1324 ‚

300 1347 477 1396 propter
512 1339 686 1397 inopes,
712 1348 762 1382 ut
783 1339 1046 1397 ascendant3
1083 1339 1184 1399 quia
1213 1338 1398 1382 dicimus
1420 1339 1478 1382 eis
1499 1359 1507 1383 :
1532 1342 1583 1383 In
1601 1339 1684 1383 do-

299 1421 421 1450 mum
450 1409 622 1452 Domini
651 1409 809 1453 ibimus
834 1428 842 1453 :
878 1428 898 1451 «
926 1413 1107 1469 Propter
1132 1409 1268 1468 ipsam
1298 1408 1478 1452 domum
1509 1410 1685 1453 Domini

302 1494 321 1517 »
358 1477 433 1520 Dei
454 1479 562 1533 mei,
589 1479 767 1539 quaesivi
789 1479 903 1523 bona
925 1479 1017 1523 tibi.
1045 1498 1064 1521 »
1089 1482 1192 1523 Haec
1212 1514 1222 1534 ‚
1248 1479 1400 1523 fratres
1417 1514 1427 1534 ,
1453 1478 1684 1539 prolixiora

298 1556 342 1590 et
374 1549 610 1593 necessaria
644 1550 833 1609 carpite,
859 1551 1120 1595 manducate
1136 1586 1146 1606 ‚
1172 1550 1308 1594 bibite
1326 1585 1337 1606 ,
1364 1550 1652 1596 convalescite
1669 1586 1680 1606 ‚

297 1619 455 1663 currite
474 1655 485 1675 ‚
511 1620 840 1680 apprehendite.

346 1730 355 1747 ¹
376 1725 490 1768 Philip.
507 1739 528 1767 1,
544 1726 655 1770 ’λι-24,
677 1744 718 1750 -
739 1734 751 1750 ²
776 1727 852 1760 Psal.
869 1738 953 1768 cxxi,
972 1739 1005 1770 9.
