1815 3253
338 248 390 289 48
767 258 800 287 s.
836 258 1066 288 Auouszmvi
1098 260 1277 288 EPISCOPI

335 323 536 368 mundari
559 323 613 368 ab
638 325 759 369 omni
775 325 898 381 labe,
923 334 973 369 ut
994 326 1068 369 fiat
1095 325 1244 384 etipsa
1267 324 1450 382 coelum3
1473 325 1573 384 quia
1595 324 1714 369 leva-

333 396 394 439 vit
418 395 565 440 oeulos
582 396 636 440 ad
650 411 750 440 eum
773 396 848 455 qui
866 395 1087 440 habitatin
1102 395 1228 440 coelo.
1250 398 1358 440 Nam
1372 396 1405 439 si
1424 395 1583 439 eoelum
1596 393 1714 439 istud

333 482 589 524 corporeum
607 502 617 521 ‚
655 466 775 526 quod
819 466 954 511 oculis
992 466 1189 510 videmus
1207 501 1218 521 ‚
1258 465 1594 510 intellexerimus
1624 481 1713 509 esse

331 536 642 580 habitationem
659 537 735 580 Dei
750 557 759 594 3
775 536 1003 580 transitura
1022 545 1085 580 est
1100 536 1311 580 habitatio
1326 536 1417 590 Dei,
1435 536 1536 596 quia
1551 535 1713 579 coelum

331 616 374 650 et
387 615 498 650 terra
513 607 792 650 transibunt&
807 606 970 651 Deinde
985 616 1218 667 antequam
1237 605 1400 650 faceret
1419 609 1533 650 Deus
1548 605 1713 650 coelum

330 686 374 719 et
394 685 553 720 terram
567 711 578 731 ‚
601 676 677 720 ubi
697 676 953 720 habitabat?
978 676 1061 721 Sed
1081 676 1186 720 dicit
1202 675 1356 735 aliquis
1373 711 1383 731 ,
1404 679 1461 720 Et
1477 684 1713 735 antequam

330 744 490 790 faceret
506 750 619 790 Deus
640 755 808 790 sanctos
825 782 835 801 ,
857 746 934 790 ubi
951 746 1208 790 habitabat?
1222 749 1274 789 In
1287 761 1331 790 se
1341 746 1566 790 habitabat
1579 749 1708 800 Deus,

329 815 446 874 apud
469 831 512 860 se
535 816 786 871 habitabat,
813 826 855 860 et
877 815 993 875 apud
1016 831 1060 860 se
1084 825 1148 859 est
1170 819 1296 860 Deus.
1323 818 1381 860 Et
1414 814 1591 876 quando
1615 816 1712 874 dig-

327 895 457 930 natur
478 885 674 929 habitare
694 885 739 929 in
764 886 944 941 sanetis,
966 901 1056 930 non
1077 886 1137 930 sic
1154 895 1255 930 sunt
1277 886 1413 931 sancti
1430 885 1585 930 domus
1602 886 1678 930 Dei
1696 920 1707 941 ‚

326 964 378 999 ut
399 955 490 1014 ipsa
516 955 735 1000 subtracta
753 955 878 1000 cadat
897 958 1025 1000 Deus.
1059 956 1196 1000 Aliter
1218 957 1332 1000 enim
1360 971 1437 1001 nos
1465 956 1711 999 habitamus

327 1025 372 1068 in
400 1025 531 1070 domo
552 1061 562 1081 ,
588 1025 712 1070 aliter
730 1029 843 1070 Deus
863 1026 907 1069 in
935 1027 1091 1070 sanctis
1117 1046 1125 1071 :
1151 1026 1399 1070 tu-habitas
1420 1027 1465 1069 in
1488 1025 1619 1070 domo
1635 1060 1645 1079 ‚
1676 1026 1710 1069 si

327 1096 545 1140 subtracta
565 1095 698 1140 fuerit
714 1131 724 1151 ‚
746 1095 861 1140 cadis
881 1117 892 1153 3
913 1099 1025 1140 Deus
1044 1106 1188 1140 autem
1207 1097 1265 1141 sic
1282 1096 1449 1140 habitat
1470 1096 1516 1139 in
1533 1097 1705 1150 sanetis,

326 1175 376 1210 ut
396 1166 429 1210 si
462 1168 552 1226 ipse
575 1166 813 1210 discesserit
831 1202 840 1221 ‚
867 1167 1040 1211 cadant.
1066 1168 1343 1227 Quicumque
1365 1183 1467 1227 ergo
1489 1167 1547 1211 sie
1565 1176 1710 1226 portat

327 1239 486 1292 Deum,
508 1246 558 1281 ut
586 1237 639 1281 sit
665 1236 879 1296 templum
916 1237 1017 1293 Dei3
1057 1253 1147 1281 non
1185 1236 1310 1297 putet
1332 1238 1391 1281 sie
1414 1253 1436 1280 a
1470 1253 1513 1280 se
1545 1236 1707 1296 portari

326 1309 485 1362 Deum,
522 1316 572 1351 ut
608 1316 767 1350 terreat
801 1310 939 1350 Deum
957 1342 967 1362 ‚
1001 1307 1034 1350 si
1068 1323 1112 1351 se
1139 1306 1369 1351 subducat.
1403 1310 1478 1350 Vae
1512 1306 1573 1350 illi
1608 1307 1641 1350 si
1663 1323 1706 1351 se

323 1379 583 1422 subtraxerit
604 1381 739 1434 Deus3
763 1377 864 1437 quia
886 1378 976 1437 ipse
995 1377 1110 1422 cadit
1129 1398 1137 1422 z
1159 1394 1260 1421 nam
1283 1381 1396 1422 Deus
1414 1378 1458 1421 in
1476 1393 1519 1421 se
1538 1393 1706 1437 semper

325 1458 484 1492 manet.
504 1452 552 1492 In
575 1449 733 1508 quibus
756 1464 834 1493 nos
856 1449 1102 1492 habitamus
1120 1484 1130 1503 ‚
1156 1449 1247 1508 ipsa
1269 1465 1347 1493 nos
1374 1449 1600 1493 continent
1626 1468 1634 1493 :
1659 1449 1705 1492 in

323 1519 481 1578 quibus
505 1523 618 1563 Deus
640 1519 809 1563 habitat
824 1554 834 1574 ,
860 1519 949 1578 ipse
962 1519 1057 1564 illos
1070 1520 1277 1563 eontinet.
1300 1522 1397 1563 Jam
1413 1518 1555 1564 videte
1570 1535 1705 1579 quan-
1770 1511 1772 1546 ἶ

324 1599 416 1633 tum
447 1590 625 1634 interest
653 1590 765 1634 inter
797 1599 988 1635 nostram
1019 1591 1327 1634 habitationem
1361 1599 1404 1634 et
1429 1591 1508 1635 Dei
1538 1609 1546 1635 ε
1583 1600 1626 1634 et
1646 1592 1704 1635 sic
1768 1580 1770 1595 ’

322 1660 436 1704 (licat
458 1661 600 1705 anima
621 1696 631 1716 ‚
661 1681 681 1703 «
716 1661 784 1705 Ad
807 1671 850 1705 te
872 1661 1011 1706 levavi
1034 1661 1182 1706 oeulos
1215 1677 1355 1716 meos,
1376 1662 1452 1721 qui
1475 1661 1642 1705 habitas
1660 1662 1707 1705 in
1765 1660 1769 1729 J

324 1749 343 1771 »
378 1730 490 1775 coelo
519 1766 529 1786 ,
574 1750 593 1773 n
631 1741 680 1775 ut
720 1731 934 1790 intelligat
966 1732 1067 1792 quia
1100 1736 1213 1777 Deus
1241 1748 1320 1776 nec
1357 1732 1469 1776 coelo
1509 1732 1702 1790 indiget,
1764 1750 1766 1788 ς

321 1801 397 1843 ubi
413 1801 511 1844 habi
521 1811 579 1845 tet
592 1821 601 1857 3
619 1801 694 1845 sed
711 1801 873 1845 coelum
888 1803 979 1860 ipso
993 1802 1174 1860 indiget,
1186 1811 1236 1846 ut
1248 1802 1302 1845 ab
1313 1802 1403 1861 ipso
1417 1802 1700 1846 inhabitetur.
1762 1812 1765 1858 J

379 1874 431 1914 V.
451 1871 566 1924 Quid
588 1887 690 1929 ergo
707 1872 917 1931 sequitur,
936 1872 1037 1932 quia
1059 1872 1168 1915 dixit
1187 1892 1195 1916 :
1220 1891 1239 1914 «
1259 1871 1325 1916 Ad
1341 1881 1382 1916 te
1398 1870 1538 1916 levavi
1555 1872 1703 1916 oeulos
1761 1862 1764 1917 Ῐ
1790 1911 1791 1914 ,

324 1960 342 1982 ))
380 1957 522 1996 meos,
556 1941 631 2001 qui
656 1941 889 1995 habitasfflin
919 1942 1056 1985 coelo?
1076 1960 1095 1982 »
1123 1941 1352 1994 Quomodo
1380 1941 1529 1985 levasti
1555 1941 1703 1985 oeulos
1742 1968 1761 1994 v5

320 2012 447 2054 tuos?
474 2029 493 2051 «
519 2014 630 2054 Eece
651 2011 761 2054 sicut
783 2010 897 2054 oculi
927 2026 1147 2054 servorum
1172 2011 1218 2054 in
1250 2027 1402 2054 manus
1424 2010 1702 2055 dominorum

323 2098 342 2121 »
378 2096 552 2124 suorum
572 2101 582 2136 3
599 2088 641 2122 et
661 2079 770 2123 sieut
798 2079 912 2123 oculi
937 2079 1106 2123 ancillae
1126 2081 1170 2123 in
1189 2096 1342 2124 manus
1371 2080 1560 2125 dominae
1586 2096 1698 2138 suae3
1756 2113 1757 2128 ,

322 2167 342 2190 »
378 2150 437 2194 sie
461 2149 575 2194 oculi
594 2150 729 2194 nostri
752 2149 806 2193 ad
830 2149 1059 2193 Dominum
1086 2153 1223 2194 Deum
1242 2159 1435 2194 nostruin
1450 2185 1460 2205 ‚
1480 2149 1702 2210 quoadus-

321 2238 340 2261 »
378 2235 462 2279 que
493 2219 746 2264 misereatur
770 2219 949 2263 nostri2.
979 2237 998 2260 n
1025 2222 1082 2263 Et
1113 2219 1222 2263 servi
1255 2235 1429 2275 sumus,
1469 2229 1515 2263 et
1545 2220 1702 2265 ancilla
1752 2223 1754 2275 3

317 2305 465 2333 sumus
492 2309 500 2333 :
526 2289 598 2334 ille
620 2299 662 2333 et
680 2289 889 2333 Dominus
912 2298 1000 2343 est,
1026 2299 1069 2332 et
1090 2290 1272 2333 Domina
1291 2299 1368 2334 est.
1385 2293 1474 2334 Aut
1495 2290 1601 2349 quid
1618 2290 1699 2333 sibi

317 2359 471 2404 volunt
493 2360 569 2404 ista
591 2359 745 2414 verba,
771 2368 813 2402 et
845 2358 951 2419 quid
979 2359 1060 2402 sibi
1089 2357 1242 2403 volunt
1272 2359 1363 2402 istae
1392 2358 1697 2403 similitudines
1748 2366 1751 2415 J

316 2445 462 2473 rerum
476 2432 493 2473 P
516 2429 725 2473 Attendat
746 2429 1015 2489 aliquantum
1032 2429 1226 2473 Charitas
1242 2432 1407 2473 Vestra.
1427 2432 1523 2474 Non
1536 2429 1695 2472 mirum
1747 2420 1749 2460 f

315 2501 349 2544 si
371 2500 480 2544 servi
501 2516 648 2543 sumus
668 2535 678 2554 ‚
704 2509 746 2543 et
767 2499 839 2542 ille
858 2500 1066 2543 Dominus
1090 2509 1153 2543 est
1178 2514 1186 2540 :
1209 2499 1281 2544 sed
1306 2498 1463 2543 mirum
1485 2500 1518 2543 si
1540 2498 1695 2543 aneilla

365 2591 370 2606 ¹
393 2584 505 2616 Manli.
527 2595 612 2625 xxiv,
633 2584 686 2616 35.
703 2601 744 2606 —
765 2591 777 2606 ²
799 2583 878 2615 psal.
897 2594 998 2624 emt,
1018 2582 1089 2625 2-55.

1745 2515 1747 2534 1

1730 2539 1732 2541 ’
1743 2539 1745 2577 A
