1815 3253
335 232 417 271 328
766 241 801 271 s.
836 241 1066 271 Aucus'nm
1097 244 1278 272 EPISCOPI

333 310 497 353 unum¹
510 343 521 364 ‚
541 317 584 353 et
597 308 659 353 illi
676 310 918 354 timuerunt
935 325 1035 354 cum
1051 319 1307 354 moreretur.
1327 312 1488 365 Quare,
1510 310 1589 354 nisi
1611 311 1712 370 quia

333 394 410 439 per
426 378 541 423 diem
563 389 842 435 erravelunt‚
868 389 911 424 et
932 393 1060 424 nemo
1075 379 1158 424 fuit
1174 381 1220 424 in
1242 381 1331 425 eis?
1357 399 1377 422 «
1403 384 1484 424 Per
1507 381 1621 424 diem
1645 396 1713 424 er-

336 467 358 491 »
392 450 576 504 rabunt,
601 459 643 493 et
665 465 794 494 nemo
811 451 856 494 in
874 450 996 495 eis.»

389 523 557 564 XXIII.
580 519 664 565 Sed
686 519 793 580 quid
813 529 897 575 est,
920 539 939 562 «
960 519 1181 564 Errabunt
1197 536 1274 579 per
1290 521 1404 564 diem
1419 521 1438 564 P
1454 538 1474 561 »
1489 520 1714 580 Numquid
1770 549 1773 565 ι

333 591 572 650 peribunt?
609 593 665 634 Et
697 591 775 634 ubi
809 599 898 645 est,
937 609 957 632 «
985 589 1296 648 Imperfectum
1328 606 1474 635 meum
1509 590 1714 635 viderunt

334 679 355 702 »
391 660 507 705 oculi
537 661 627 715 tui,
667 669 711 704 et
741 661 787 703 in
815 659 928 704 libro
958 669 1036 704 tuo
1067 675 1215 704 omnes
1240 661 1515 704 scribentur?
1546 679 1566 701 »
1598 663 1714 718 Ergo

331 731 510 792 quando
532 746 608 790 per
622 730 736 774 diem
750 740 1002 775 erraverunt
1018 733 1035 775 P
1051 733 1164 776 Cum
1185 732 1256 775 hic
1274 732 1462 790 positum
1480 725 1714 775 Dominum

333 818 423 846 non
445 800 768 845 intellexerunt.
789 804 846 845 Et
867 800 973 862 quid
995 802 1219 861 sequitur?
1246 821 1262 842 «
1289 802 1398 846 Mihi
1421 810 1568 845 autem
1588 801 1715 845 valde

335 890 356 914 »
391 873 666 916 honorificati
688 881 791 916 sunt
814 872 941 916 amici
963 873 1027 916 tui
1047 908 1058 927 ‚
1082 874 1236 916 Deus².
1261 891 1280 913 »
1302 872 1425 916 Idem
1442 872 1523 931 ipsi
1545 872 1620 932 qui
1640 887 1717 931 per

333 942 449 986 diem
465 952 717 986 erraverunt
735 951 779 986 et
800 958 928 987 nemo
952 941 1034 986 fuit
1055 943 1101 985 in
1118 943 1175 986 eis
1195 977 1205 997 ‚
1232 943 1357 986 amici
1379 942 1443 986 tui
1462 940 1563 985 facti
1583 951 1684 986 sunt
1701 977 1713 996 ‚

332 1023 376 1057 et
397 1013 524 1057 valde
546 1013 652 1057 mihi
674 1014 948 1058 honorificati
963 1022 1078 1058 sunt.
1104 1017 1287 1058 Factum
1308 1022 1370 1057 est
1393 1013 1438 1056 in
1460 1013 1519 1056 eis
1537 1028 1583 1056 os
1607 1012 1717 1056 illud

331 1093 430 1143 post
463 1085 820 1128 resurrectionem
845 1084 1016 1128 Domini
1049 1085 1093 1128 in
1125 1083 1380 1128 abscondito
1404 1119 1415 1138 ‚
1450 1092 1493 1127 et
1524 1099 1602 1142 pro
1625 1085 1717 1142 ejus
1769 1116 1771 1130 1

332 1154 507 1198 nomine
523 1154 634 1213 passi
656 1163 772 1208 sunt,
788 1155 833 1197 in
853 1155 974 1214 cujus
988 1154 1184 1213 passione
1209 1152 1550 1213 trepidaverunt.
1574 1153 1717 1197 «Mihi

335 1242 355 1265 »
391 1233 537 1268 autem
567 1223 693 1268 valde
725 1224 998 1268 honorificati
1027 1232 1128 1267 sunt
1165 1224 1291 1268 amici
1327 1224 1389 1267 tui
1413 1226 1526 1267 Deus
1558 1221 1718 1267 :valde

334 1312 355 1334 »
391 1292 625 1337 confortati
648 1302 750 1336 sunt
787 1293 1054 1352 principatus
1077 1308 1242 1337 eorum.
1276 1311 1297 1333 »
1338 1293 1459 1336 Facti
1493 1292 1686 1352 Apostoli
1704 1327 1715 1347 ‚

332 1364 435 1409 facti
452 1364 585 1408 duces
602 1364 823 1419 Ecclesiae,
841 1364 945 1408 facti
957 1364 1108 1408 arietes
1126 1363 1333 1408 ducentes
1346 1378 1492 1422 greges
1513 1379 1521 1404 :
1544 1383 1563 1406 «
1581 1363 1719 1407 Valde

336 1453 357 1477 »
391 1435 626 1479 confortati
648 1444 748 1479 sunt
766 1435 1035 1494 principatus
1057 1450 1224 1479 eorum.
1253 1453 1274 1476 »

389 1507 553 1549 XXIV.
578 1524 598 1548 «
630 1506 927 1550 Dinumerabo
950 1521 1022 1550 eos
1039 1541 1050 1561 ‚
1091 1515 1134 1549 et
1156 1521 1284 1565 super
1304 1520 1478 1550 arenam
1507 1503 1722 1564 multipli-

335 1593 357 1618 »
392 1576 636 1620 eabuntur3
660 1595 668 1620 :
689 1595 710 1617 »
729 1579 810 1620 Per
822 1575 918 1620 illos
934 1577 1009 1636 qui
1024 1591 1101 1635 per
1115 1575 1230 1619 diem
1245 1584 1519 1629 erraverunt,
1537 1584 1579 1618 et
1592 1589 1720 1619 nemo

334 1654 426 1689 erat
447 1646 492 1689 in
515 1646 574 1689 eis
589 1681 600 1701 ,
623 1661 724 1690 ecce
746 1654 846 1689 nata
869 1655 932 1690 est
950 1655 1068 1690 tanta
1100 1646 1179 1690 ista
1201 1644 1441 1689 multitudo
1461 1680 1472 1700 ,
1509 1660 1608 1704 quae
1629 1645 1721 1704 jam

331 1715 444 1760 sicut
465 1731 594 1759 arena
609 1716 828 1760 numerari
841 1731 930 1760 non
949 1725 1105 1775 potest,
1122 1716 1203 1760 nisi
1221 1719 1324 1760 Deo.
1346 1715 1459 1759 Dixit
1473 1715 1587 1757 enim
1606 1733 1626 1756 «
1646 1717 1722 1759 Su-

335 1804 356 1827 »
392 1801 469 1845 per
491 1801 665 1830 arenam
687 1786 1100 1845 multiplicabuntur
1126 1805 1135 1830 ε
1153 1794 1195 1829 et
1217 1795 1364 1829 tamen
1386 1784 1552 1829 dixerat
1570 1819 1581 1839 ‚
1607 1803 1628 1827 «
1647 1784 1722 1828 Di-

336 1873 358 1897 »
393 1856 635 1900 numerabo
657 1871 744 1900 eos.
773 1874 794 1897 »
828 1856 897 1899 Illi
934 1856 1014 1916 ipsi
1044 1856 1284 1910 numerati,
1318 1874 1338 1897 «
1372 1857 1509 1914 Super
1546 1869 1720 1899 arenam

336 1945 358 1969 »
392 1927 819 1987 multiplicabuntur.
850 1945 870 1968 »
888 1928 940 1971 Ei
958 1928 1120 1988 quippe
1138 1943 1267 1971 arena
1289 1935 1515 1970 numerata
1538 1935 1623 1980 est,
1650 1926 1720 1970 cui

336 1999 553 2043 numerati
575 2008 676 2043 sunt
699 1997 845 2058 capilli
866 1999 1016 2058 capitis
1039 1998 1217 2042 nostri⁴.
1256 2017 1276 2040 «
1302 1997 1598 2041 Dinumerabo
1620 2012 1717 2053 eos,

339 2086 361 2112 »
396 2079 439 2113 et
460 2085 590 2129 super
606 2085 779 2113 arenam
793 2068 1217 2128 multiplicabuntur.
1247 2087 1266 2109 ι)

394 2142 534 2183 XXV.
560 2140 791 2193 Exurrexi,
814 2148 857 2182 et
877 2139 1021 2182 adhuc
1044 2154 1138 2181 sum
1163 2147 1323 2181 tecum.
1350 2137 1571 2191 Exurrexi‚
1590 2145 1633 2180 et
1650 2137 1722 2180 ad-

339 2226 360 2250 »
393 2210 482 2252 huc
504 2223 599 2251 sum
619 2218 760 2252 tecum
775 2243 785 2262 ‚
808 2227 828 2249 »
850 2207 957 2267 quid
980 2210 1077 2252 est?
1109 2211 1202 2251 Jam
1228 2223 1375 2266 passus
1403 2223 1520 2262 sum,
1547 2207 1718 2267 inquit,

337 2278 531 2337 sepultus
554 2293 674 2335 sum3
698 2293 797 2321 ecce
814 2278 1002 2332 surrexi,
1021 2286 1064 2321 et
1086 2277 1229 2321 adhuc
1258 2293 1326 2320 me
1359 2293 1448 2321 non
1471 2276 1720 2335 intelligunt

336 2365 497 2393 secum.
527 2368 547 2391 «
572 2348 728 2393 Adhuc
749 2358 893 2392 tecum
915 2364 1008 2392 sum
1024 2384 1034 2403 ‚
1055 2367 1074 2389 »
1093 2348 1137 2392 id
1151 2358 1213 2392 cst
1228 2385 1238 2404 ,
1260 2349 1456 2392 nondum
1471 2364 1568 2392 cum
1591 2348 1715 2407 ipsis:

335 2419 437 2479 quia
458 2418 655 2463 nondum
675 2427 928 2477 agnoscunt.
953 2419 1020 2463 Sic
1051 2419 1166 2463 enim
1190 2418 1349 2477 legitur
1370 2419 1414 2461 in
1444 2417 1680 2475 Evangelio
1707 2437 1716 2463 :

336 2489 438 2549 quia
461 2499 558 2548 post
573 2490 929 2533 resurrectionem
949 2489 1120 2532 Domini
1143 2489 1276 2532 nostri
1301 2491 1402 2531 Jesu
1425 2488 1610 2543 Christi,
1637 2488 1719 2532 sibi

388 2580 395 2595 ¹
418 2575 508 2605 Joan.
528 2584 562 2614 x,
583 2573 622 2605 30
638 2577 671 2606 et
693 2573 796 2606 38.-—
810 2573 911 2605 'Psal
930 2583 1083 2614 cxxxviii,
1109 2584 1159 2613 17.
1173 2590 1205 2595 —
1221 2571 1324 2604 31bill.
1348 2571 1468 2605 18.—-l·
1484 2572 1596 2603 Maith.
1613 2583 1644 2612 x,
1662 2571 1714 2603 30.
