1815 3253
339 181 421 220 148
775 186 809 215 s.
846 186 1075 216 AUGUSTINI
1106 190 1287 217 Emscom

335 266 490 318 parant
510 254 646 300 malos
669 255 722 299 de
745 254 889 298 medio
911 255 1129 313 justorum
1148 290 1158 309 ,
1192 255 1302 299 sicut
1324 254 1483 298 zizania
1497 269 1520 297 a
1544 253 1711 310 tritico;

333 328 605 371 frumentum
620 322 858 368 recondent
872 324 914 366 in
931 325 1099 378 horreo,
1117 324 1284 383 paleam
1298 333 1444 368 autem
1458 323 1714 368 comburent

332 397 422 454 igni
437 395 678 453 inextingui
687 393 793 437 bili1.
812 393 983 437 Portavi
1009 409 1236 454 quousque
1251 394 1375 453 potui
1393 413 1400 438 :
1415 395 1505 454 jam
1524 392 1714 452 gaudens

332 477 502 513 transeo
520 467 565 509 in
588 467 793 510 horreum
816 464 917 519 Dei,
943 473 986 508 et
1009 479 1181 509 securus
1195 474 1346 521 canto,
1373 483 1392 507 «
1410 467 1530 524 Saepe
1547 477 1710 522 expug-

333 555 355 580 »
389 545 604 581 naverunt
621 551 690 579 me
705 551 727 578 a
739 536 971 594 juventute
989 549 1097 578 mea.
1127 553 1147 576 »

388 609 513 650 VIII.
526 606 640 660 Quid
657 604 773 648 enim
789 603 897 647 mihi
911 602 1054 648 facere
1068 613 1321 663 potuerunt,
1333 605 1434 664 quia
1448 622 1468 646 «
1479 606 1713 663 Expugna-

331 696 352 721 »
387 686 545 722 verunt
571 691 640 720 me
666 691 690 719 a
712 676 944 735 juventute
972 676 1094 719 mea?
1123 693 1144 716 »
1174 678 1475 720 Exereuerunt
1500 689 1591 729 me,
1623 688 1714 718 non

328 755 650 808 oppresserunt.
671 744 915 790 Valuerunt
931 745 1038 789 mihi
1068 746 1178 790 sicut
1197 745 1307 803 ignis
1337 744 1393 789 ad
1419 759 1596 799 aurum,
1625 759 1714 788 non

327 817 562 875 sicutignis
600 815 656 859 ad
689 815 875 858 foenum.
901 815 1017 873 Ignis
1048 815 1164 859 enim
1194 813 1404 860 accedens
1435 814 1491 859 ad
1527 829 1709 870 aurum,

328 887 500 932 sordem
529 885 672 943 tollit,
705 885 912 930 accedens
941 884 997 929 ad
1030 884 1200 929 foenum
1221 921 1231 941 ,
1261 887 1308 929 in
1337 887 1527 929 cinerem
1566 884 1709 929 vertit.

331 977 351 1000 «
385 957 559 1001 Etenim
582 971 672 1000 non
687 964 928 1014 potuerunt
943 955 1051 999 mihi
1074 975 1082 1000 ε
1103 956 1346 1016 »quianon
1363 954 1587 1009 consensi,
1612 954 1714 1014 quia
1770 1013 1786 1018 Η

326 1043 416 1072 non
428 1042 497 1070 me
514 1026 711 1070 fecerunt
728 1025 878 1086 quales
890 1035 990 1069 sunt
1008 1026 1101 1085 ipsi.
1115 1046 1134 1068 «
1152 1029 1289 1085 Supra
1304 1024 1479 1070 dorsum
1494 1040 1640 1068 meum
1655 1024 1714 1069 fa-

329 1116 349 1139 »
362 1098 639 1142 bricaverunt
653 1106 912 1156 peccatoreS,
925 1095 1053 1153 longe
1065 1095 1264 1140 fecerunt
1277 1096 1527 1155 injustitiam
1542 1110 1710 1138 suam.»
1769 1097 1771 1105 ’

327 1171 544 1212 Fecerunt
566 1165 687 1227 quod
708 1166 888 1210 tolerem
905 1201 915 1221 ,
941 1175 984 1210 et
1002 1182 1091 1210 non
1105 1165 1304 1210 fecerunt
1319 1166 1389 1210 cui
1406 1165 1708 1210 consentirem.
1768 1191 1770 1203 ·

327 1240 351 1281 J
355 1253 423 1282 am
447 1252 547 1296 ergo
562 1236 769 1296 injustitia
784 1237 976 1295 ipsorum
990 1235 1121 1295 longe
1136 1246 1199 1280 est
1216 1252 1238 1280 a
1253 1251 1337 1280 me.
1353 1235 1457 1280 Mali
1474 1235 1596 1279 mixti
1614 1244 1714 1279 sunt

325 1309 452 1353 bonis
469 1344 479 1363 ,
501 1324 589 1352 non
604 1307 744 1352 solum
764 1308 809 1350 in
831 1306 1018 1353 saeculo:
1040 1306 1115 1351 sed
1139 1316 1183 1350 et
1203 1308 1248 1350 in
1272 1307 1361 1365 ipsa
1380 1307 1498 1350 intus
1521 1305 1713 1350 Ecclesia

326 1377 429 1421 mali
451 1378 572 1421 mixti
589 1387 690 1421 sunt
709 1377 848 1421 bonis.
883 1377 1044 1431 Nostis,
1071 1386 1114 1420 et
1142 1377 1376 1436 probastis3
1397 1386 1438 1420 et
1462 1377 1595 1435 magis
1610 1392 1713 1435 pro-
1766 1371 1767 1427 ζ

327 1447 485 1492 habitis
503 1483 514 1502 ,
547 1447 582 1491 si
617 1447 721 1491 boni
749 1445 934 1490 fueritis.
957 1465 978 1489 «
1003 1448 1117 1491 Cum
1143 1447 1261 1490 enim
1291 1447 1492 1491 crevisset
1508 1446 1643 1490 herba
1671 1455 1714 1490 et
1764 1434 1767 1474 3

330 1536 351 1560 »
386 1516 579 1561 fructum
621 1515 812 1571 fecisset,
843 1525 948 1560 tunc
989 1527 1288 1576 apparuerunt
1318 1517 1516 1560 zizania2.
1543 1535 1563 1557 »
1597 1515 1713 1562 Nulli

327 1597 536 1648 apparent
559 1587 662 1631 mali
684 1589 729 1631 in
750 1586 938 1631 Ecclesia
959 1621 970 1642 ,
994 1587 1075 1630 nisi
1098 1589 1135 1631 ei
1150 1589 1225 1647 qui
1244 1588 1376 1631 fuerit
1399 1587 1553 1631 bonus.
1572 1587 1725 1632 Nostis·
1763 1604 1765 1606 “

328 1675 431 1718 ergo
453 1659 554 1718 quia
578 1659 698 1702 mixti
712 1667 835 1712 sunt,
861 1667 905 1702 et
920 1672 1090 1717 semper
1105 1667 1148 1702 et
1169 1659 1332 1718 ubique
1351 1658 1456 1702 dicit
1473 1659 1709 1716 Scriptura,

328 1730 430 1789 quia
448 1744 537 1773 non
570 1728 913 1788 separabuntur,
953 1727 1032 1770 nisi
1052 1728 1099 1770 in
1121 1728 1221 1772 fine.
1256 1728 1323 1772 Sic
1346 1727 1568 1787 quomodo
1591 1727 1712 1772 mixti

327 1808 449 1853 sunt,
469 1798 599 1856 longe
616 1807 718 1841 sunt
741 1813 764 1841 a
786 1813 844 1840 se.
864 1799 927 1841 Ne
949 1797 1045 1856 quis
1067 1812 1170 1856 ergo
1185 1813 1236 1841 ex
1257 1813 1307 1841 eo
1330 1796 1450 1857 quod
1479 1797 1597 1841 mixti
1612 1806 1713 1842 sunt

328 1868 430 1913 mali
453 1868 563 1912 inter
582 1868 719 1912 bonos
735 1902 746 1922 ,
765 1876 937 1926 putaret
950 1867 1226 1926 iniquitatem
1244 1882 1334 1911 esse
1348 1868 1470 1926 juxta
1479 1868 1709 1928 justitiam,

333 1959 354 1982 «
387 1942 485 1985 Non
506 1947 773 1998 potuerunt,
807 1939 976 1997 inquit,
1003 1939 1108 1981 mihi
1136 1957 1144 1982 :
1166 1957 1185 1980 »
1221 1938 1265 1982 id
1292 1948 1356 1982 est
1373 1973 1384 1993 2
1411 1938 1642 1993 dixerunt,
1670 1948 1713 1983 et

327 2010 440 2054 male
467 2009 695 2064 dixerunt,
734 2027 754 2050 «
788 2007 1105 2052 Manducemus
1137 2018 1180 2052 et
1210 2009 1433 2063 bibamus,
1474 2025 1566 2053 cras
1596 2009 1711 2053 enim

331 2100 353 2123 »
389 2081 665 2126 moriemurss.
694 2097 713 2121 >›
748 2082 846 2124 Non
873 2089 1162 2138 corruperunt
1194 2094 1410 2124 sermones
1441 2080 1542 2123 mali
1575 2095 1712 2124 mores

328 2153 467 2196 bonos
488 2171 496 2196 ε
517 2151 560 2194 in
578 2166 629 2195 eo
646 2149 765 2210 quod
785 2149 931 2194 audivi
949 2166 971 2193 a
985 2153 1075 2194 Deo
1087 2185 1097 2205 ,
1113 2165 1202 2194 non
1223 2150 1327 2194 cessi
1340 2150 1611 2194 sermonibus
1629 2151 1710 2195 ho·-

330 2222 514 2266 minum.
533 2223 750 2264 Fecerunt
768 2219 873 2262 mihi
890 2229 1134 2278 peccatores
1149 2220 1270 2280 quod
1284 2231 1517 2279 portarem,
1535 2236 1622 2264 non
1641 2221 1711 2265 cui

330 2290 646 2344 commiscerer,
664 2298 707 2333 et
721 2287 834 2332 facta
852 2298 914 2332 est
928 2289 1132 2348 iniquitas
1146 2304 1296 2333 eorum
1314 2289 1444 2348 longe
1458 2305 1481 2333 a
1496 2305 1578 2333 me.
1595 2289 1712 2343 Quid
1752 2309 1754 2325 =

329 2361 445 2405 enim
460 2369 548 2404 tam
565 2374 715 2418 prope,
741 2374 872 2417 quam
894 2358 982 2402 duo
999 2359 1195 2402 homines
1209 2359 1253 2402 in
1270 2375 1358 2403 una
1374 2359 1590 2404 Ecclesia?
1604 2360 1710 2419 quid

328 2440 418 2475 tam
431 2429 561 2488 longe
578 2463 589 2484 ,
607 2443 740 2488 quam
760 2428 965 2488 iniquitas
982 2444 1005 2472 a
1024 2429 1215 2488 justitia?
1232 2429 1314 2474 Ubi
1329 2430 1444 2474 enim
1466 2431 1705 2485 consensio,
1750 2455 1751 2462 κ

381 2520 389 2537 ¹
406 2513 520 2547 Matth.
536 2524 603 2554 xui,
623 2511 742 2555 27-43.
761 2528 803 2535 —
821 2518 834 2535 ⁸
853 2511 935 2544 Ibid.
955 2513 1010 2545 26.
1029 2529 1071 2536 —-
1087 2511 1100 2536 3
1118 2514 1189 2546 lsai.
1210 2524 1288 2556 xxn,
1305 2513 1355 2555 13,
1380 2518 1413 2546 et
1432 2524 1443 2545 1
1466 2516 1538 2547 Cor.
1562 2524 1616 2556 xv,
1632 2514 1682 2546 32.

1738 2978 1785 3253 ιζ-ἶῇη-
