1815 3253
366 187 450 224 220
802 196 836 225 s.
872 197 1102 228 Auous‘rrm
1131 202 1313 229 nmscom

363 263 471 305 Nam
494 261 665 305 nullum
693 262 843 306 lumen
865 264 1096 310 exaltatum
1117 301 1128 321 ‚
1163 267 1243 310 nisi
1265 265 1477 311 Christus.
1511 265 1741 318 Quomodo
1792 288 1797 314 ,¹

362 331 598 376 exaltatum
616 335 709 377 est?
733 335 877 378 Primo
900 336 943 378 in
966 352 1094 380 cruce
1112 347 1282 396 :postea
1303 338 1346 380 in
1371 335 1498 381 coelo.
1519 335 1742 381 Exaltatus
1792 355 1796 389 ς·

362 402 408 445 in
436 418 589 458 cruce,
630 419 730 447 cum
764 404 1093 464 humiliaretur3
1128 408 1202 451 sed
1233 406 1477 451 humiliatio
1507 406 1622 450 illius
1654 422 1743 451 non

362 473 505 531 potuit
522 473 603 517 nisi
623 473 710 518 alta
727 490 832 518 esse.
853 477 1048 520 Hominis
1070 477 1330 536 dispensatio
1352 477 1496 520 minus
1512 476 1743 536 minusque
1789 505 1792 523 ε

361 543 494 586 fiebat
510 578 520 598 ,
546 560 644 604 quae
667 545 991 603 significabatur
1023 546 1069 589 in
1092 549 1258 591 Joanne
1279 567 1290 604 3
1319 546 1393 590 Dei
1417 546 1676 605 dispensatio
1697 546 1744 590 in
1789 537 1791 539 ¹

361 614 547 657 Domino
565 624 713 659 nostro
736 617 838 659 Jesu
856 615 1028 660 Christo
1051 617 1271 661 crescebat
1292 637 1300 662 :
1321 616 1442 677 quod
1464 625 1508 660 et
1528 616 1744 660 natalibus
1787 620 1790 675 J

362 698 513 726 eorum
542 684 800 728 ostenditur.
825 688 934 730 Nam
953 684 1026 729 ille
1048 695 1175 730 natus
1197 695 1284 741 est,
1308 687 1418 730 sicut
1440 685 1572 730 tradit
1593 685 1746 730 Eccle-
1786 725 1788 732 ,

361 754 443 808 sia,
479 764 632 799 octavo
669 755 886 800 Kalendas
919 757 1054 801 Julias
1074 792 1085 812 ‚
1117 773 1217 801 cum
1250 759 1339 817 jam
1370 757 1586 816 incipiunt
1607 756 1745 800 minui
1784 753 1788 784 ἶ

361 826 451 869 dies
484 845 492 870 :
536 828 744 871 Dominus
782 837 927 871 autem
965 837 1091 872 natus
1130 838 1284 873 octavo
1327 827 1543 872 Kalendas
1579 830 1743 872 Janua-

360 896 463 950 rias,
496 896 673 956 quando
702 898 791 957 jam
821 897 910 942 dies
946 898 1162 957 incipiunt
1204 914 1409 943 crescere.
1451 897 1569 942 Audi
1604 898 1745 957 ipsum

361 969 573 1011 Joannem
596 970 877 1012 confitentem
900 988 908 1013 z
938 989 958 1011 «
984 969 1115 1014 Illum
1137 978 1308 1030 oportet
1325 985 1515 1014 crescere
1534 1004 1545 1024 ,
1571 984 1641 1012 me
1664 984 1744 1012 au-

361 1056 381 1079 »
420 1048 504 1082 tem
531 1040 710 1083 minui1.
735 1058 754 1081 »
786 1044 841 1084 Et
863 1042 1077 1100 passiones
1101 1043 1293 1100 ipsorum
1318 1042 1401 1085 hoc
1428 1040 1637 1084 indicant.
1656 1043 1744 1084 Do-
1772 1082 1775 1093 ,
1812 1068 1815 1094 ;

359 1108 501 1152 minus
523 1110 566 1152 in
591 1125 719 1153 cruce
750 1111 959 1154 exaltatus
978 1120 1040 1154 est
1056 1147 1066 1165 ‚
1086 1110 1158 1154 ille
1181 1127 1291 1155 caeso
1313 1112 1452 1170 capite
1474 1109 1738 1154 deminutus.
1778 1164 1780 1169 Α

359 1181 475 1237 Ergo
502 1178 650 1223 lumen
675 1180 932 1235 exaltatum,
959 1181 1155 1225 Christus
1180 1201 1188 1226 z
1214 1181 1316 1224 inde
1349 1190 1411 1224 est
1438 1196 1506 1223 ros
1530 1183 1738 1224 Hermon.
1778 1175 1780 1179 ’

361 1247 444 1292 Sed
472 1249 738 1308 quicumque
770 1249 901 1293 vultis
930 1251 1125 1294 habitare
1158 1252 1203 1294 in
1231 1266 1367 1294 unum
1387 1259 1569 1309 ,optate
1599 1264 1742 1294 rorem

356 1317 510 1370 istum
543 1320 843 1378 compluimini
872 1320 987 1364 inde.
1031 1321 1237 1380 Alioquin
1270 1336 1359 1364 non
1381 1321 1574 1379 poteritis
1596 1330 1743 1364 tenere
1767 1318 1775 1390 l
1808 1354 1812 1367 ι

358 1389 478 1449 quod
502 1391 787 1471 profitemini,
815 1407 894 1435 nec
914 1393 1106 1451 profiteii
1129 1391 1288 1469 audere
1308 1391 1528 1470 poteritis,
1566 1392 1647 1435 nisi
1669 1391 1769 1438 ille.
1766 1396 1770 1423 ⁵
1814 1420 1815 1427 1

358 1532 467 1575 desit
495 1532 617 1577 vobis
654 1553 662 1578 :
693 1534 782 1592 ipsa
820 1534 935 1577 enim
966 1533 1113 1592 sagina
1147 1533 1372 1577 descendit
1408 1547 1539 1591 super
1575 1541 1770 1576 montes
1805 1581 1809 1585 Α

361 1602 479 1646 Sion.
1804 1653 1806 1657 ι

414 1675 516 1717 ΧΠ.
555 1677 652 1717 Jam
682 1693 702 1716 «
737 1677 906 1719 Montes
931 1675 1060 1729 Sion
1090 1674 1280 1732 »magni
1313 1674 1358 1717 in
1385 1674 1502 1718 Sion.
1534 1673 1651 1726 Quid
1679 1683 1744 1720 est

360 1744 493 1788 Sion?
514 1744 715 1788 Ecclesia.
740 1747 796 1788 Et
817 1744 892 1804 qui
914 1745 975 1788 ibi
995 1753 1096 1788 sunt
1113 1746 1311 1788 montes?
1333 1745 1493 1802 Magni.
1521 1747 1638 1797 Quos
1662 1744 1743 1802 sig·
1758 1766 1762 1815 Ι
1806 1776 1808 1785 1

357 1813 537 1857 nificant
568 1823 761 1869 montes,
794 1815 872 1858 hos
907 1815 1118 1872 sionificat
1154 1815 1309 1869 balba,
1336 1815 1413 1858 hos
1435 1814 1648 1873 significat
1669 1830 1760 1883 oraj
1804 1843 1812 1869 ψ

357 1893 537 1929 vesum<
542 1893 618 1927 nti
656 1884 794 1928 Barba
823 1901 912 1928 non
944 1884 1199 1942 intelligitur
1222 1885 1303 1928 nisi
1334 1884 1379 1927 in
1407 1883 1620 1943 perfectis.
1647 1886 1778 1931 Noni·
1804 1914 1815 1942 ῃ

357 1970 458 2012 ergo
487 1955 687 1999 habitant
725 1957 769 1999 in
807 1971 972 2011 unum,
1009 1956 1090 1999 nisi
1125 1956 1168 1998 in
1203 1956 1363 2015 quibus
1396 1955 1587 2014 perfecta
1613 1953 1743 1998 fuerit
1812 2010 1814 2012 .

357 2026 541 2069 charitas
572 2026 746 2070 Christi.
775 2029 883 2071 Nam
906 2027 951 2069 in
974 2026 1133 2086 quibus
1151 2042 1239 2070 non
1259 2035 1321 2069 est
1343 2026 1534 2084 perfecta
1558 2026 1742 2069 charitas
1774 2039 1776 2042 ’
1802 2058 1804 2065 .

358 2097 544 2152 Christi,
580 2106 622 2140 et
642 2113 741 2141 cum
776 2098 819 2140 in
842 2113 931 2141 uno
959 2098 1043 2141 sint
1062 2133 1072 2151 ‚
1107 2096 1243 2141 odiosi
1267 2106 1390 2150 sunt,
1415 2095 1583 2139 molesti
1607 2105 1738 2151 sunt,
1762 2110 1767 2111 ⁷
1808 2127 1811 2141 1

358 2167 601 2211 turbulenti
635 2177 759 2219 sunt,
787 2168 999 2210 anxietate
1030 2183 1105 2210 sua
1132 2167 1311 2210 turbant
1333 2176 1532 2220 caeteros,
1558 2176 1600 2210 ct
1618 2182 1741 2226 quae-

359 2248 461 2282 runt
490 2239 597 2299 quid
632 2238 686 2282 de
707 2238 790 2282 illis
811 2238 983 2283 dicant:
1009 2238 1268 2298 quomodo
1259 2254 1303 2281 ln
1333 2240 1538 2297 junctura
1567 2238 1742 2297 inquie-
1796 2267 1814 2298 5

357 2319 450 2354 tum
490 2311 739 2368 jumentum
778 2325 866 2353 non
905 2307 1044 2352 solum
1080 2324 1169 2353 non
1194 2308 1352 2362 trahit,
1393 2308 1469 2351 sed
1501 2317 1544 2351 et
1582 2307 1742 2365 frangit

358 2379 550 2423 calcibus
572 2378 690 2439 quod
707 2380 908 2438 junctum
929 2387 1005 2422 est.
1033 2379 1074 2423 Si
1097 2388 1241 2422 autem
1265 2378 1399 2422 habet
1419 2396 1439 2419 «
1456 2381 1616 2422 Rorem
1637 2381 1743 2421 Her·
1796 2406 1804 2432 :r

364 2468 385 2490 »
419 2465 547 2504 mon,
576 2449 651 2509 qui
673 2447 896 2495 descendit
912 2464 1041 2509 super
1063 2459 1232 2494 montes
1255 2448 1380 2503 Sion,
1399 2466 1420 2491 »
1445 2448 1634 2508 quietus,
1648 2447 1741 2507 pla·
1796 2444 1805 2509 ’χ

410 2540 420 2557 ¹
446 2536 536 2569 Joan.
560 2545 608 2575 111,
628 2534 680 2567 30.
