1815 3253
394 240 634 270 mummio
667 243 712 270 nv
744 240 945 270 rsAmanM
978 242 1067 268 cxi„
1329 230 1412 268 357

28 309 161 354 modo
179 308 319 352 innuit
340 308 575 367 Scriptura,
592 324 692 368 quac
716 308 931 351 neminem
948 307 1115 366 palpat,
1137 315 1178 350 ct
1197 308 1417 351 convincit

28 380 130 441 quia
153 394 242 423 non
271 388 311 422 te
325 377 486 436 diligis,
506 378 594 422 imo
617 378 836 422 convincit
863 377 964 437 quia
983 386 1026 419 ct
1059 377 1185 420 odisti
1209 386 1265 420 te.
1290 397 1308 418 «
1330 379 1415 431 Qui

30 468 51 491 »
86 458 248 503 autem,
263 448 420 509 inquit,
437 447 580 506 diligit
596 448 885 508 iniquitatem,
902 447 994 491 odit
1008 447 1197 490 animam
1213 450 1370 491 suam¹.
1393 466 1412 488 n

30 521 73 566 Si
93 535 194 579 ergo
217 519 358 578 diligis
382 518 678 579 iniquitatem,
703 528 829 578 putas
853 517 971 577 quod
998 526 1037 561 te
1073 518 1215 576 ipsum
1237 517 1416 575 diligas?

28 594 171 637 Erras.
199 594 263 635 Ita
286 600 328 635 et
359 590 604 649 proximum
631 589 835 649 diligens,
874 588 929 633 ad
957 589 1229 649 iniquitatem
1253 587 1385 632 duces
1402 623 1413 644 ‚

27 671 70 707 et
88 661 263 706 dilectio
280 671 354 705 tua
376 660 558 721 laqueus
580 661 662 705 erit
679 659 841 704 dilecti.
862 678 881 701 «
902 659 1099 704 Charitas
1116 674 1220 718 ergo
1237 657 1292 702 de
1304 674 1417 719 puro

29 751 49 775 »
85 731 215 778 corde
252 742 336 787 est,
373 748 472 792 quae
503 742 567 776 est
603 730 845 776 secundum
869 733 1007 774 Deum
1033 765 1043 785 ,
1082 739 1126 774 et
1154 730 1419 774 conscientia

27 821 50 846 »
86 804 199 848 bona
215 839 225 857 ,
246 812 288 847 et
307 804 391 847 fide
404 819 493 847 non
506 804 649 848 ficta2.
672 821 692 844 »
710 806 795 847 Ista
808 802 993 846 charitas
1011 801 1190 845 definita
1209 802 1264 845 ab
1284 805 1419 861 Apos—

25 873 136 929 tolo,
161 875 294 918 habet
313 873 402 918 duo
425 884 664 934 praecepta,
696 873 939 918 dilectionis
968 874 1066 927 Dei,
1100 882 1144 917 et
1176 871 1418 918 dilectionis

24 944 223 1006 proximi.
254 947 304 987 In
324 944 455 988 nullis
476 945 706 1004 Scripturis
729 943 849 988 aliud
873 943 1122 1004 requiratis,
1144 959 1273 988 nemo
1294 943 1419 988 vobis

25 1014 144 1060 aliud
169 1016 403 1074 praecipiat.
429 1014 654 1074 Quidquid
673 1015 907 1058 obscurum
922 1014 1040 1058 estin
1061 1014 1305 1074 Scriptura,
1322 1015 1420 1058 haec

23 1086 85 1130 ibi
108 1085 280 1130 occulta
303 1094 392 1129 est:
420 1084 637 1145 quidquid
662 1084 722 1128 ibi
745 1084 925 1144 planum
956 1094 1041 1139 est,
1066 1085 1160 1128 haec
1182 1085 1243 1128 ibi
1272 1094 1421 1144 aperte

26 1165 102 1200 est.
134 1157 176 1201 Si
196 1171 412 1215 nusquam
439 1164 587 1216 aperta
601 1163 727 1209 esset,
743 1170 831 1199 non
847 1163 890 1198 te
910 1163 1130 1214 pasceret:
1157 1155 1191 1198 si
1203 1170 1422 1215 nusquam

26 1227 219 1281 occulta,
245 1243 335 1270 non
360 1235 400 1270 te
424 1235 655 1270 exerceret.
683 1228 787 1270 Haec
814 1225 999 1270 charitas
1029 1225 1188 1269 clamat
1210 1224 1265 1269 de
1287 1225 1420 1270 corde

24 1314 135 1358 puro
150 1333 160 1353 ,
187 1298 242 1341 de
261 1296 391 1342 corde
413 1297 567 1341 talium
583 1297 627 1340 in
641 1297 707 1340 his
725 1296 888 1351 verbis,
906 1296 1045 1356 qualis
1061 1296 1132 1340 hic
1154 1294 1288 1340 modo
1305 1305 1416 1341 orat.

25 1371 82 1413 Et
104 1369 200 1429 quis
224 1369 302 1412 iste
324 1368 399 1421 sit,
423 1367 509 1412 cito
535 1367 718 1411 dixerim
737 1403 747 1422 ‚
775 1367 972 1412 Christus
992 1376 1070 1411 est.

86 1443 166 1483 Ill.
191 1439 395 1483 Audituri
413 1448 559 1482 autem
574 1438 674 1482 estis
696 1438 831 1482 verba
856 1454 955 1498 quae
978 1438 1032 1481 de
1061 1437 1248 1482 Domino
1274 1446 1422 1482 nostro

24 1514 128 1556 Jesu
149 1511 321 1555 Christo
343 1510 523 1569 indigne
546 1510 842 1569 accipiuntur,
861 1519 902 1553 et
920 1509 1094 1568 putabit
1110 1525 1267 1569 parum
1296 1508 1423 1553 intel-

23 1581 161 1640 ligens
192 1590 351 1624 temere
385 1596 455 1624 me
488 1580 645 1624 dixisse
667 1580 827 1624 Christi
863 1595 951 1623 esse
986 1594 1215 1640 personam
1255 1579 1301 1623 in
1338 1579 1422 1624 hoc

26 1651 211 1697 Psalmo.
239 1650 471 1704 Quomodo
507 1651 622 1694 enim
652 1659 795 1710 potest
829 1649 883 1693 de
917 1651 1103 1694 Domino
1133 1659 1281 1694 nostro
1317 1652 1423 1694 Jesu

26 1722 214 1776 Christo,
241 1721 296 1765 de
318 1720 394 1765 illo
409 1724 534 1779 Agno
557 1720 856 1775 immaculato,
878 1720 932 1764 de
954 1720 1030 1765 illo
1049 1721 1092 1764 in
1112 1737 1201 1781 quo
1221 1720 1313 1765 solo
1331 1737 1422 1765 non

26 1803 88 1838 est
109 1794 338 1838 inventum
361 1801 588 1852 peccatum
601 1827 612 1846 ,
638 1792 713 1852 qui
729 1791 844 1836 solus
858 1792 1078 1836 verissime
1096 1791 1241 1837 dicere
1257 1793 1418 1852 potuit,

29 1883 49 1907 «
83 1867 196 1909 Ecce
218 1864 338 1907 venit
360 1863 560 1923 princeps
578 1863 734 1906 mundi
753 1863 884 1923 hujus
904 1898 915 1918 ,
943 1872 985 1906 et
1002 1864 1048 1906 in
1071 1878 1137 1907 me
1162 1862 1272 1907 nihil
1296 1863 1421 1907 inve-

27 1953 48 1977 »
82 1935 214 1978 niet3.
240 1933 326 1978 »id
349 1943 439 1989 est,
471 1933 637 1977 nullam
662 1933 861 1992 culpam,
905 1933 1077 1978 nullum
1115 1942 1286 1978 reatum
1315 1935 1422 1995 :qui

24 2005 140 2050 solus
163 2003 284 2065 quod
304 2020 393 2049 non
408 2003 577 2063 rapuit,
603 2003 832 2048 exolvebat
846 2004 862 2029 4
885 2024 895 2061 3
916 2004 992 2064 qui
1011 2003 1420 2049 solusinnocentem

26 2076 281 2135 sanguinem
325 2074 461 2129 fudit,
499 2074 635 2119 Filius
666 2075 743 2118 Dei
778 2074 933 2118 unicus
967 2090 1142 2119 carnem
1179 2075 1418 2134 accipiens,

24 2161 114 2191 non
130 2162 215 2206 qua
235 2146 327 2205 ipse
344 2145 634 2199 minueretur,
662 2144 738 2189 sed
755 2161 841 2205 qua
864 2161 942 2189 nos
966 2154 1145 2204 augeret
1165 2164 1172 2188 :
1195 2144 1421 2204 quomodo

0 2221 2 2247 ¹
27 2233 128 2277 ergo
146 2218 200 2261 de
221 2217 301 2261 ista
333 2232 517 2276 persona
550 2225 666 2261 recte
697 2216 932 2276 accipitur,
974 2236 994 2258 «
1037 2220 1182 2272 Pone,
1211 2217 1416 2273 Domine,

29 2307 51 2331 »
84 2288 323 2333 custodiam
352 2289 417 2332 ori
439 2304 538 2333 meo
553 2324 564 2343 ‚
590 2298 632 2332 et
646 2288 804 2332 ostium
825 2288 1107 2332 continentiae
1122 2288 1284 2332 circum
1303 2287 1420 2333 labia

30 2377 50 2402 n
85 2374 203 2414 mea,
231 2368 279 2402 ut
303 2374 393 2402 non
424 2357 614 2403 declines
644 2374 718 2403 cor
740 2374 886 2403 meum
919 2359 964 2403 in
991 2360 1123 2403 verba
1152 2359 1340 2418 maligna
1364 2358 1420 2403 ad

31 2448 51 2472 »
86 2430 348 2475 excusandas
370 2431 667 2475 excusationes
684 2431 730 2474 in
757 2432 942 2491 peccatis
958 2433 1000 2476 ⁵?
1023 2450 1043 2472 η
1071 2429 1419 2476 Manifestissime

77 2535 86 2552 ¹
107 2529 189 2561 Psal.
213 2540 246 2570 x,
263 2529 297 2562 6.
319 2546 359 2553 -·-
376 2535 388 2553 ²
411 2540 423 2561 1
447 2529 527 2562 Tim.
548 2540 558 2561 1
577 2528 607 2560 5.
633 2546 674 2551 -
696 2526 709 2551 3
727 2531 820 2562 Joan.
840 2540 907 2570 xiv,
928 2529 980 2561 30.
1000 2546 1041 2552 -
1058 2527 1075 2558 4
1097 2528 1178 2561 Psal.
1197 2539 1307 2569 vaul,
1325 2527 1356 2560 5.
1374 2544 1416 2550 —

32 2582 46 2607 ⁵
63 2585 109 2616 Id.
131 2595 198 2624 cu,
272 2585 303 2625 4.
