1815 3253
381 204 624 238 ENAnnAno
656 209 702 238 IN
734 208 938 241 PsALMUM
968 212 1081 241 exn.
1336 200 1422 241 385

40 380 282 398 ἊΜΛΛΑΊΜΜ
286 381 355 399 ΝΛΜ
359 382 1422 403 ΜΜΜΜΜΜΜΜΜΜΜΜΜΜΜΜΙΜΝΛΜΜΜΜΜΜ

549 519 934 569 ENARRATIO

413 681 473 720 ΙΝ
533 681 837 723 PSALMUM
885 681 1048 723 CXLI.

508 837 658 882 Sermo
681 835 737 882 ad
758 837 948 897 plebem.

92 969 127 1011 Ι.
156 969 453 1014 SOLEMNITATI
491 974 769 1029 Martyrum,
804 972 916 1017 sieut
948 971 1124 1016 devotio
1161 972 1427 1017 celebritatis

33 1047 210 1094 vestrae,
237 1039 296 1084 ita
314 1049 473 1084 nostrae
495 1042 713 1086 servitutis
741 1057 883 1086 sermo
916 1041 1119 1086 debetur.
1155 1042 1241 1086 Sed
1271 1042 1427 1086 memi-

9 1109 144 1162 fnisse
178 1119 350 1170 oportet
382 1112 652 1157 Charitatem
690 1115 917 1169 Vestram,
953 1114 1156 1159 hesterno
1192 1114 1262 1158 die
1295 1129 1427 1174 quam

31 1179 170 1224 multa
188 1180 304 1226 dieta
321 1181 421 1225 sint.
450 1185 549 1228 Non
570 1184 687 1227 enim
709 1184 813 1244 quia
835 1193 1013 1244 propter
1036 1183 1285 1229 aviditatem
1308 1185 1424 1229 inte-

10 1245 12 1294 ἶ
32 1250 154 1295 rioris
176 1252 259 1296 oris
285 1253 414 1297 vestri
436 1268 513 1312 per
547 1263 691 1299 totum
727 1270 974 1299 sermonem
997 1263 1210 1316 tanquam
1232 1264 1428 1300 recentes

32 1320 242 1378 affuistis,
283 1333 511 1384 propterea
540 1326 736 1370 oblivisci
772 1326 983 1370 debemus
1004 1326 1266 1371 infirmitatis
1304 1343 1428 1372 com-

0 1412 1 1415 *
31 1394 174 1437 munis
201 1413 210 1438 :
233 1395 375 1454 primo
397 1395 500 1454 quia
529 1405 571 1440 et
588 1396 804 1441 honorare
834 1405 1007 1456 oportet
1028 1397 1161 1441 verba
1185 1397 1392 1457 praeclara
1413 1433 1424 1454 ,

0 1471 1 1476 ’
32 1463 146 1508 sieut
166 1464 377 1524 seriptum
400 1474 489 1521 est,
516 1466 728 1511 Praeelara
755 1476 901 1511 autem
929 1467 1060 1511 verba
1090 1468 1312 1527 sapientiae
1335 1472 1426 1513 Do-

0 1542 2 1548 ’
31 1533 139 1577 mini
162 1534 239 1578 Dei
261 1544 377 1579 sunt.
396 1539 476 1579 Per
498 1551 576 1580 nos
600 1545 808 1597 tanquam
832 1552 909 1596 per
931 1537 1106 1582 vaseula
1127 1538 1252 1582 vobis
1273 1539 1427 1582 minis-

0 1609 15 1661 '.
34 1614 205 1650 trantur
226 1624 235 1651 ε
260 1615 302 1650 et
323 1606 357 1649 si
391 1606 540 1651 fictilia
577 1616 679 1652 sunt
710 1623 837 1663 vasa,
876 1609 953 1652 sed
990 1609 1112 1667 panis
1135 1609 1321 1653 coelestis
1344 1619 1422 1653 est.

0 1666 16 1740 ’ἦ
33 1674 267 1736 Apostolus
284 1676 412 1722 dicit:
439 1696 458 1718 «
480 1678 703 1721 Habemus
724 1677 977 1722 thesaurum
1000 1678 1132 1722 istum
1154 1679 1200 1722 in
1221 1680 1331 1724 vasis
1354 1680 1429 1724 fie-

0 1741 55 1827 *j»
89 1747 263 1803 tilihus,
305 1757 355 1792 ut
392 1749 628 1793 eminentia
659 1749 832 1794 virtutis
868 1750 922 1794 sit
954 1750 1080 1793 Dei1.
1111 1768 1131 1791 »
1167 1752 1254 1803 Qui
1277 1760 1425 1795 autem

31 1818 260 1864 thesaurus
280 1853 290 1874 ,
312 1818 429 1862 idem
453 1828 496 1863 et
513 1820 652 1879 panis.
676 1822 784 1865 Nam
819 1820 853 1864 si
874 1836 963 1864 non
985 1820 1102 1864 idem
1120 1830 1231 1865 esset
1249 1822 1426 1867 thesau-

14 1901 105 1933 ⁵rus
129 1899 172 1933 et
189 1888 312 1949 panis
333 1924 343 1944 ,
376 1905 465 1934 non
498 1889 553 1933 de
574 1891 667 1949 ipso
690 1891 894 1935 thesauro
917 1890 1021 1935 alibi
1042 1891 1251 1951 seriptum
1276 1902 1385 1938 esset
1410 1912 1419 1938 :

15 1973 17 2016 ς
37 1980 58 2006 «
94 1963 337 2006 Thesaurus
363 1961 660 2007 desiderabilis
682 1963 913 2023 requiescit
935 1963 981 2007 in
1003 1979 1077 2008 ore
1099 1964 1302 2023 sapientis
1316 2000 1332 2021 ,
1358 1965 1425 2010 vir

16 2029 57 2100 {n
91 2043 238 2078 autem
270 2034 429 2078 stultus
452 2033 581 2093 glutit
608 2034 732 2079 illum
747 2038 779 2079 2.
804 2052 824 2076 >›
847 2033 973 2080 Unde
996 2035 1282 2080 admonemus
1305 2037 1422 2082 Cha-

15 2104 204 2150 lritatem
225 2107 422 2149 Vestram
440 2141 450 2160 ‚
486 2114 536 2149 ut
571 2121 619 2149 ea
652 2121 752 2166 quae
790 2104 1010 2150 audiendo
1032 2115 1243 2167 tanquam
1270 2117 1422 2152 ventre

33 2176 253 2221 memoriae
276 2175 461 2220 conditis
478 2211 488 2231 ‚
514 2192 660 2220 rursus
681 2174 947 2221 revolvendo
977 2185 1020 2220 et
1048 2177 1283 2235 cogitando
1311 2195 1425 2239 quo-

28 2245 134 2292 dam
156 2246 288 2291 modo
310 2246 551 2291 ruminetis.
579 2250 672 2291 Hoc
693 2256 756 2292 est
778 2248 892 2291 enim
910 2266 918 2292 :
939 2266 959 2289 «
985 2247 1231 2292 Thesaurus
1253 2249 1425 2294 deside-

36 2335 58 2360 »
92 2317 238 2362 rabilis
276 2318 507 2378 requiescit
544 2318 588 2361 in
627 2333 702 2362 ore
734 2318 964 2378 sapientis,
996 2318 1062 2363 vir
1084 2328 1232 2362 autem
1263 2320 1422 2366 stultus

39 2405 60 2432 »ι
94 2389 223 2447 glutit
243 2389 368 2433 illum
387 2390 419 2432 3.
448 2407 468 2430 »
494 2388 687 2432 Breviter
708 2388 815 2433 dixit
842 2408 850 2433 :
874 2389 1052 2449 Sapiens
1072 2390 1288 2446 ruminat,
1314 2393 1423 2436 stul-

36 2467 104 2505 tus
135 2477 225 2505 non
257 2460 462 2506 ruminat.
502 2463 596 2505 Hoc
624 2468 770 2504 autem
804 2469 953 2520 aperte
974 2469 1019 2505 et
1037 2460 1171 2506 latine
1194 2462 1304 2522 quid
1324 2466 1424 2508 est?

84 2563 92 2580 ¹
114 2567 133 2590 2
151 2560 225 2591 Cor.
245 2569 294 2600 iv,
312 2568 344 2600 7.
365 2574 407 2581 —
427 2564 440 2580 ²
460 2559 553 2590 Prov.
578 2568 643 2599 xxi,
660 2565 713 2591 20.
733 2573 774 2579 —-
794 2554 806 2580 3
830 2556 935 2589 Levit.
959 2567 1018 2599 xu,
1037 2557 1111 2591 2-8.

171 2623 295 2653 cxlx.
1160 2613 1213 2652 25
