1815 3253
359 199 443 236 200
795 204 829 233 s.
865 205 1095 236 Aucus-nm
1126 208 1307 236 Emscom

356 273 536 327 dicitur,
566 290 586 314 «
608 274 706 317 Non
722 271 837 315 enim
853 272 912 316 sic
936 281 1000 316 est
1013 281 1063 317 ut
1078 273 1227 329 homo,
1248 283 1297 318 ut
1312 275 1525 332 poeniteat
1542 290 1642 320 eum
1655 279 1686 321 ¹.
1708 295 1728 319 »

355 345 467 388 Cum
489 358 591 401 ergo
606 351 746 386 mutat
765 358 894 401 opera
912 358 987 387 sua
1018 358 1095 402 per
1122 344 1478 388 incommutabile
1507 346 1732 391 consilium

355 429 482 457 suum
500 434 510 470 3
528 422 703 472 propter
715 413 865 471 ipsam,
881 428 971 457 non
988 412 1170 468 consilii,
1190 414 1264 457 sed
1279 414 1417 473 operis
1431 416 1730 473 mutationem,

354 484 567 543 poenitere
584 482 756 527 dicitur.
777 485 870 526 Hoc
888 491 1035 525 autem
1047 482 1105 526 sic
1123 484 1335 542 promisit,
1360 493 1410 527 ut
1427 499 1516 528 non
1528 494 1729 530 mutaret.
1774 498 1776 514 ’

354 553 584 608 Quomodo
612 553 771 598 dicitur
799 562 843 596 et
880 552 1014 607 illud,
1059 571 1078 594 «
1112 554 1279 598 ,Iuravit
1307 554 1544 610 Dominus,
1574 564 1617 599 et
1643 571 1734 601 non

356 642 375 666 »
409 624 643 684 poenitebit
663 638 781 678 eum,
808 626 873 667 Tu
890 638 933 667 es
955 621 1152 667 sacerdos
1177 624 1222 667 in
1244 633 1455 668 aeternum
1493 625 1733 670 secundum

356 712 376 736 »
412 694 609 740 ordinem
622 693 984 739 Melchisedech2.
1003 711 1023 734 »
1047 693 1115 738 Sic
1130 702 1173 737 et
1187 695 1268 738 hoc
1281 695 1383 754 quia
1401 695 1460 738 ita
1477 696 1734 754 promissum

352 774 416 809 est
434 800 444 820 ,
469 773 519 809 ut
547 780 635 809 non
657 773 923 819 mutaretur,
964 764 1066 824 quia
1098 765 1335 809 necessario
1357 763 1556 809 futurum
1580 776 1672 810 erat
1692 776 1734 811 et
1796 782 1813 815 Α]

352 850 706 895 permansurum3
725 834 832 878 dixit
850 853 859 878 :
881 853 901 876 «
919 834 1088 878 Juravit
1105 834 1314 878 Dominus
1333 835 1471 879 David
1490 835 1730 892 veritatem,

355 923 377 947 »
411 915 455 950 et
474 921 563 950 non
591 904 825 965 poenitebit
850 898 955 948 'eum
983 906 1079 949 :Ex
1111 902 1257 948 fructu
1280 906 1441 960 ventris
1473 906 1537 948 tui
1575 921 1733 965 ponam

355 993 376 1016 »
411 991 540 1035 super
561 975 708 1020 sedem
742 983 877 1018 tuam.
913 991 933 1015 >›
960 977 1134 1018 Poterat
1167 973 1333 1029 dicere,
1360 994 1380 1017 «
1404 978 1470 1019 Ex
1492 973 1639 1020 fructu
1667 975 1733 1021 fe-

352 1063 373 1087 »
408 1046 539 1089 moris
555 1045 620 1089 tui
635 1046 696 1088 ³.»
714 1046 908 1098 Quare‚«
929 1046 993 1087 Ex
1010 1042 1156 1087 fructu
1171 1044 1353 1099 ventris,
1374 1044 1550 1089 »voluit
1567 1045 1734 1091 dicere?
1770 1067 1772 1096 i

350 1118 409 1160 Et
429 1114 541 1159 illud
559 1114 735 1174 quidem
753 1115 786 1158 si
802 1114 985 1168 diceret,
1003 1129 1155 1157 verum
1177 1113 1338 1158 diceret
1366 1132 1375 1158 :
1401 1115 1476 1158 sed
1498 1116 1733 1173 significan·
1770 1123 1771 1134 ¹

350 1185 437 1229 tius
458 1184 601 1229 dicere
623 1183 776 1238 voluit,
803 1186 902 1227 «Ex
924 1182 1071 1227 fructu
1094 1183 1254 1227 ventris
1273 1204 1284 1241 3
1310 1201 1331 1225 »
1358 1184 1459 1244 quia
1481 1184 1535 1228 de
1553 1184 1732 1230 foemina

353 1263 482 1299 natus
505 1263 568 1298 est
589 1254 786 1299 Christus
805 1288 816 1308 ,
841 1269 929 1313 quo
945 1254 1012 1297 vir
1032 1268 1121 1297 non
1145 1254 1335 1298 accessit.

409 1326 532 1368 XIX.
559 1323 675 1376 Quid
697 1324 830 1380 ergo?
856 1342 875 1365 «
902 1323 1070 1367 Juravit
1092 1323 1302 1367 Dominus
1322 1323 1460 1367 David
1479 1323 1703 1369 veritatem
1719 1359 1730 1380 ,
1767 1311 1769 1353 l

355 1412 377 1436 «
411 1396 480 1438 Ex
499 1391 649 1437 fructu
684 1393 846 1437 ventris
873 1392 940 1436 tui
975 1408 1136 1451 ponam
1170 1407 1298 1452 super
1333 1392 1478 1436 sedem
1507 1403 1628 1438 tuam
1654 1413 1664 1438 ε
1692 1395 1735 1439 Si
1766 1393 1768 1449 ξ

354 1482 375 1505 »
408 1463 692 1509 custodierint
708 1463 785 1506 filii
804 1462 867 1506 tui
885 1472 1191 1507 testamentum
1219 1478 1389 1518 meum,
1420 1472 1463 1507 et
1490 1464 1735 1509 testimonla
1765 1497 1767 1513 ,

353 1552 375 1576 »
410 1549 506 1577 mea
528 1535 621 1577 haec
638 1549 736 1592 quae
762 1532 931 1576 docebo
949 1531 1068 1589 illos,
1085 1541 1128 1576 et
1148 1531 1226 1575 filii
1254 1548 1404 1577 eorum
1424 1533 1640 1577 sedebunt
1657 1548 1733 1578 us·
1765 1537 1767 1570 ὶ

353 1623 375 1646 »
411 1620 497 1664 que
518 1605 564 1648 in
585 1613 801 1647 aeternum
824 1618 953 1662 super
974 1602 1119 1647 sedem
1145 1605 1308 1647 tuam4.
1337 1622 1356 1645 »
1386 1604 1429 1648 Si
1450 1603 1527 1647 filii
1548 1605 1613 1647 tui
1632 1620 1732 1649 cus·
1764 1650 1765 1666 ¹

351 1674 581 1728 todierint,
607 1682 649 1717 et
682 1671 759 1716 filii
781 1688 930 1717 eorum
961 1672 1177 1717 sedebunt
1197 1673 1243 1716 in
1277 1682 1504 1717 aeternum.
1529 1675 1733 1718 Meritum

351 1744 447 1788 filiis
469 1753 667 1803 parentes
703 1742 883 1787 faciunt.
910 1743 1026 1795 Quid
1049 1742 1082 1786 si
1105 1741 1181 1785 filii
1207 1742 1340 1801 ipsius
1372 1743 1665 1797 custodirent,
1691 1753 1733 1788 et

351 1815 430 1859 filii
463 1830 614 1859 eorum
634 1830 723 1858 non
756 1812 1054 1858 custodirent?
1087 1816 1228 1866 Quare
1251 1813 1306 1857 ad
1337 1813 1540 1857 meritum
1565 1823 1735 1873 patrum
1761 1819 1764 1862 ζ

350 1885 619 1945 promittitur
648 1883 876 1928 beatitudo
899 1884 1113 1928 filiorum?
1137 1883 1249 1937 Quid
1268 1884 1382 1927 enim
1417 1883 1497 1938 ait,
1523 1903 1539 1923 «
1571 1884 1612 1928 Si
1635 1900 1735 1929 cus·

354 1974 375 1997 »
412 1956 618 2000 todierint
638 1954 715 1999 filii
733 1954 819 2010 tui,
840 1964 884 1998 et
900 1954 977 1998 filii
1000 1969 1149 2001 eorum
1161 1953 1375 1998 sedebunt
1388 1955 1434 1997 in
1452 1963 1664 1998 aeternum
1683 1970 1692 1995 z
1711 1973 1732 1996 »

352 2028 466 2084 (non
489 2026 570 2080 ait,
610 2025 650 2069 Si
686 2024 968 2069 custodierint
996 2024 1074 2068 filii
1092 2024 1177 2079 tui,
1204 2024 1420 2068 sedebunt
1441 2040 1569 2084 super
1591 2023 1735 2069 sedem

352 2105 473 2140 tuam
492 2116 503 2153 3
527 2094 605 2138 etsi
622 2094 906 2139 custodierint
923 2094 1000 2138 filii
1017 2109 1167 2138 eorum
1185 2128 1196 2148 ,
1221 2103 1264 2137 et
1276 2094 1355 2152 ipsi
1375 2093 1591 2138 sedebunt
1608 2109 1736 2153 super

352 2166 499 2209 sedem
528 2174 647 2209 tuam
673 2184 681 2209 :
721 2165 794 2208 sed
817 2165 899 2219 ait,
929 2183 949 2206 «
977 2164 1018 2209 Si
1052 2163 1126 2207 filii
1157 2164 1218 2207 tui
1246 2163 1557 2219 custodierint,
1591 2173 1634 2208 et
1658 2164 1734 2208 filii
1757 2157 1759 2202 l

1776 243 1779 262 l

354 2254 375 2277 »
410 2251 563 2280 eorum
601 2235 817 2280 sedebunt
848 2250 976 2294 super
1004 2234 1148 2279 sedem
1178 2243 1298 2278 tuam
1326 2237 1370 2292 z)
1392 2235 1471 2278 nisi
1503 2235 1603 2294 quia
1626 2235 1758 2301 filios3

352 2307 423 2351 hic
447 2307 586 2351 voluit
608 2305 788 2366 intelligi
811 2305 976 2351 fructus
993 2306 1213 2365 ipsorum?
1238 2325 1258 2348 «
1282 2306 1325 2350 Si
1345 2305 1421 2349 filii
1453 2306 1539 2360 tui,
1564 2306 1731 2366 inquit,

400 2408 410 2425 ¹
440 2414 453 2434 ι
480 2405 558 2445 Reg.
578 2414 644 2446 xv,
667 2414 700 2436 11
724 2407 758 2436 et
781 2411 835 2445 99.
857 2419 897 2426 ·-
917 2410 930 2426 ¹
957 2402 1036 2435 Psal.
1055 2413 1104 2435 cix
1121 2428 1130 2444 ,
1160 2402 1193 2444 4.
1223 2419 1263 2425 -
1296 2399 1309 2425 ²
1332 2404 1410 2435 Luc.
1436 2413 1470 2444 n,
1491 2414 1523 2444 7.
1552 2420 1589 2426 -
1608 2401 1625 2432 4
1650 2402 1755 2443 Psal.¹

351 2469 459 2498 cxxxi,
479 2470 530 2499 11,
555 2467 604 2490 19..
1754 2467 1755 2502 i
