1815 3253
370 204 450 240 292
807 212 839 236 s.
876 208 1103 238 AUGUSTIM
1138 212 1313 238 EPISCOPI

364 276 612 320 securitates
634 274 677 317 in
700 273 859 333 quibus
879 273 1062 331 gaudeas
1078 284 1293 334 quantum
1311 275 1388 329 vis,
1413 283 1456 318 ct
1477 290 1604 318 nemo
1625 274 1741 318 dicat
1776 319 1779 321 ,

363 346 442 390 tibi
468 347 705 403 :Tempera
728 352 784 387 te.
818 344 898 387 Hic
934 352 1079 387 autem
1112 344 1166 388 de
1195 344 1319 389 bonis
1351 345 1530 389 terrenis
1555 343 1742 403 gaudere

364 414 593 459 molestum
619 422 704 469 est,
736 421 779 457 et
815 412 1106 472 periculosum
1132 414 1283 472 nimis;
1307 429 1362 457 ne
1383 414 1442 458 sic
1479 413 1664 473 gaudeas
1691 421 1742 456 ut

361 486 538 540 haereas,
563 494 605 528 et
628 483 859 543 gaudendo
876 483 987 527 male
1009 499 1171 543 pereas.
1193 487 1302 529 Nam
1323 483 1442 528 unde
1460 487 1573 529 Deus
1592 484 1742 528 miscet

362 555 661 600 tribulationes
685 553 849 612 gaudiis
882 553 1078 609 terrenis,
1115 553 1197 598 nisi
1216 563 1266 598 ut
1294 554 1619 599 tribulationem
1640 569 1739 598 sen-

360 627 514 669 tientes
543 634 586 670 et
614 621 970 678 amaritudinem,
1010 623 1224 668 discamus
1253 633 1466 668 aeternum
1497 623 1740 668 desiderare

358 695 662 741 dulcedinem?

415 768 539 809 VIII.
565 762 679 817 Quid
712 778 815 822 ergo
832 762 941 822 petit
974 762 1199 808 videamus
1221 782 1230 808 ε
1253 778 1342 823 quo
1371 764 1525 808 merito
1556 763 1709 808 dixerit
1725 798 1737 819 ‚

363 855 384 878 «
403 835 502 880 Cito
525 833 680 878 exaudi
702 849 786 877 me.
817 851 836 875 »
864 832 981 886 Quid
999 833 1114 877 enim
1137 834 1265 893 petis,
1291 842 1341 877 ut
1363 833 1448 877 cito
1469 833 1741 878 exaudiaris?

363 925 384 948 «
418 903 730 964 Multiplicabis
750 918 834 947 me.
860 922 880 945 »
905 902 1054 948 Multis
1077 903 1215 948 modis
1236 902 1538 962 multiplicatio
1560 902 1742 961 intelligi

357 984 513 1035 potest.
540 977 618 1018 Est
639 971 942 1032 multiplicatio
964 982 1147 1017 terrenae
1161 974 1446 1032 generationis
1465 1008 1475 1029 ,
1498 972 1742 1018 secundum

357 1046 541 1106 primam
565 1054 732 1089 naturae
749 1054 908 1089 nostrae
926 1045 1273 1089 benedictionem
1285 1080 1296 1100 ‚
1317 1060 1448 1105 quam
1465 1044 1707 1090 audivimus
1729 1063 1738 1090 :

361 1136 383 1159 ι(
407 1115 596 1161 Crescite
624 1123 667 1158 et
684 1113 1032 1173 multiplicamini
1049 1149 1060 1169 ‚
1085 1123 1128 1158 et
1149 1114 1326 1173 implete
1346 1123 1499 1158 terram
1516 1149 1526 1169 ,
1543 1123 1586 1157 et
1607 1113 1742 1158 domi-

364 1205 384 1228 »
420 1184 586 1230 namini
622 1185 754 1244 ejus1.
784 1202 803 1224 »
839 1183 906 1228 Sic
941 1199 997 1227 ne
1035 1183 1108 1227 ille
1136 1183 1312 1228 volebat
1332 1183 1638 1243 multiplicari,
1664 1184 1741 1244 qui

358 1255 554 1309 dicebat,
584 1272 604 1296 t(
624 1254 722 1298 Cito
744 1252 900 1296 exaudi
923 1255 1017 1296 me?
1039 1272 1058 1294 »
1090 1256 1147 1297 Et
1180 1253 1258 1297 ista
1282 1253 1409 1312 plane
1437 1252 1741 1312 multiplicatio

356 1325 580 1370 fructuosa
598 1332 687 1378 est,
717 1332 761 1367 et
787 1338 877 1367 non
895 1323 1017 1367 venit
1041 1323 1122 1366 nisi
1149 1322 1204 1366 de
1224 1324 1529 1369 benedictione
1550 1324 1737 1369 Domini.

355 1401 379 1442 J
385 1413 453 1442 am
471 1395 577 1456 quid
594 1395 733 1444 dicam
757 1394 812 1440 de
833 1394 923 1438 aliis
937 1393 1401 1453 multiplicationibus?
1428 1395 1741 1455 Multiplicatus

356 1476 421 1512 est
440 1466 513 1510 illc
535 1481 662 1520 auro,
687 1464 760 1508 ille
785 1472 966 1522 argento
986 1499 996 1518 ‚
1022 1463 1096 1507 ille
1122 1479 1278 1523 pecore
1293 1499 1304 1520 ,
1345 1464 1418 1508 ille
1454 1465 1618 1510 familia
1633 1500 1645 1520 ‚
1669 1465 1741 1509 ille

354 1535 694 1597 possessionibus
710 1569 721 1589 ‚
735 1533 808 1577 ille
826 1533 891 1577 his
914 1534 1132 1578 omnibus.
1152 1534 1304 1579 Multae
1317 1544 1417 1579 sunt
1434 1544 1616 1579 terrenae
1630 1534 1742 1580 mul-

354 1606 669 1667 tiplicationes,
704 1602 872 1648 felicior
908 1613 1054 1648 autem
1075 1603 1266 1648 filiorum
1288 1624 1297 1649 :
1323 1621 1584 1665 quanquam·
1599 1606 1741 1650 homi-

356 1678 485 1721 nibus
513 1675 649 1720 avaris
677 1673 806 1718 etiam
835 1674 925 1732 ipsa
948 1672 1210 1718 foecunditas
1247 1674 1424 1719 molesta
1461 1684 1539 1719 est.
1570 1676 1742 1719 Timent

359 1748 477 1792 enim
489 1763 543 1790 ne
560 1760 772 1806 pauperes
790 1744 1110 1805 relinquantur,
1126 1745 1203 1804 qui
1216 1745 1341 1788 multi
1354 1746 1469 1790 nasci
1483 1754 1737 1805 potuerunt.

357 1821 467 1871 Quae
482 1814 728 1860 sollicitudo
751 1814 981 1874 plerosque
1003 1813 1060 1857 ad
1081 1814 1344 1873 impietatem
1369 1817 1511 1872 coegit
1527 1849 1538 1870 ,
1553 1824 1603 1859 ut
1625 1815 1741 1860 obli·
1766 1833 1771 1889 ,

358 1888 626 1932 viscerentur
653 1883 774 1944 quod
795 1893 993 1943 parentes
1023 1892 1188 1938 essent,
1223 1883 1430 1944 omnique
1462 1885 1741 1930 humanitatis
1807 1916 1810 1931 ‚

358 1959 521 2004 affectu.
542 1954 770 2014 expoliati,
807 1962 1074 2013 exponerent
1095 1954 1205 1998 filios
1226 1970 1324 1998 suos
1340 1989 1350 2007 ‚
1387 1964 1437 1999 ut
1457 1971 1528 2000 eos
1550 1954 1742 2000 facerent
1762 1898 1769 1997 1
1804 1981 1815 2010 ,ς,

358 2030 518 2075 alienos
531 2048 541 2084 3
556 2026 785 2086 projiceret
799 2041 898 2085 quae
917 2024 1326 2084 peperit‚colligeret
1337 2042 1434 2084 quae
1450 2041 1537 2069 non
1549 2026 1715 2085 peperit
1726 2046 1738 2084 3
1806 2070 1815 2082 ¹,

359 2100 434 2145 illa
456 2105 754 2143 contemneret
774 2130 784 2150 ,
809 2094 883 2138 illa
900 2094 1122 2152 diligeret3
1147 2093 1221 2138 illa
1240 2093 1397 2139 frustra
1426 2104 1563 2139 mater
1581 2111 1708 2140 carne
1725 2130 1737 2151 ,
1803 2123 1815 2150 ,

356 2171 430 2215 illa
445 2169 587 2214 verior
601 2159 842 2211 voluntate.
864 2167 976 2209 Cum
993 2179 1096 2223 ergo
1116 2164 1201 2207 sint
1228 2165 1378 2209 multae
1414 2148 1763 2225 multiplicatio·¹
1802 2178 1806 2219 ξ

357 2256 435 2285 nes
450 2275 462 2294 ,
486 2248 530 2282 et
550 2237 688 2281 multa
718 2251 875 2294 genera
902 2234 1337 2293 multiplicationum,
1369 2251 1501 2295 quam
1523 2182 1762 2313 multipli-l
1801 2253 1805 2283 ,·

359 2311 575 2356 cationem
603 2307 759 2366 quaerit
780 2306 856 2365 qui
878 2305 1008 2359 dixit,
1029 2306 1163 2349 «Cito
1178 2304 1332 2348 exaudi
1349 2308 1452 2349 me?
1471 2324 1490 2347 »
1512 2306 1584 2350 Ait
1601 2307 1734 2362 enim‚
1754 2285 1758 2367 ,1
1789 2295 1815 2387 ,,,

362 2400 384 2424 «
417 2376 724 2436 Multiplicabis
738 2391 823 2419 me.
843 2393 863 2416 »
881 2378 1167 2434 Expectamus
1192 2373 1367 2418 audire
1357 2390 1402 2417 m
1424 2375 1597 2434 quibus.
1625 2369 1792 2428 Audi!
1786 2390 1815 2436 μ,

360 2465 497 2509 ergo:
527 2466 548 2489 (ι
573 2450 624 2490 In
649 2445 790 2490 anima
823 2460 982 2489 mea.»
1015 2444 1144 2489 Non
1134 2459 1179 2488 ln
1212 2459 1340 2491 carne
1373 2459 1493 2499 mca‚
1530 2445 1605 2489 sed
1635 2464 1655 2486 «
1688 2435 1755 2489 1111
1787 2459 1815 2508 j[Ul

409 2536 519 2566 ¹Gen.
540 2543 564 2572 ι,
586 2532 639 2562 25.
1749 2496 1753 2586 ,1
1787 2535 1815 2574 ῃ,

1748 2626 1749 2653 i

1745 2689 1747 2727 1
