1856 3268
404 264 646 297 ENARRATIO
678 268 724 296 IN
756 265 959 297 PsALMUM
989 269 1088 296 CXX.
1386 260 1440 297 19

56 333 237 391 Christi,
261 333 360 393 quia
379 333 523 393 ipsum
545 343 609 378 est
630 334 695 379 lac
712 335 835 395 quod
851 335 1012 379 sufficit
1030 332 1234 393 parvulis.
1261 336 1319 379 Et
1339 334 1440 379 ideo

56 418 143 448 non
166 403 475 464 relinquuntur
497 405 541 448 in
571 414 698 449 nocte
733 405 931 464 parvuli,
968 405 1070 464 quia
1107 404 1225 448 lucet
1262 414 1304 448 et
1336 404 1440 449 luna

57 474 184 517 etiam
206 475 251 518 in
282 484 438 532 nocte,
462 475 506 519 id
543 485 632 530 est,
666 490 742 534 per
775 490 949 519 carnem
983 475 1144 519 Christi
1182 474 1443 534 praedicatur

55 546 245 590 Ecclesia
261 581 271 600 ‚
292 547 392 606 quia
409 547 499 606 ipsa
522 562 621 591 caro
649 546 809 591 Christi
831 555 961 605 caput
985 545 1188 590 Ecclesiae
1209 557 1286 590 est.
1314 546 1444 599 Quis-

55 617 152 676 quis
168 617 228 660 ibi
246 632 334 661 non
351 616 677 671 scandalizatur,
695 617 739 659 in
753 617 843 675 ipsa
859 616 1048 660 Ecclesia
1066 625 1109 659 et
1122 632 1249 660 carne
1263 616 1439 671 Christi,

57 702 77 730 a
100 686 203 730 luna
224 702 312 731 non
339 688 495 732 uritur.
535 687 738 746 Quisquis
773 685 1085 730 scandalizatus
1114 702 1204 730 non
1241 685 1374 730 fuerit
1396 687 1443 730 in

53 757 235 801 veritate
257 756 328 800 illa
343 756 689 801 incommutabili
707 766 749 800 et
770 757 1147 801 incontaminabili
1166 792 1176 811 ‚
1194 773 1216 800 a
1240 758 1328 801 sole
1348 772 1442 801 non

56 827 197 870 uritur
225 846 234 871 :
261 842 349 870 non
370 827 453 871 isto
476 827 564 870 sole
580 843 668 870 non
690 827 855 881 uritur,
880 842 1011 887 quem
1034 827 1263 871 nobiscum
1291 826 1446 871 vident

55 911 214 941 muscae
236 906 280 940 et
298 912 454 956 pecora
477 919 487 955 3
508 897 583 941 sed
605 897 681 941 illo
708 897 797 941 sole
813 933 823 952 ‚
859 897 913 941 de
945 913 1034 957 quo
1067 897 1222 941 dicunt
1248 898 1369 956 impii
1400 898 1446 941 in

0 1004 1 1021 2
55 968 156 1022 fine,
180 987 200 1010 «
227 967 344 1020 Quid
363 968 485 1012 nobis
500 967 663 1026 profuit
678 969 903 1027 superbia,
930 977 973 1012 et
992 968 1242 1012 divitiarum
1265 968 1445 1028 jactatio

58 1055 79 1079 »
113 1038 220 1098 quid
248 1037 435 1082 contulit
464 1038 616 1081 nobis?
639 1038 920 1082 Transierunt
940 1039 1086 1083 omnia
1110 1048 1318 1098 tanquam
1342 1055 1443 1082 um-

59 1127 80 1150 »
114 1108 206 1152 bra.
237 1127 256 1149 »
279 1112 334 1153 Et
354 1124 453 1152 cum
473 1110 552 1152 ista
575 1108 800 1162 dixissent,
831 1129 850 1151 «
878 1113 993 1168 Ergo
1012 1145 1022 1165 ‚
1060 1109 1291 1170 inquiunt,
1324 1126 1444 1154 erra-

60 1197 81 1220 »
114 1179 253 1222 vimus
273 1195 295 1222 a
316 1180 383 1223 via
406 1179 595 1222 veritatis
611 1214 621 1234 ,
647 1187 690 1222 et
704 1179 884 1238 justitiae
898 1180 1051 1224 lumen
1071 1196 1159 1224 non
1173 1180 1282 1224 luxit
1299 1181 1441 1235 nobis,

59 1266 78 1290 »
113 1257 156 1292 et
178 1248 241 1292 sol
263 1264 352 1293 non
383 1258 502 1293 ortus
539 1258 602 1292 est
630 1249 803 1293 nobis¹.
833 1268 852 1290 »
878 1250 1107 1311 Numquid
1140 1267 1229 1296 non
1267 1251 1345 1294 iste
1380 1251 1446 1295 sol

55 1318 258 1362 omnibus
285 1319 426 1377 impiis
454 1319 592 1363 oritur
610 1354 620 1374 ‚
645 1318 722 1364 illo
755 1320 1010 1364 instituente
1028 1356 1038 1375 ‚
1065 1321 1119 1364 de
1152 1336 1241 1381 quo
1272 1320 1440 1365 dictum

55 1398 138 1443 est,
169 1409 190 1431 «
215 1390 299 1442 Qui
322 1388 425 1434 facit
442 1389 576 1434 solem
596 1405 723 1433 suum
739 1390 841 1434 oriri
859 1406 990 1450 super
1006 1391 1144 1435 bonos
1160 1400 1203 1435 et
1223 1390 1439 1435 malos²Pn

55 1463 171 1520 Ergo
195 1461 327 1505 alium
354 1461 487 1506 solem
516 1462 618 1505 fecit
647 1465 788 1516 Deus,
815 1462 890 1522 qui
919 1463 1057 1506 oritur
1084 1478 1214 1522 super
1242 1463 1379 1507 bonos
1402 1472 1446 1507 et

55 1531 213 1586 malos,
243 1531 374 1575 istum
397 1546 525 1592 quem
550 1530 701 1575 vident
722 1541 765 1575 et
795 1532 898 1576 boni
918 1541 960 1575 et
980 1532 1082 1575 mali
1109 1551 1116 1576 :
1141 1532 1250 1576 alius
1272 1541 1336 1576 est
1367 1549 1445 1576 au-

57 1610 144 1645 tem
167 1601 240 1646 ille
262 1602 351 1657 sol,
383 1618 471 1646 non
505 1601 671 1656 lactus,
711 1601 786 1646 sed
821 1600 990 1661 genitus
1010 1637 1020 1657 ,
1057 1617 1135 1662 per
1162 1617 1294 1662 quem
1327 1602 1442 1648 facta

59 1681 158 1716 sunt
181 1673 348 1727 omnia,
374 1672 527 1716 ubiest
542 1671 1207 1731 intelligentiaincommutabilis
1228 1674 1436 1718 veritatis.

6 1747 10 1763 ⁴
58 1746 121 1787 De
141 1744 234 1803 ipso
256 1744 410 1788 dicunt
430 1744 572 1803 impii,
603 1762 622 1785 «
647 1746 703 1788 Et
736 1743 799 1787 sol
827 1759 916 1788 non
950 1753 1069 1788 ortus
1090 1753 1154 1788 est
1181 1745 1308 1789 nobis
1325 1747 1389 1803 (7)
1418 1763 1438 1786 »

8 1819 11 1842 ¹<
59 1814 261 1873 Quisquis
283 1815 327 1857 in
349 1814 437 1872 ipsa
463 1814 669 1872 sapientia
698 1830 789 1858 non
811 1823 925 1857 errat
946 1849 956 1868 ‚
997 1829 1087 1858 non
1118 1815 1262 1859 uritur
1284 1831 1307 1859 a
1334 1815 1439 1860 sole.

9 1885 12 1896 '
59 1885 261 1944 Quisquis
282 1885 328 1928 in
349 1884 561 1938 Ecclesia,
589 1894 631 1928 et
652 1884 698 1927 in
720 1900 848 1928 carne
871 1885 1045 1928 Domini
1063 1920 1072 1940 ‚
1113 1894 1156 1928 et
1189 1886 1234 1929 in
1255 1886 1321 1930 his
1343 1903 1443 1945 quae

57 1969 136 2013 pro
159 1955 284 1998 nobis
308 1954 603 2014 temporaliter
621 1964 737 2013 gesta
760 1964 860 1998 sunt
879 1990 890 2010 ,
917 1970 1007 1999 non
1030 1964 1169 2010 errat,
1188 1971 1276 2000 non
1300 1957 1443 2000 uritur

56 2040 79 2068 a
90 2024 208 2069 luna.
220 2025 370 2069 Omnis
385 2034 528 2068 autem
545 2026 677 2069 homo
690 2026 983 2085 quamvisjam
996 2025 1229 2069 crediderit
1240 2026 1285 2068 in
1298 2027 1443 2071 Chris-

56 2102 150 2139 tum
167 2130 177 2150 ,
198 2104 272 2139 aut
291 2095 353 2138 ibi
374 2104 513 2149 errat,
540 2104 615 2139 aut
635 2095 698 2138 ibi
713 2130 723 2149 ‚
746 2095 778 2138 si
802 2110 891 2139 non
907 2095 953 2138 in
966 2094 1043 2138 illo
1064 2095 1114 2138 fit
1130 2094 1252 2155 quod
1268 2095 1437 2140 dictum

55 2174 119 2210 est
135 2201 146 2220 ‚
171 2185 190 2207 «
214 2167 424 2210 Dominus
439 2175 740 2224 tegumentum
760 2175 887 2210 tuum
907 2181 1036 2225 super
1049 2181 1228 2210 manum
1250 2166 1439 2211 dexterae

57 2253 78 2277 »
112 2245 215 2279 tuae.
243 2254 264 2277 »
291 2235 395 2281 Ideo
421 2237 535 2280 enim
562 2252 663 2280 curn
696 2235 902 2281 dixisset:
931 2254 952 2278 «
974 2236 1182 2280 Dominus
1209 2244 1441 2294 tegumen-

57 2323 77 2347 »
111 2315 204 2350 tum
219 2316 342 2350 tuum
359 2322 487 2366 super
504 2322 682 2350 manum
700 2307 889 2350 dexterae
909 2315 1021 2350 tuae:
1045 2324 1065 2347 »
1081 2307 1202 2366 quasi
1215 2306 1439 2366 quaesisset

54 2375 126 2420 ille
146 2385 188 2420 et
209 2376 402 2431 dixisset,
431 2380 528 2420 Jam
551 2391 649 2420 ecce
681 2386 744 2420 est
775 2391 930 2420 manus
957 2376 1146 2419 dexterae
1181 2391 1312 2431 meae,
1344 2378 1436 2435 jam

55 2445 162 2504 elegi
183 2446 359 2491 credere
379 2447 425 2490 in
447 2446 667 2491 Christum
687 2481 697 2500 ‚
724 2447 869 2505 accepi
905 2455 1166 2505 potestatem
1186 2447 1302 2490 inter
1323 2446 1436 2492 sslios

52 2516 128 2560 Dei
145 2532 254 2570 esse,
281 2515 389 2576 quid
410 2524 473 2559 est
489 2515 612 2574 quod
634 2519 748 2560 Deus
769 2525 1075 2575 tegumentum
1099 2531 1248 2561 meum
1266 2525 1331 2561 est
1357 2516 1438 2561 ad-

102 2606 111 2623 ¹
132 2603 204 2643 Sap.
226 2612 260 2642 v,
280 2600 358 2642 6-9.
379 2616 421 2622 —
441 2606 454 2623 ²
473 2598 639 2640 Mattl1.v,
663 2598 719 2641 45.

1268 2654 1309 2692 2.
