1815 3253
367 215 452 256 452
790 224 824 253 s.
859 223 1091 257 Aucus'um
1122 227 1304 256 Enscom

361 292 557 336 bonitate
577 327 587 347 ‚
608 291 663 336 ad
682 307 812 351 opera
834 291 1127 351 respiciamus,
1152 302 1195 337 et
1216 293 1270 337 de
1293 292 1495 352 operibus
1517 292 1743 339 laudemus

360 372 613 422 operantem
631 399 642 418 ,
673 363 730 407 de
751 362 937 407 conditis
957 363 1227 408 conditorem
1245 399 1257 420 ‚
1282 363 1337 408 de
1358 373 1552 408 creatura
1574 374 1743 410 creato-

357 448 465 477 rem.
504 433 739 477 Videamus
761 433 954 493 quae.hic
988 432 1136 477 fecerit
1156 468 1167 489 ‚
1197 450 1296 494 quae
1333 434 1461 478 nobis
1495 444 1595 479 nota
1617 445 1740 490 sunt,

353 519 453 563 quae
484 504 610 548 nohis
634 502 860 547 manifesta
897 512 1016 547 sunt.
1054 502 1175 547 Illius
1206 504 1322 548 enim
1343 504 1552 549 immensa
1574 505 1743 549 bonitas

353 584 397 618 et
417 573 749 618 interminabilis
772 572 1028 632 magnitudo
1044 608 1056 628 ‚
1082 583 1245 634 quanta
1280 574 1361 619 alia
1382 574 1487 619 fecit
1506 610 1517 630 ‚
1543 592 1641 636 quae
1664 591 1744 620 nos

352 659 443 689 non
471 644 706 689 novimus?
734 643 922 696 Quando
944 643 1124 704 quidem
1147 645 1282 689 aciem
1312 645 1540 690 oculorum
1568 655 1741 691 nostro-

353 730 451 759 rum
481 729 619 774 usque
650 713 706 758 ad
726 713 892 758 coelum
913 713 1187 758 extendimus
1202 749 1213 770 ‚
1238 723 1281 758 et
1303 730 1326 759 a
1356 715 1445 759 sole
1462 724 1505 759 et
1527 731 1552 759 a
1571 715 1677 760 luna
1699 725 1743 759 et

353 801 374 828 a
399 783 534 828 stellis
556 798 703 828 rursus
724 799 977 829 revocamus
1001 783 1056 828 ad
1078 793 1236 829 terram
1259 806 1270 843 3
1294 795 1337 830 et
1366 786 1451 829 hoc
1478 794 1621 830 totum
1649 801 1743 845 spa·
1797 807 1801 808 ⁷

351 855 460 898 tium
495 864 560 899 est
588 855 665 899 ubi
692 863 874 913 vagatur
898 854 1009 899 acies
1031 864 1179 899 nostra
1206 874 1214 899 :
1247 854 1360 899 ultra
1395 855 1527 900 coelos
1554 856 1650 916 quis
1672 871 1743 900 ex-

353 924 502 970 tendat
522 924 593 970 vel
616 925 753 969 aciem
774 925 955 979 mentis,
988 940 1079 969 non
1108 924 1248 969 dicam
1272 925 1440 969 carnis?
1462 928 1578 984 Ergo
1600 941 1742 985 quan-

353 1005 443 1040 tum
467 1005 570 1040 nota
592 1005 694 1040 sunt
714 996 840 1040 nobis
865 1011 996 1055 opera
1017 996 1126 1056 ejus,
1146 995 1375 1040 laudemus
1394 1010 1493 1040 eum
1515 1012 1594 1055 per
1609 1011 1741 1058 opera

350 1068 457 1126 ejus.
495 1065 732 1111 Invisibilia
766 1066 882 1110 enim
916 1067 1007 1125 ejus
1036 1082 1060 1110 a
1082 1066 1392 1110 constitutione
1414 1066 1568 1110 mundi
1593 1081 1670 1125 per
1691 1082 1740 1111 ea

350 1154 448 1198 quae
477 1136 591 1182 sacta
621 1146 722 1181 sunt
742 1136 961 1180 intellecta
985 1138 1312 1196 conspiciuntur
1332 1140 1362 1180 ¹.
1402 1156 1419 1177 «
1443 1139 1675 1182 Generatio
1698 1146 1742 1182 et

355 1228 372 1249 »
409 1208 626 1265 generatio
647 1206 846 1250 laudabit
873 1222 1001 1265 opera
1021 1216 1098 1251 tua
1114 1211 1146 1251 ².
1176 1225 1197 1248 »
1222 1207 1374 1251 Omnis
1397 1209 1615 1266 generatio
1640 1208 1740 1252 lau-

350 1277 472 1321 dabit
506 1292 637 1336 opera
663 1285 753 1320 tua.
784 1278 917 1319 Forte
950 1276 1067 1319 enim
1098 1277 1237 1320 omnis
1260 1277 1478 1334 generatio
1505 1277 1619 1322 dicta
1641 1287 1706 1321 est
1725 1312 1736 1332 ,

354 1366 375 1389 «
409 1347 640 1392 Generatio
677 1356 721 1390 et
756 1346 993 1404 generatio.
1023 1365 1042 1387 »
1074 1349 1173 1392 Non
1210 1348 1325 1390 enim
1362 1347 1516 1391 tandiu
1545 1349 1739 1392 dicturus

350 1428 443 1462 erat
468 1437 477 1463 ι
506 1437 523 1459 «
545 1417 776 1462 Generatio
798 1425 841 1460 et
863 1416 1082 1475 generatio
1101 1453 1111 1472 ,
1140 1435 1160 1458 n
1198 1418 1396 1476 quandiu
1416 1418 1561 1461 finiret
1582 1433 1740 1462 nume-

353 1504 449 1532 rum
473 1488 669 1533 omnium
692 1487 1019 1545 generationum
1049 1506 1057 1530 :
1090 1486 1166 1530 sed
1188 1487 1387 1546 repetitio
1424 1487 1669 1547 loquentis,
1695 1488 1742 1531 in

354 1559 575 1603 infinitum
612 1557 727 1601 misit
758 1556 952 1601 animum
985 1556 1228 1614 cogitantis.
1267 1560 1379 1601 Ecce
1411 1557 1490 1601 ista
1524 1558 1743 1616 generatio

355 1647 455 1690 quae
477 1646 595 1674 nunc
616 1629 663 1673 in
684 1644 813 1673 carne
835 1638 923 1684 est,
950 1629 1183 1672 transitura
1214 1628 1316 1672 hinc
1339 1629 1449 1672 sicut
1471 1630 1592 1673 venit
1611 1665 1622 1684 ,
1647 1629 1743 1673 lau-

358 1701 433 1745 dat
458 1716 589 1760 opera
610 1700 715 1757 Dei3
740 1707 783 1742 et
803 1697 877 1742 illa
906 1698 975 1742 cui
996 1697 1246 1742 succedenti
1269 1698 1409 1753 cedit,
1435 1698 1633 1743 laudabit
1655 1700 1745 1743 uti-

360 1787 446 1833 que
474 1786 604 1830 opera
623 1769 702 1815 Dei
720 1790 732 1828 3
756 1778 800 1812 et
817 1778 916 1828 post
938 1768 1056 1812 illam
1079 1768 1160 1812 erit
1182 1768 1261 1812 alia
1279 1790 1290 1825 3
1325 1778 1368 1813 et
1389 1785 1528 1830 usque
1546 1770 1590 1814 in
1611 1771 1745 1814 finem

362 1841 510 1888 saeculi
543 1855 676 1901 quam
712 1839 865 1883 multae
899 1838 1223 1897 generationes!
1257 1842 1350 1883 Hoc
1382 1839 1626 1896 significans
1649 1840 1743 1884 ait:

367 1933 384 1954 «
423 1911 653 1956 Generatio
676 1918 719 1953 et
741 1909 983 1968 generatio,
1008 1908 1207 1953 laudabit
1231 1924 1360 1968 opera
1383 1918 1472 1953 tua.
1500 1930 1517 1951 »
1543 1914 1612 1954 An
1633 1909 1748 1954 forte

363 1983 472 2027 duas
509 1981 720 2042 quasdam
742 1978 1039 2038 generationes
1069 1979 1286 2023 insinuare
1306 1979 1445 2023 voluit
1477 1980 1557 2023 ista
1593 1980 1749 2039 repeti·

365 2054 514 2098 tione?
543 2054 699 2096 Sumus
728 2050 845 2093 enim
872 2049 917 2092 in
939 2051 1018 2092 ista
1050 2049 1325 2107 generatione
1357 2048 1434 2092 filii
1458 2049 1561 2104 Dei,
1587 2049 1747 2093 erimus

364 2124 409 2167 in
437 2122 517 2166 alia
542 2120 817 2180 generatione
845 2118 923 2161 filii
959 2118 1294 2161 resurrectionis.
1325 2117 1572 2177 Appellavit
1604 2119 1747 2178 Scrip-

365 2203 462 2237 tura
485 2191 594 2234 filios
613 2186 957 2241 resurrectionis,
983 2186 1118 2245 ipsam
1137 2187 1494 2231 resurrectionem
1517 2203 1746 2247 regenera-

364 2264 529 2308 tionem
552 2260 735 2305 vocavit.
765 2277 782 2298 «
811 2261 863 2302 In
890 2258 1213 2315 regeneratione
1233 2293 1244 2313 ,
1269 2259 1432 2318 inquit,
1457 2274 1557 2302 cum
1589 2259 1747 2305 sederit

370 2356 388 2376 »
425 2333 562 2377 Filius
583 2330 772 2375 hominis
804 2329 849 2372 in
877 2330 1100 2388 majestate
1121 2331 1237 2373 sua3.
1262 2351 1278 2371 »
1308 2333 1415 2374 Item
1438 2331 1481 2373 in
1504 2330 1587 2375 alio
1609 2331 1705 2375 loco
1733 2350 1741 2376 :

351 2425 386 2452 ,«
422 2407 520 2449 Non
542 2403 656 2446 enim
680 2400 874 2454 nubent,
900 2415 1043 2459 neque
1066 2415 1219 2444 uxores
1236 2400 1425 2454 ducent,
1446 2416 1542 2445 cum
1563 2402 1648 2446 sint
1669 2401 1745 2445 filii

366 2494 386 2516 »
422 2471 787 2519 resurrectionis&
818 2489 836 2511 »
871 2473 1013 2528 Ergo,
1045 2490 1065 2513 (ι
1086 2472 1316 2515 Generatio
1346 2480 1388 2515 et
1411 2473 1627 2529 generatio
1648 2472 1744 2517 lau-

412 2568 417 2582 1
444 2562 530 2590 [tom.
547 2569 569 2597 ι,
589 2565 640 2588 ¹20.
659 2573 698 2577 -
721 2563 731 2576 ²
752 2551 1002 2595 Psal.cx121x5‚4.
1025 2551 1222 2585 —3Matth.
1244 2565 1307 2594 xm:
1331 2555 1382 2586 ΟΒ.
1406 2571 1445 2577 »-
1465 2554 1478 2584 4
1499 2558 1572 2588 Luc,
1592 2567 1643 2597 xx,
1665 2557 1719 2588 36,

1802 845 1815 1101 τὌ-ῌΘ

1801 1127 1815 1505 zfflfiooz

1801 1533 1815 1576 Q..
