1815 3253
1798 0 1813 108 5³3

367 228 452 269 346
790 238 824 268 s.
860 237 1091 269 mausum
1121 240 1305 268 Emscom

366 321 497 367 quam
530 304 728 349 umbram
763 305 931 349 invenit
950 340 961 360 ‚
993 305 1074 349 sub
1103 321 1190 366 qua
1210 306 1388 351 viveret.
1419 323 1440 348 «
1466 305 1766 352 Obumbrasti'
1795 310 1807 321 “

368 393 390 416 »
425 391 554 434 super
579 384 709 436 caput
737 390 886 418 meum
908 375 955 418 in
983 374 1053 420 die
1080 374 1213 421 belli:
1238 394 1259 417 »
1284 374 1330 419 id
1351 384 1440 431 est,
1465 376 1511 419 in
1532 385 1666 432 aestu,
1691 392 1745 420 ne
1793 431 1795 437 ἲ

367 443 592 504 fatigarer,
618 461 672 488 ne
690 460 940 489 arescerem.
1791 489 1795 508 ὅ

425 518 528 560 ΧΠ.
555 535 575 558 «
599 518 662 561 Ne
683 514 826 559 tradas
849 531 918 559 me
936 550 946 569 ‚
972 515 1176 568 Domine,
1199 531 1221 559 a
1241 513 1453 559 desiderio
1474 530 1573 560 meo
1594 531 1748 574 pecca·
1791 520 1795 570 ᾗ

369 604 390 627 n
427 587 550 630 tori¹.
581 605 598 627 »
625 589 738 630 Ecce
761 601 850 646 quo
873 584 980 629 mihi
1008 583 1170 629 valebit
1192 585 1498 635 umbraculum
1521 594 1646 629 tuum
1662 621 1673 640 ‚
1698 595 1748 631 ut

367 665 521 700 aestum
544 671 633 700 non
651 656 790 716 patiar
811 671 835 698 a
858 670 928 699 me
950 655 1056 715 ipso.
1085 658 1141 700 Et
1157 654 1263 715 quid
1286 655 1392 699 mihi
1413 665 1613 715 peccator
1634 654 1748 700 face-
1788 655 1794 661 ”

367 735 433 770 ret
459 725 553 781 ille,
579 725 904 785 quantumlibet
925 725 1124 770 saeviret?
1157 726 1396 770 Saevierunt
1424 726 1540 769 enim
1561 726 1606 769 in
1629 729 1748 770 Mar-

366 806 482 854 tyres
505 796 658 857 iniqui,
685 805 907 840 traxerunt
930 811 1017 850 eos,
1038 796 1199 840 catenis
1222 795 1482 855 ligaverunt,
1505 797 1748 841 carceribus
1786 812 1788 819 ·

366 866 652 921 incluserunt,
679 865 821 924 gladio
842 865 1067 920 ferierunt,
1092 865 1237 909 bestiis
1254 866 1552 921 subrexerunt,
1578 867 1749 924 ignibus
1783 867 1790 912 ἐ

366 945 746 996 consumpserunt.
772 939 875 980 Haec
893 936 1037 980 omnia
1060 935 1260 980 fecerunt
1281 956 1289 980 :
1314 935 1388 980 sed
1410 952 1498 980 non
1519 951 1589 980 eos
1614 936 1749 980 tradi-

366 1007 432 1052 dit
453 1011 567 1052 Deus
590 1007 911 1067 peccatoribus,
943 1007 1045 1067 quia
1074 1023 1164 1051 non
1194 1015 1294 1051 sunt
1322 1007 1468 1051 traditi
1491 1023 1513 1050 a
1535 1005 1749 1051 desiderio

365 1093 459 1127 suo.
489 1075 605 1121 Illud
638 1092 739 1135 ergo
768 1093 864 1132 ora,
891 1087 1102 1137 quantum
1129 1086 1277 1136 potes,
1312 1086 1361 1120 ut
1384 1093 1407 1122 a
1436 1075 1647 1120 desiderio
1670 1085 1746 1121 tuo

365 1163 453 1191 non
468 1156 510 1191 te
527 1146 670 1191 tradat
689 1150 800 1190 Deus
820 1147 1050 1206 peccatori.
1072 1149 1136 1190 Tu
1151 1147 1266 1190 enim
1279 1145 1492 1190 desiderio
1507 1155 1585 1190 tuo
1602 1145 1746 1191 locum

364 1217 540 1262 diabolo
572 1219 663 1262 das.
697 1221 809 1263 Ecce
840 1217 955 1261 enim
993 1217 1192 1262 diabolus
1224 1217 1451 1277 proposuit
1477 1215 1677 1273 lucrum,
1703 1227 1746 1262 et

363 1288 562 1331 invitavit
594 1286 647 1331 ad
681 1286 880 1331 fraudem
912 1306 920 1331 :
957 1287 1129 1331 lucrum
1162 1287 1323 1330 habere
1364 1303 1453 1331 non
1489 1297 1640 1346 potes,
1666 1287 1746 1330 nisi

362 1356 562 1401 fraudem
586 1357 750 1402 feceris.
779 1357 864 1403 Sed
886 1356 1059 1402 lucrum
1078 1373 1171 1401 esca
1194 1367 1285 1411 est
1312 1356 1430 1402 fraus
1454 1357 1650 1417 laqueus.
1679 1357 1781 1401 Sic

362 1428 539 1472 attende
561 1443 724 1483 escam,
751 1437 801 1471 ut
828 1427 973 1471 videas
1002 1437 1045 1472 et
1075 1427 1313 1487 laqueum:
1339 1427 1441 1487 quia
1465 1426 1636 1471 lucrum
1657 1443 1745 1471 non
1770 1450 1785 1478 ι
1814 1460 1815 1471 ,

362 1507 483 1558 potes
506 1497 700 1577 adipisci
727 1498 806 1542 nisi
826 1497 1026 1542 fraudem
1049 1497 1227 1556 feceris3
1249 1497 1447 1542 fraudem
1465 1507 1609 1542 autem
1624 1498 1657 1541 si
1678 1482 1773 1541 fe-
1809 1506 1815 1526 ³

361 1570 489 1625 ceris,
514 1569 706 1629 capieris
731 1572 828 1614 Non
849 1569 975 1625 ideo⁷
996 1568 1093 1613 dico
1110 1569 1347 1628 ‚capieris‚
1371 1569 1472 1628 quia
1495 1583 1741 1612 1nven1e11s

360 1604 610 1699 Aliquando
632 1640 747 1683 enim
770 1655 859 1683 non
878 1639 1123 1694 invenieris,
1149 1638 1224 1683 sed
1247 1640 1300 1683 ab
1321 1639 1573 1683 hominibus
1593 1655 1746 1692 :num-

359 1709 465 1770 quid
488 1726 511 1754 a
532 1712 650 1754 Deo?
666 1710 856 1769 Capieris
879 1719 922 1754 et
943 1710 1123 1754 traheris
1146 1718 1189 1753 et
1213 1709 1434 1763 occideris.
1455 1710 1605 1753 Omnis
1628 1710 1743 1762 enirn

359 1781 435 1840 qui
452 1779 551 1824 talia
574 1779 693 1833 facit,
718 1779 890 1839 perimit
917 1795 961 1823 se
983 1780 1141 1838 ipsum.
1167 1780 1234 1823 Ibi
1251 1787 1315 1823 est
1336 1794 1438 1838 ergo
1463 1795 1573 1834 esca,
1596 1779 1659 1832 ibi
1681 1789 1744 1824 est

359 1858 402 1893 et
418 1849 600 1911 laqueus
625 1870 634 1895 2
661 1848 782 1894 frena
805 1849 1065 1894 desiderium
1085 1884 1096 1904 ‚
1118 1858 1162 1893 et
1178 1865 1268 1894 non
1289 1848 1414 1894 cades
1435 1850 1480 1893 in
1498 1848 1738 1909 laqueum:

357 1921 390 1964 si
421 1931 566 1965 autem
598 1921 750 1965 vicerit
784 1930 825 1965 te
856 1921 1119 1965 desiderium
1143 1936 1278 1976 escae,
1312 1920 1446 1964 mittit
1467 1920 1546 1965 tibi
1580 1920 1741 1964 collum

357 1991 402 2034 in
425 1989 633 2051 laqueum
651 2026 661 2045 ‚
693 2001 737 2035 et
770 1990 910 2050 capiet
939 1999 981 2034 te
1003 2006 1160 2049 auceps
1185 1991 1443 2045 animarum.
1474 1992 1575 2035 «Ne
1597 1990 1741 2037 tradas

359 2078 378 2101 »
414 2076 484 2104 me
507 2077 529 2104 a
548 2059 759 2105 desiderio
780 2076 877 2105 meo
898 2060 1164 2120 peccatori.»
1185 2060 1292 2104 Inde
1313 2060 1618 2103 inumbratur
1608 2075 1654 2102 1n
1672 2059 1741 2107 die

357 2130 474 2174 belli
501 2131 767 2174 Desiderium
791 2131 907 2183 enim
935 2140 1063 2174 aestus
1091 2129 1229 2174 facit:
1266 2129 1573 2173 umbraculum
1594 2137 1765 2180 autem}
1791 2140 1815 2182 η]

356 2200 527 2244 Domini
551 2209 761 2259 temperat
784 2199 1075 2252 desiderium,
1110 2209 1160 2243 ut
1181 2200 1390 2259 possimus
1413 2198 1631 2244 refrenare
1651 2215 1739 2259 quo
1793 2208 1815 2268 lt]

353 2270 652 2329 rapiebamur,
674 2279 829 2320 utnon
846 2269 904 2313 ita
928 2279 1240 2325 exaestuemus,
1268 2280 1318 2314 ut
1340 2270 1394 2314 ad
1416 2269 1624 2330 laqueum
1646 2285 1738 2328 pel·
1793 2285 1815 2324 iffi

354 2339 582 2384 ducamur.
614 2360 634 2382 «
665 2339 975 2399 Cogitaverunt
1003 2339 1231 2385 adversum
1254 2356 1353 2385 me:
1379 2356 1434 2384 ne
1464 2339 1737 2400 derelinquas
1791 2357 1815 2407 ‘li‘

357 2430 376 2453 »
413 2426 508 2464 me,
535 2426 588 2454 ne
612 2408 723 2454 torte
745 2409 1053 2455 exaltentur.»
1081 2411 1224 2454 Habes
1252 2410 1336 2454 alio
1357 2410 1488 2455 loco:
1518 2429 1538 2452 «
1559 2410 1643 2463 Qui
1667 2425 1736 2453 me
1800 2438 1815 2469 re

356 2500 376 2523 »
409 2489 644 2542 premunt,
669 2479 928 2524 exultabunt
950 2481 985 2524 si
1011 2488 1155 2525 motus
1180 2478 1348 2524 fuero.
1380 2500 1396 2521 »
1431 2479 1554 2524 Tales
1577 2489 1678 2524 sunt
1692 2488 1736 2523 et
1752 2501 1757 2541 μ
1807 2524 1809 2538 ³

1786 1782 1807 1857 l

1785 1863 1799 1903 r

1788 1927 1805 1976 η’

1787 1993 1799 2050 ¹4

1784 2076 1798 2130 i

401 2572 410 2588 ¹
432 2564 510 2598 Psal.
532 2575 705 2607 cxxxix,9.
728 2582 767 2587 —
787 2571 800 2586 ²
823 2565 867 2596 Id.
890 2575 950 2606 111,
972 2564 1003 2596 5.
