1815 3253
432 218 673 245 ENARRATIO
711 220 751 245 m
790 220 990 246 νεΑιΜυΜ
1026 220 1154 247 extu.
1405 208 1488 247 405

97 405 949 424 mmmlfflmmmmmmmmm
954 408 1020 423 Μ
1026 407 1305 423 ΜΕΜΜἉΝὮΜΜΜ
1310 407 1478 423 ἢΛΜνἏΑἱὶΙ

593 561 974 611 ENARRATIO

451 738 511 776 ΙΝ
557 738 855 779 PSALMUM
919 737 1113 778 CXLII.

542 905 692 949 Sermo
714 903 770 948 ad
792 904 1021 965 populum.

146 1065 179 1106 Ι.
209 1065 270 1106 ΒΕ
286 1061 479 1117 Psalmo,
504 1077 636 1123 quem
660 1064 944 1117 cantavimus,
964 1064 1122 1124 loquar
1137 1063 1258 1123 quod
1272 1063 1484 1107 Dominus

85 1131 276 1188 dederit,
297 1133 508 1177 Charitati
529 1135 709 1177 Vestrae.
745 1136 959 1177 Hesterno
986 1133 1057 1177 die
1081 1132 1277 1177 Psalmus
1308 1133 1480 1177 brevior

87 1205 378 1260 tractabatur,
410 1205 484 1248 sed
524 1205 711 1264 spatium
738 1205 944 1265 temporis
979 1204 1114 1248 dabat
1146 1204 1272 1248 nobis
1308 1205 1479 1264 copiam

83 1275 212 1318 etiam
236 1273 290 1318 de
323 1275 471 1334 paucis
491 1274 630 1319 multa
653 1274 827 1319 dicendi
852 1295 860 1320 :
893 1290 1012 1319 nunc
1034 1275 1242 1335 quoniam
1274 1273 1480 1334 prolixior

83 1345 279 1389 Psalmus
301 1355 363 1390 est
380 1381 391 1400 ‚
417 1361 506 1390 non
529 1345 740 1389 debemus
757 1381 767 1400 ‚
805 1354 976 1389 tantum
1001 1345 1047 1388 in
1079 1344 1260 1404 singulis
1283 1345 1480 1388 versibus

81 1417 302 1460 immorari
322 1438 332 1473 3
355 1432 410 1460 ne
444 1418 556 1461 forte
584 1432 674 1461 non
709 1417 920 1461 concedat
952 1417 1163 1461 Dominus
1194 1415 1445 1460 facultatem
1464 1451 1475 1470 ‚

80 1496 130 1531 ut
145 1496 284 1531 toturn
301 1502 398 1546 pera
407 1503 506 1545 gere
522 1487 758 1531 valeamus.

140 1560 198 1601 Π.
223 1557 392 1602 Titulus
409 1558 567 1601 Psalmi
586 1568 677 1614 est,
703 1578 723 1600 «
748 1559 834 1618 Ipsi
848 1558 986 1602 David
1005 1593 1015 1612 ,
1040 1558 1220 1618 quando
1243 1572 1344 1600 eum
1365 1555 1478 1600 filius

82 1645 117 1692 »s
136 1644 238 1672 suus
276 1629 664 1688 persequebatur1.
695 1648 715 1670 »
750 1632 802 1672 In
831 1632 1085 1686 Regnorum
1122 1628 1245 1672 libris
1274 1627 1476 1672 novimus

76 1699 161 1743 hoc
194 1697 359 1742 factum
382 1714 494 1753 esse,
511 1699 702 1743 extitisse
735 1699 966 1743 inimicum
987 1698 1227 1743 Abessalon
1245 1699 1476 1758 pau-isuo‘2,

77 1769 250 1827 gessisse
272 1778 422 1813 contra
456 1768 581 1812 illum
607 1785 696 1814 non
730 1769 871 1813 solum
896 1769 1022 1814 civile
1040 1805 1050 1823 ‚
1081 1768 1368 1812 verumetiam
1393 1767 1474 1813 do-

77 1840 304 1883 mesticum
328 1839 492 1882 bellum
513 1838 663 1883 :illum
685 1849 832 1884 autem
854 1855 942 1883 non
962 1839 1178 1899 dejectum
1200 1839 1350 1899 inique
1367 1874 1378 1893 ,
1399 1839 1476 1883 sed

76 1908 350 1954 humiliatum
377 1911 448 1969 pie
464 1945 474 1963 ,
499 1909 712 1968 accepisse
733 1926 757 1954 a
790 1910 976 1953 Domino
1014 1909 1287 1969 disciplinam
1308 1931 1318 1966 3
1344 1909 1475 1953 susti-

75 1981 218 2025 nuisse
226 1978 506 2034 medicinam,
519 1996 608 2024 non
617 1981 928 2024 retribuentem
944 1980 1163 2040 iniquitati
1175 1981 1468 2041 iniquitatem,

75 2050 150 2095 sed
167 2061 367 2111 paratum
386 2067 460 2095 cor
478 2051 680 2094 habuisse
702 2051 757 2094 ad
774 2051 1043 2110 sequendam
1066 2051 1240 2094 Domini
1269 2050 1475 2094 volunta-

75 2131 178 2166 tem.
209 2121 287 2165 Ille
311 2122 448 2165 David
470 2122 529 2165 ita
551 2120 804 2164 laudabilis:
826 2121 901 2184 sed
923 2120 1031 2164 alius
1056 2121 1192 2165 David
1216 2136 1318 2165 vere
1339 2136 1474 2165 manu

74 2191 197 2237 fortis
218 2227 228 2246 ,
256 2191 376 2252 quod
399 2192 710 2251 interpretatur
732 2191 869 2234 David
886 2226 896 2246 ,
925 2191 1138 2235 Dominus
1174 2180 1320 2235 noster
1342 2194 1467 2235 Jesus

74 2264 270 2309 Christus
298 2262 598 2322 agnoscendus
619 2272 684 2307 est
705 2264 846 2307 nobis.
874 2265 1093 2307 Praeterita
1120 2264 1237 2307 enim
1262 2262 1334 2306 illa
1360 2262 1471 2308 facta

74 2335 226 2394 figurae
264 2335 436 2378 fuerant
458 2334 708 2379 futurorum
735 2355 742 2379 :
767 2351 848 2379 nec
880 2335 958 2380 diu
983 2335 1382 2379 commendandum
1406 2345 1470 2379 est

74 2406 193 2467 quod
225 2422 340 2466 saepe
372 2405 547 2449 audistis
569 2441 579 2460 ,
616 2406 736 2466 quod
770 2405 1181 2465 optime-retinetis.
1216 2410 1470 2458 Quaeramus
1497 2416 1500 2417 ’

75 2492 177 2536 crgo
201 2478 243 2521 in
268 2479 348 2521 lioc
372 2477 543 2521 Psalmo
564 2477 797 2520 Dominum
817 2486 859 2521 et
876 2476 1141 2523 Salvatorem
1171 2485 1372 2520 nostrum
1400 2479 1469 2519 Je-

123 2568 227 2605 3I‘sal<
249 2585 349 2613 extit,
372 2584 460 2604 1.-
488 2581 499 2595 ⁷
522 2583 539 2604 2
565 2575 639 2611 Rex.
663 2584 717 2613 xv,
743 2571 776 2613 14‘
798 2576 909 2614 etseq.
