<?xml version="1.0" encoding="UTF-8"?>
<!DOCTYPE html PUBLIC "-//W3C//DTD XHTML 1.0 Transitional//EN"
    "http://www.w3.org/TR/xhtml1/DTD/xhtml1-transitional.dtd">
<html xmlns="http://www.w3.org/1999/xhtml" xml:lang="en" lang="en">
 <head>
  <title>
</title>
<meta http-equiv="Content-Type" content="text/html;charset=utf-8" />
  <meta name='ocr-system' content='tesseract 3.04.00' />
  <meta name='ocr-capabilities' content='ocr_page ocr_carea ocr_par ocr_line ocrx_word'/>
</head>
<body>
  <div class='ocr_page' id='page_1' title='image "./operaomniaaccura12auguuoft_0274.png"; bbox 0 0 1815 3253; ppageno 0'>
   <div class='ocr_carea' id='block_1_1' title="bbox 331 153 1289 194">
    <p class='ocr_par' dir='ltr' id='par_1_1' title="bbox 331 153 1289 194">
     <span class='ocr_line' id='line_1_1' title="bbox 331 153 1289 194; baseline -0.001 0"><span class='ocrx_word' id='word_1_1' title='bbox 331 153 416 194; x_wconf 77' lang='lat'>264</span> <span class='ocrx_word' id='word_1_2' title='bbox 778 165 812 192; x_wconf 86' lang='lat' dir='ltr'>s.</span> <span class='ocrx_word' id='word_1_3' title='bbox 847 162 1077 193; x_wconf 67' lang='lat' dir='ltr'>Avensa-nu</span> <span class='ocrx_word' id='word_1_4' title='bbox 1107 165 1289 194; x_wconf 71' lang='lat' dir='ltr'>Emscorr</span> 
     </span>
    </p>
   </div>
   <div class='ocr_carea' id='block_1_2' title="bbox 1778 253 1781 372">
    <p class='ocr_par' dir='ltr' id='par_1_2' title="bbox 1778 253 1781 372">
     <span class='ocr_line' id='line_1_2' title="bbox 1778 253 1781 281; baseline 0 0"><span class='ocrx_word' id='word_1_5' title='bbox 1778 253 1781 281; x_wconf 76' lang='lat' dir='ltr'>i</span> 
     </span>
     <span class='ocr_line' id='line_1_3' title="bbox 1778 358 1780 372; baseline 0 0"><span class='ocrx_word' id='word_1_6' title='bbox 1778 358 1780 372; x_wconf 98' lang='grc' dir='ltr'>Ι</span> 
     </span>
    </p>
   </div>
   <div class='ocr_carea' id='block_1_3' title="bbox 1764 194 1802 2183">
    <p class='ocr_par' dir='ltr' id='par_1_3' title="bbox 1764 194 1802 2183">
     <span class='ocr_line' id='line_1_4' title="bbox 1764 194 1802 2183; baseline 0 0"><span class='ocrx_word' id='word_1_7' title='bbox 1764 194 1802 2183; x_wconf 95' lang='lat' dir='ltr'> </span> 
     </span>
    </p>
   </div>
   <div class='ocr_carea' id='block_1_4' title="bbox 815 470 1197 521">
    <p class='ocr_par' dir='ltr' id='par_1_4' title="bbox 815 470 1197 521">
     <span class='ocr_line' id='line_1_5' title="bbox 815 470 1197 521; baseline 0 0"><span class='ocrx_word' id='word_1_8' title='bbox 815 470 1197 521; x_wconf 89' lang='lat' dir='ltr'><strong>ENARRATIO</strong></span> 
     </span>
    </p>
   </div>
   <div class='ocr_carea' id='block_1_5' title="bbox 653 644 1388 686">
    <p class='ocr_par' dir='ltr' id='par_1_5' title="bbox 653 644 1388 686">
     <span class='ocr_line' id='line_1_6' title="bbox 653 644 1388 686; baseline 0.003 -2"><span class='ocrx_word' id='word_1_9' title='bbox 653 646 713 685; x_wconf 90' lang='lat' dir='ltr'>IN</span> <span class='ocrx_word' id='word_1_10' title='bbox 755 644 1065 686; x_wconf 79' lang='lat' dir='ltr'><strong>PSALMUM</strong></span> <span class='ocrx_word' id='word_1_11' title='bbox 1115 644 1388 686; x_wconf 88' lang='lat' dir='ltr'>CXXXVI.</span> 
     </span>
    </p>
   </div>
   <div class='ocr_carea' id='block_1_6' title="bbox 795 799 1253 861">
    <p class='ocr_par' dir='ltr' id='par_1_6' title="bbox 795 799 1253 861">
     <span class='ocr_line' id='line_1_7' title="bbox 795 799 1253 861; baseline 0.004 -16"><span class='ocrx_word' id='word_1_12' title='bbox 795 802 946 846; x_wconf 88' lang='lat' dir='ltr'>Sermo</span> <span class='ocrx_word' id='word_1_13' title='bbox 966 800 1023 846; x_wconf 92' lang='lat' dir='ltr'>ad</span> <span class='ocrx_word' id='word_1_14' title='bbox 1043 799 1253 861; x_wconf 80' lang='lat' dir='ltr'>plebem1.</span> 
     </span>
    </p>
   </div>
   <div class='ocr_carea' id='block_1_7' title="bbox 319 933 1815 2477">
    <p class='ocr_par' dir='ltr' id='par_1_7' title="bbox 319 933 1815 2477">
     <span class='ocr_line' id='line_1_8' title="bbox 386 933 1715 991; baseline 0.002 -11"><span class='ocrx_word' id='word_1_15' title='bbox 386 938 423 981; x_wconf 91' lang='grc' dir='ltr'>Ι.</span> <span class='ocrx_word' id='word_1_16' title='bbox 444 937 628 980; x_wconf 71' lang='lat' dir='ltr'>Onu-,ros</span> <span class='ocrx_word' id='word_1_17' title='bbox 646 949 722 980; x_wconf 92' lang='lat' dir='ltr'>vos</span> <span class='ocrx_word' id='word_1_18' title='bbox 745 949 835 979; x_wconf 89' lang='lat' dir='ltr'>esse</span> <span class='ocrx_word' id='word_1_19' title='bbox 854 950 943 980; x_wconf 90' lang='lat' dir='ltr'>non</span> <span class='ocrx_word' id='word_1_20' title='bbox 966 935 1152 980; x_wconf 83' lang='lat' dir='ltr'>arbitror</span> <span class='ocrx_word' id='word_1_21' title='bbox 1165 970 1177 991; x_wconf 87' lang='lat'>‚</span> <span class='ocrx_word' id='word_1_22' title='bbox 1198 933 1523 980; x_wconf 86' lang='lat' dir='ltr'><strong>commendasse</strong></span> <span class='ocrx_word' id='word_1_23' title='bbox 1544 950 1623 981; x_wconf 90' lang='lat' dir='ltr'>nos</span> <span class='ocrx_word' id='word_1_24' title='bbox 1639 951 1715 982; x_wconf 87' lang='lat' dir='ltr'>vo-</span> 
     </span>
     <span class='ocr_line' id='line_1_9' title="bbox 325 1004 1715 1066; baseline 0.001 -15"><span class='ocrx_word' id='word_1_25' title='bbox 325 1006 419 1062; x_wconf 86' lang='lat' dir='ltr'>bis,</span> <span class='ocrx_word' id='word_1_26' title='bbox 457 1006 545 1051; x_wconf 91' lang='lat' dir='ltr'>imo</span> <span class='ocrx_word' id='word_1_27' title='bbox 579 1020 939 1051; x_wconf 85' lang='lat' dir='ltr'>commemorasse</span> <span class='ocrx_word' id='word_1_28' title='bbox 971 1021 1047 1051; x_wconf 90' lang='lat' dir='ltr'>vos</span> <span class='ocrx_word' id='word_1_29' title='bbox 1067 1041 1078 1061; x_wconf 86' lang='lat'>‚</span> <span class='ocrx_word' id='word_1_30' title='bbox 1113 1006 1234 1066; x_wconf 89' lang='lat' dir='ltr'>quod</span> <span class='ocrx_word' id='word_1_31' title='bbox 1265 1005 1405 1050; x_wconf 92' lang='lat' dir='ltr'>omnis</span> <span class='ocrx_word' id='word_1_32' title='bbox 1438 1004 1633 1050; x_wconf 87' lang='lat' dir='ltr'>eruditus</span> <span class='ocrx_word' id='word_1_33' title='bbox 1668 1007 1715 1052; x_wconf 91' lang='lat' dir='ltr'>in</span> 
     </span>
     <span class='ocr_line' id='line_1_10' title="bbox 326 1075 1714 1136; baseline 0 -15"><span class='ocrx_word' id='word_1_34' title='bbox 326 1086 475 1121; x_wconf 88' lang='lat' dir='ltr'>sancta</span> <span class='ocrx_word' id='word_1_35' title='bbox 497 1076 688 1121; x_wconf 81' lang='lat' dir='ltr'>Ecclesia</span> <span class='ocrx_word' id='word_1_36' title='bbox 711 1091 836 1121; x_wconf 89' lang='lat' dir='ltr'>nosse</span> <span class='ocrx_word' id='word_1_37' title='bbox 852 1075 985 1120; x_wconf 88' lang='lat' dir='ltr'>debet</span> <span class='ocrx_word' id='word_1_38' title='bbox 1006 1075 1125 1120; x_wconf 87' lang='lat' dir='ltr'>unde</span> <span class='ocrx_word' id='word_1_39' title='bbox 1146 1076 1259 1128; x_wconf 78' lang='lat' dir='ltr'>cives</span> <span class='ocrx_word' id='word_1_40' title='bbox 1281 1076 1413 1120; x_wconf 89' lang='lat' dir='ltr'>simus</span> <span class='ocrx_word' id='word_1_41' title='bbox 1433 1110 1444 1131; x_wconf 79' lang='lat'>,</span> <span class='ocrx_word' id='word_1_42' title='bbox 1470 1085 1513 1119; x_wconf 89' lang='lat' dir='ltr'>et</span> <span class='ocrx_word' id='word_1_43' title='bbox 1534 1076 1612 1120; x_wconf 85' lang='lat' dir='ltr'>ubi</span> <span class='ocrx_word' id='word_1_44' title='bbox 1633 1092 1714 1136; x_wconf 90' lang='lat' dir='ltr'>pe·-</span> 
     </span>
     <span class='ocr_line' id='line_1_11' title="bbox 324 1146 1714 1207; baseline 0.001 -16"><span class='ocrx_word' id='word_1_45' title='bbox 324 1148 597 1207; x_wconf 83' lang='lat' dir='ltr'>regrinemur</span> <span class='ocrx_word' id='word_1_46' title='bbox 612 1181 624 1202; x_wconf 89' lang='lat'><strong>‚</strong></span> <span class='ocrx_word' id='word_1_47' title='bbox 649 1156 692 1190; x_wconf 88' lang='lat' dir='ltr'>et</span> <span class='ocrx_word' id='word_1_48' title='bbox 713 1146 1069 1206; x_wconf 81' lang='lat' dir='ltr'>peregrinationis</span> <span class='ocrx_word' id='word_1_49' title='bbox 1101 1155 1260 1191; x_wconf 75' lang='lat' dir='ltr'>nostrae</span> <span class='ocrx_word' id='word_1_50' title='bbox 1292 1162 1466 1190; x_wconf 89' lang='lat' dir='ltr'>causam</span> <span class='ocrx_word' id='word_1_51' title='bbox 1497 1161 1587 1191; x_wconf 90' lang='lat' dir='ltr'>esse</span> <span class='ocrx_word' id='word_1_52' title='bbox 1609 1162 1714 1206; x_wconf 89' lang='lat' dir='ltr'>pec-</span> 
     </span>
     <span class='ocr_line' id='line_1_12' title="bbox 325 1217 1748 1275; baseline -0.001 -13"><span class='ocrx_word' id='word_1_53' title='bbox 325 1228 488 1272; x_wconf 85' lang='lat' dir='ltr'>catum,</span> <span class='ocrx_word' id='word_1_54' title='bbox 510 1217 765 1261; x_wconf 85' lang='lat' dir='ltr'>reversionis</span> <span class='ocrx_word' id='word_1_55' title='bbox 787 1226 932 1260; x_wconf 86' lang='lat' dir='ltr'>autem</span> <span class='ocrx_word' id='word_1_56' title='bbox 951 1232 1111 1259; x_wconf 90' lang='lat' dir='ltr'>munus</span> <span class='ocrx_word' id='word_1_57' title='bbox 1128 1217 1420 1260; x_wconf 89' lang='lat' dir='ltr'>remissionem</span> <span class='ocrx_word' id='word_1_58' title='bbox 1435 1225 1714 1275; x_wconf 83' lang='lat' dir='ltr'>peccatorum</span> <span class='ocrx_word' id='word_1_59' title='bbox 1743 1224 1748 1233; x_wconf 81' lang='lat'><strong>⁴</strong></span> 
     </span>
     <span class='ocr_line' id='line_1_13' title="bbox 325 1286 1715 1349; baseline -0.001 -16"><span class='ocrx_word' id='word_1_60' title='bbox 325 1298 368 1333; x_wconf 90' lang='lat' dir='ltr'>et</span> <span class='ocrx_word' id='word_1_61' title='bbox 385 1288 740 1349; x_wconf 83' lang='lat' dir='ltr'>justificationem</span> <span class='ocrx_word' id='word_1_62' title='bbox 762 1287 911 1346; x_wconf 71' lang='lat' dir='ltr'>gratiae</span> <span class='ocrx_word' id='word_1_63' title='bbox 930 1286 1022 1331; x_wconf 82' lang='lat' dir='ltr'>Dei.</span> <span class='ocrx_word' id='word_1_64' title='bbox 1042 1289 1156 1331; x_wconf 90' lang='lat' dir='ltr'>Duas</span> <span class='ocrx_word' id='word_1_65' title='bbox 1172 1287 1364 1331; x_wconf 85' lang='lat' dir='ltr'>civitates</span> <span class='ocrx_word' id='word_1_66' title='bbox 1382 1287 1612 1347; x_wconf 87' lang='lat' dir='ltr'>permixtas</span> <span class='ocrx_word' id='word_1_67' title='bbox 1633 1288 1715 1332; x_wconf 88' lang='lat' dir='ltr'>sibi</span> 
     </span>
     <span class='ocr_line' id='line_1_14' title="bbox 325 1356 1771 1420; baseline -0.001 -17"><span class='ocrx_word' id='word_1_68' title='bbox 325 1359 502 1403; x_wconf 84' lang='lat' dir='ltr'>interim</span> <span class='ocrx_word' id='word_1_69' title='bbox 523 1373 704 1418; x_wconf 87' lang='lat' dir='ltr'>corpore</span> <span class='ocrx_word' id='word_1_70' title='bbox 730 1367 774 1401; x_wconf 91' lang='lat' dir='ltr'>et</span> <span class='ocrx_word' id='word_1_71' title='bbox 803 1356 933 1402; x_wconf 88' lang='lat' dir='ltr'>corde</span> <span class='ocrx_word' id='word_1_72' title='bbox 955 1366 1169 1417; x_wconf 88' lang='lat' dir='ltr'>separatas</span> <span class='ocrx_word' id='word_1_73' title='bbox 1195 1372 1369 1401; x_wconf 89' lang='lat' dir='ltr'>currere</span> <span class='ocrx_word' id='word_1_74' title='bbox 1390 1372 1467 1417; x_wconf 89' lang='lat' dir='ltr'>per</span> <span class='ocrx_word' id='word_1_75' title='bbox 1489 1357 1567 1402; x_wconf 87' lang='lat' dir='ltr'>ista</span> <span class='ocrx_word' id='word_1_76' title='bbox 1589 1356 1715 1402; x_wconf 87' lang='lat' dir='ltr'>volu·</span> <span class='ocrx_word' id='word_1_77' title='bbox 1766 1408 1771 1420; x_wconf 36' lang='grc' dir='ltr'>Ι</span> 
     </span>
     <span class='ocr_line' id='line_1_15' title="bbox 324 1428 1773 1489; baseline -0.001 -14"><span class='ocrx_word' id='word_1_78' title='bbox 324 1431 443 1475; x_wconf 89' lang='lat' dir='ltr'>mina</span> <span class='ocrx_word' id='word_1_79' title='bbox 465 1430 726 1475; x_wconf 86' lang='lat' dir='ltr'>saeculorum</span> <span class='ocrx_word' id='word_1_80' title='bbox 747 1429 948 1489; x_wconf 90' lang='lat' dir='ltr'>usquein</span> <span class='ocrx_word' id='word_1_81' title='bbox 969 1429 1118 1484; x_wconf 79' lang='lat' dir='ltr'>finem,</span> <span class='ocrx_word' id='word_1_82' title='bbox 1135 1428 1312 1473; x_wconf 85' lang='lat' dir='ltr'>audistis</span> <span class='ocrx_word' id='word_1_83' title='bbox 1335 1438 1378 1473; x_wconf 93' lang='lat' dir='ltr'>et</span> <span class='ocrx_word' id='word_1_84' title='bbox 1399 1429 1557 1486; x_wconf 76' lang='lat' dir='ltr'>nosti83</span> <span class='ocrx_word' id='word_1_85' title='bbox 1581 1445 1716 1474; x_wconf 90' lang='lat' dir='ltr'>unam</span> <span class='ocrx_word' id='word_1_86' title='bbox 1772 1436 1773 1440; x_wconf 78' lang='grc'>’</span> 
     </span>
     <span class='ocr_line' id='line_1_16' title="bbox 324 1498 1715 1560; baseline -0.002 -14"><span class='ocrx_word' id='word_1_87' title='bbox 324 1502 396 1546; x_wconf 89' lang='lat' dir='ltr'>cui</span> <span class='ocrx_word' id='word_1_88' title='bbox 413 1501 510 1544; x_wconf 87' lang='lat' dir='ltr'>finis</span> <span class='ocrx_word' id='word_1_89' title='bbox 528 1510 592 1545; x_wconf 89' lang='lat' dir='ltr'>est</span> <span class='ocrx_word' id='word_1_90' title='bbox 608 1516 690 1560; x_wconf 81' lang='lat' dir='ltr'>pax</span> <span class='ocrx_word' id='word_1_91' title='bbox 709 1509 886 1554; x_wconf 81' lang='lat' dir='ltr'>aeterna,</span> <span class='ocrx_word' id='word_1_92' title='bbox 902 1508 945 1543; x_wconf 89' lang='lat' dir='ltr'>et</span> <span class='ocrx_word' id='word_1_93' title='bbox 957 1508 1138 1543; x_wconf 85' lang='lat' dir='ltr'>vocatur</span> <span class='ocrx_word' id='word_1_94' title='bbox 1156 1498 1397 1543; x_wconf 87' lang='lat' dir='ltr'>Jerusalem</span> <span class='ocrx_word' id='word_1_95' title='bbox 1420 1519 1430 1555; x_wconf 80' lang='lat'><em>3</em></span> <span class='ocrx_word' id='word_1_96' title='bbox 1450 1498 1628 1543; x_wconf 89' lang='lat' dir='ltr'>alteram</span> <span class='ocrx_word' id='word_1_97' title='bbox 1644 1500 1715 1544; x_wconf 90' lang='lat' dir='ltr'>cui</span> 
     </span>
     <span class='ocr_line' id='line_1_17' title="bbox 325 1569 1715 1632; baseline -0.001 -16"><span class='ocrx_word' id='word_1_98' title='bbox 325 1572 536 1632; x_wconf 81' lang='lat' dir='ltr'>gaudium</span> <span class='ocrx_word' id='word_1_99' title='bbox 554 1580 617 1615; x_wconf 89' lang='lat' dir='ltr'>est</span> <span class='ocrx_word' id='word_1_100' title='bbox 645 1587 726 1631; x_wconf 84' lang='lat' dir='ltr'>pax</span> <span class='ocrx_word' id='word_1_101' title='bbox 748 1569 1013 1630; x_wconf 87' lang='lat' dir='ltr'>temporalis,</span> <span class='ocrx_word' id='word_1_102' title='bbox 1034 1579 1078 1614; x_wconf 88' lang='lat' dir='ltr'>et</span> <span class='ocrx_word' id='word_1_103' title='bbox 1094 1579 1275 1614; x_wconf 86' lang='lat' dir='ltr'>vocatur</span> <span class='ocrx_word' id='word_1_104' title='bbox 1297 1569 1552 1627; x_wconf 86' lang='lat' dir='ltr'>Babylonia.</span> <span class='ocrx_word' id='word_1_105' title='bbox 1573 1573 1715 1615; x_wconf 88' lang='lat' dir='ltr'>Inter-</span> 
     </span>
     <span class='ocr_line' id='line_1_18' title="bbox 323 1639 1716 1703; baseline -0.002 -16"><span class='ocrx_word' id='word_1_106' title='bbox 323 1643 589 1703; x_wconf 87' lang='lat' dir='ltr'>pretationes</span> <span class='ocrx_word' id='word_1_107' title='bbox 611 1643 740 1686; x_wconf 89' lang='lat' dir='ltr'>etiam</span> <span class='ocrx_word' id='word_1_108' title='bbox 758 1642 985 1686; x_wconf 87' lang='lat' dir='ltr'>nominum</span> <span class='ocrx_word' id='word_1_109' title='bbox 1002 1675 1014 1696; x_wconf 85' lang='lat'>,</span> <span class='ocrx_word' id='word_1_110' title='bbox 1039 1640 1073 1684; x_wconf 90' lang='lat' dir='ltr'>si</span> <span class='ocrx_word' id='word_1_111' title='bbox 1095 1656 1184 1685; x_wconf 89' lang='lat' dir='ltr'>non</span> <span class='ocrx_word' id='word_1_112' title='bbox 1207 1639 1357 1695; x_wconf 84' lang='lat' dir='ltr'>fallor,</span> <span class='ocrx_word' id='word_1_113' title='bbox 1382 1640 1538 1684; x_wconf 85' lang='lat' dir='ltr'>tenetis</span> <span class='ocrx_word' id='word_1_114' title='bbox 1562 1659 1571 1685; x_wconf 75' lang='grc' dir='ltr'>ε</span> <span class='ocrx_word' id='word_1_115' title='bbox 1592 1643 1716 1684; x_wconf 50' lang='grc' dir='ltr'>,Ῐεῑιᾙρ</span> 
     </span>
     <span class='ocr_line' id='line_1_19' title="bbox 325 1711 1714 1772; baseline -0.001 -14"><span class='ocrx_word' id='word_1_116' title='bbox 325 1713 459 1758; x_wconf 89' lang='lat' dir='ltr'>salem</span> <span class='ocrx_word' id='word_1_117' title='bbox 486 1712 789 1772; x_wconf 76' lang='lat' dir='ltr'>interpretari,</span> <span class='ocrx_word' id='word_1_118' title='bbox 819 1712 1030 1757; x_wconf 88' lang='lat' dir='ltr'>visionem</span> <span class='ocrx_word' id='word_1_119' title='bbox 1049 1712 1165 1771; x_wconf 86' lang='lat' dir='ltr'>pacis</span> <span class='ocrx_word' id='word_1_120' title='bbox 1184 1732 1195 1769; x_wconf 78' lang='lat'>3</span> <span class='ocrx_word' id='word_1_121' title='bbox 1219 1711 1505 1769; x_wconf 85' lang='lat' dir='ltr'>Babyloniam</span> <span class='ocrx_word' id='word_1_122' title='bbox 1520 1747 1531 1767; x_wconf 85' lang='lat'>‚</span> <span class='ocrx_word' id='word_1_123' title='bbox 1554 1711 1714 1756; x_wconf 89' lang='lat' dir='ltr'>confu-</span> 
     </span>
     <span class='ocr_line' id='line_1_20' title="bbox 324 1782 1768 1867; baseline -0.001 -38"><span class='ocrx_word' id='word_1_124' title='bbox 324 1785 506 1829; x_wconf 90' lang='lat' dir='ltr'>sionem.</span> <span class='ocrx_word' id='word_1_125' title='bbox 538 1782 778 1827; x_wconf 85' lang='lat' dir='ltr'>Jerusalem</span> <span class='ocrx_word' id='word_1_126' title='bbox 805 1782 852 1828; x_wconf 91' lang='lat' dir='ltr'>in</span> <span class='ocrx_word' id='word_1_127' title='bbox 888 1782 1129 1840; x_wconf 86' lang='lat' dir='ltr'>Babylonia</span> <span class='ocrx_word' id='word_1_128' title='bbox 1161 1783 1329 1842; x_wconf 83' lang='lat' dir='ltr'>captiva</span> <span class='ocrx_word' id='word_1_129' title='bbox 1360 1782 1591 1826; x_wconf 87' lang='lat' dir='ltr'>tenebatur</span> <span class='ocrx_word' id='word_1_130' title='bbox 1624 1798 1715 1828; x_wconf 90' lang='lat' dir='ltr'>non</span> <span class='ocrx_word' id='word_1_131' title='bbox 1764 1814 1768 1867; x_wconf 47' lang='grc' dir='ltr'><strong>ι</strong></span> 
     </span>
     <span class='ocr_line' id='line_1_21' title="bbox 324 1852 1715 1913; baseline -0.001 -13"><span class='ocrx_word' id='word_1_132' title='bbox 324 1864 417 1900; x_wconf 85' lang='lat' dir='ltr'>tota</span> <span class='ocrx_word' id='word_1_133' title='bbox 441 1874 450 1899; x_wconf 76' lang='grc' dir='ltr'>ε</span> <span class='ocrx_word' id='word_1_134' title='bbox 475 1854 590 1898; x_wconf 86' lang='lat' dir='ltr'>cives</span> <span class='ocrx_word' id='word_1_135' title='bbox 612 1853 729 1897; x_wconf 89' lang='lat' dir='ltr'>enim</span> <span class='ocrx_word' id='word_1_136' title='bbox 746 1854 836 1913; x_wconf 81' lang='lat' dir='ltr'>ejus</span> <span class='ocrx_word' id='word_1_137' title='bbox 859 1863 903 1897; x_wconf 92' lang='lat' dir='ltr'>et</span> <span class='ocrx_word' id='word_1_138' title='bbox 925 1853 1082 1912; x_wconf 84' lang='lat' dir='ltr'>Angeli</span> <span class='ocrx_word' id='word_1_139' title='bbox 1103 1862 1218 1897; x_wconf 89' lang='lat' dir='ltr'>sunt.</span> <span class='ocrx_word' id='word_1_140' title='bbox 1243 1854 1325 1898; x_wconf 88' lang='lat' dir='ltr'>Sed</span> <span class='ocrx_word' id='word_1_141' title='bbox 1344 1852 1465 1913; x_wconf 88' lang='lat' dir='ltr'>quod</span> <span class='ocrx_word' id='word_1_142' title='bbox 1487 1853 1642 1898; x_wconf 79' lang='lat' dir='ltr'>attinet</span> <span class='ocrx_word' id='word_1_143' title='bbox 1659 1853 1715 1898; x_wconf 92' lang='lat' dir='ltr'>ad</span> 
     </span>
     <span class='ocr_line' id='line_1_22' title="bbox 323 1922 1715 1984; baseline -0.001 -15"><span class='ocrx_word' id='word_1_144' title='bbox 323 1925 522 1970; x_wconf 88' lang='lat' dir='ltr'>homines</span> <span class='ocrx_word' id='word_1_145' title='bbox 540 1923 868 1984; x_wconf 83' lang='lat' dir='ltr'>praedestinatos</span> <span class='ocrx_word' id='word_1_146' title='bbox 882 1923 928 1966; x_wconf 91' lang='lat' dir='ltr'>in</span> <span class='ocrx_word' id='word_1_147' title='bbox 951 1923 1132 1982; x_wconf 85' lang='lat' dir='ltr'>gloriam</span> <span class='ocrx_word' id='word_1_148' title='bbox 1154 1923 1232 1968; x_wconf 90' lang='lat' dir='ltr'>Dei</span> <span class='ocrx_word' id='word_1_149' title='bbox 1251 1958 1262 1978; x_wconf 77' lang='grc'><em>,</em></span> <span class='ocrx_word' id='word_1_150' title='bbox 1288 1922 1459 1967; x_wconf 81' lang='lat' dir='ltr'>futuros</span> <span class='ocrx_word' id='word_1_151' title='bbox 1476 1938 1552 1982; x_wconf 91' lang='lat' dir='ltr'>per</span> <span class='ocrx_word' id='word_1_152' title='bbox 1577 1922 1715 1983; x_wconf 89' lang='lat' dir='ltr'>adop-</span> 
     </span>
     <span class='ocr_line' id='line_1_23' title="bbox 324 1992 1715 2054; baseline -0.003 -13"><span class='ocrx_word' id='word_1_153' title='bbox 324 1997 489 2041; x_wconf 80' lang='lat' dir='ltr'>tionem</span> <span class='ocrx_word' id='word_1_154' title='bbox 511 1994 759 2039; x_wconf 87' lang='lat' dir='ltr'>cohaeredes</span> <span class='ocrx_word' id='word_1_155' title='bbox 786 1994 970 2048; x_wconf 88' lang='lat' dir='ltr'>Christi,</span> <span class='ocrx_word' id='word_1_156' title='bbox 995 2009 1103 2054; x_wconf 87' lang='lat' dir='ltr'>quos</span> <span class='ocrx_word' id='word_1_157' title='bbox 1125 1993 1180 2037; x_wconf 84' lang='lat' dir='ltr'>de</span> <span class='ocrx_word' id='word_1_158' title='bbox 1204 1993 1295 2052; x_wconf 86' lang='lat' dir='ltr'>ipsa</span> <span class='ocrx_word' id='word_1_159' title='bbox 1318 1994 1567 2052; x_wconf 82' lang='lat' dir='ltr'>captivitate</span> <span class='ocrx_word' id='word_1_160' title='bbox 1590 1992 1715 2043; x_wconf 72' lang='lat' dir='ltr'>rede-</span> 
     </span>
     <span class='ocr_line' id='line_1_24' title="bbox 325 2064 1713 2124; baseline -0.001 -14"><span class='ocrx_word' id='word_1_161' title='bbox 325 2067 406 2111; x_wconf 88' lang='lat' dir='ltr'>mit</span> <span class='ocrx_word' id='word_1_162' title='bbox 427 2065 637 2124; x_wconf 84' lang='lat' dir='ltr'>sanguine</span> <span class='ocrx_word' id='word_1_163' title='bbox 658 2080 736 2109; x_wconf 89' lang='lat' dir='ltr'>suo</span> <span class='ocrx_word' id='word_1_164' title='bbox 759 2083 767 2109; x_wconf 79' lang='lat' dir='ltr'>z</span> <span class='ocrx_word' id='word_1_165' title='bbox 792 2064 1048 2124; x_wconf 85' lang='lat' dir='ltr'>particulam</span> <span class='ocrx_word' id='word_1_166' title='bbox 1066 2079 1169 2122; x_wconf 82' lang='lat' dir='ltr'>ergo</span> <span class='ocrx_word' id='word_1_167' title='bbox 1189 2064 1315 2108; x_wconf 88' lang='lat' dir='ltr'>istam</span> <span class='ocrx_word' id='word_1_168' title='bbox 1336 2064 1519 2108; x_wconf 86' lang='lat' dir='ltr'>civitatis</span> <span class='ocrx_word' id='word_1_169' title='bbox 1537 2067 1713 2109; x_wconf 87' lang='lat' dir='ltr'>Jerusa-</span> 
     </span>
     <span class='ocr_line' id='line_1_25' title="bbox 324 2133 1714 2194; baseline -0.001 -14"><span class='ocrx_word' id='word_1_170' title='bbox 324 2137 414 2180; x_wconf 89' lang='lat' dir='ltr'>lem</span> <span class='ocrx_word' id='word_1_171' title='bbox 436 2136 653 2194; x_wconf 84' lang='lat' dir='ltr'>captivam</span> <span class='ocrx_word' id='word_1_172' title='bbox 683 2135 821 2178; x_wconf 86' lang='lat' dir='ltr'>teneri</span> <span class='ocrx_word' id='word_1_173' title='bbox 850 2134 896 2177; x_wconf 87' lang='lat' dir='ltr'>in</span> <span class='ocrx_word' id='word_1_174' title='bbox 930 2133 1167 2191; x_wconf 89' lang='lat' dir='ltr'>Babylonia</span> <span class='ocrx_word' id='word_1_175' title='bbox 1196 2150 1273 2193; x_wconf 93' lang='lat' dir='ltr'>pro</span> <span class='ocrx_word' id='word_1_176' title='bbox 1295 2143 1470 2193; x_wconf 86' lang='lat' dir='ltr'>peccato</span> <span class='ocrx_word' id='word_1_177' title='bbox 1488 2169 1499 2189; x_wconf 82' lang='lat'>‚</span> <span class='ocrx_word' id='word_1_178' title='bbox 1523 2135 1714 2193; x_wconf 88' lang='lat' dir='ltr'>incipere</span> 
     </span>
     <span class='ocr_line' id='line_1_26' title="bbox 326 2203 1714 2263; baseline -0.001 -13"><span class='ocrx_word' id='word_1_179' title='bbox 326 2215 473 2250; x_wconf 88' lang='lat' dir='ltr'>autem</span> <span class='ocrx_word' id='word_1_180' title='bbox 504 2204 607 2249; x_wconf 89' lang='lat' dir='ltr'>inde</span> <span class='ocrx_word' id='word_1_181' title='bbox 629 2204 742 2248; x_wconf 82' lang='lat' dir='ltr'>exire</span> <span class='ocrx_word' id='word_1_182' title='bbox 763 2204 882 2263; x_wconf 87' lang='lat' dir='ltr'>prius</span> <span class='ocrx_word' id='word_1_183' title='bbox 899 2203 1029 2248; x_wconf 87' lang='lat' dir='ltr'>corde</span> <span class='ocrx_word' id='word_1_184' title='bbox 1051 2219 1128 2263; x_wconf 90' lang='lat' dir='ltr'>per</span> <span class='ocrx_word' id='word_1_185' title='bbox 1143 2203 1459 2248; x_wconf 87' lang='lat' dir='ltr'>confessionem</span> <span class='ocrx_word' id='word_1_186' title='bbox 1475 2204 1714 2263; x_wconf 85' lang='lat' dir='ltr'>iniquitatis</span> 
     </span>
     <span class='ocr_line' id='line_1_27' title="bbox 326 2273 1799 2334; baseline -0.001 -14"><span class='ocrx_word' id='word_1_187' title='bbox 326 2287 369 2321; x_wconf 88' lang='lat' dir='ltr'>ct</span> <span class='ocrx_word' id='word_1_188' title='bbox 386 2276 640 2320; x_wconf 89' lang='lat' dir='ltr'>charitatem</span> <span class='ocrx_word' id='word_1_189' title='bbox 658 2274 837 2334; x_wconf 81' lang='lat' dir='ltr'>justitiae</span> <span class='ocrx_word' id='word_1_190' title='bbox 858 2309 869 2329; x_wconf 80' lang='lat'>,</span> <span class='ocrx_word' id='word_1_191' title='bbox 895 2273 1052 2318; x_wconf 85' lang='lat' dir='ltr'>deinde</span> <span class='ocrx_word' id='word_1_192' title='bbox 1074 2283 1221 2333; x_wconf 85' lang='lat' dir='ltr'>postea</span> <span class='ocrx_word' id='word_1_193' title='bbox 1241 2274 1288 2333; x_wconf 75' lang='lat' dir='ltr'>in</span> <span class='ocrx_word' id='word_1_194' title='bbox 1310 2275 1396 2317; x_wconf 89' lang='lat' dir='ltr'>fine</span> <span class='ocrx_word' id='word_1_195' title='bbox 1417 2273 1563 2317; x_wconf 82' lang='lat' dir='ltr'>saeculi</span> <span class='ocrx_word' id='word_1_196' title='bbox 1583 2274 1713 2319; x_wconf 90' lang='lat' dir='ltr'>etiam</span> <span class='ocrx_word' id='word_1_197' title='bbox 1795 2288 1799 2318; x_wconf 75' lang='grc' dir='ltr'>ι</span> 
     </span>
     <span class='ocr_line' id='line_1_28' title="bbox 323 2343 1815 2406; baseline -0.003 -15"><span class='ocrx_word' id='word_1_198' title='bbox 323 2362 504 2406; x_wconf 89' lang='lat' dir='ltr'>corpore</span> <span class='ocrx_word' id='word_1_199' title='bbox 521 2344 821 2405; x_wconf 81' lang='lat' dir='ltr'>separandam,</span> <span class='ocrx_word' id='word_1_200' title='bbox 837 2343 1238 2389; x_wconf 88' lang='lat' dir='ltr'>commendavimus</span> <span class='ocrx_word' id='word_1_201' title='bbox 1252 2345 1298 2388; x_wconf 92' lang='lat' dir='ltr'>in</span> <span class='ocrx_word' id='word_1_202' title='bbox 1315 2360 1366 2388; x_wconf 90' lang='lat' dir='ltr'>eo</span> <span class='ocrx_word' id='word_1_203' title='bbox 1382 2344 1564 2398; x_wconf 86' lang='lat' dir='ltr'>Psalmo,</span> <span class='ocrx_word' id='word_1_204' title='bbox 1580 2359 1713 2403; x_wconf 86' lang='lat' dir='ltr'>quem</span> <span class='ocrx_word' id='word_1_205' title='bbox 1796 2361 1815 2402; x_wconf 48' lang='lat' dir='ltr'>app</span> 
     </span>
     <span class='ocr_line' id='line_1_29' title="bbox 319 2414 1815 2477; baseline -0.002 -16"><span class='ocrx_word' id='word_1_206' title='bbox 319 2418 461 2477; x_wconf 88' lang='lat' dir='ltr'>primo</span> <span class='ocrx_word' id='word_1_207' title='bbox 487 2417 556 2461; x_wconf 89' lang='lat' dir='ltr'>hic</span> <span class='ocrx_word' id='word_1_208' title='bbox 579 2431 679 2460; x_wconf 89' lang='lat' dir='ltr'>cum</span> <span class='ocrx_word' id='word_1_209' title='bbox 702 2418 854 2460; x_wconf 86' lang='lat' dir='ltr'>Vestra</span> <span class='ocrx_word' id='word_1_210' title='bbox 878 2415 1116 2460; x_wconf 84' lang='lat' dir='ltr'>Dilectione</span> <span class='ocrx_word' id='word_1_211' title='bbox 1137 2414 1413 2460; x_wconf 87' lang='lat' dir='ltr'>tractavimus</span> <span class='ocrx_word' id='word_1_212' title='bbox 1427 2449 1438 2471; x_wconf 87' lang='lat'>,</span> <span class='ocrx_word' id='word_1_213' title='bbox 1457 2415 1534 2475; x_wconf 89' lang='lat' dir='ltr'>qui</span> <span class='ocrx_word' id='word_1_214' title='bbox 1551 2415 1610 2459; x_wconf 82' lang='lat' dir='ltr'>ita</span> <span class='ocrx_word' id='word_1_215' title='bbox 1630 2414 1699 2458; x_wconf 88' lang='lat' dir='ltr'>in·</span> <span class='ocrx_word' id='word_1_216' title='bbox 1802 2447 1815 2474; x_wconf 21' lang='lat'>¹]</span> 
     </span>
    </p>
   </div>
   <div class='ocr_carea' id='block_1_8' title="bbox 374 2510 1813 2573">
    <p class='ocr_par' dir='ltr' id='par_1_8' title="bbox 374 2510 1813 2573">
     <span class='ocr_line' id='line_1_30' title="bbox 374 2510 1813 2573; baseline -0.002 -28"><span class='ocrx_word' id='word_1_217' title='bbox 374 2521 383 2537; x_wconf 88' lang='lat'><em>¹</em></span> <span class='ocrx_word' id='word_1_218' title='bbox 400 2513 479 2546; x_wconf 88' lang='lat' dir='ltr'>Vide</span> <span class='ocrx_word' id='word_1_219' title='bbox 498 2516 536 2546; x_wconf 94' lang='lat' dir='ltr'>D.</span> <span class='ocrx_word' id='word_1_220' title='bbox 562 2512 685 2546; x_wconf 86' lang='lat' dir='ltr'>Guillon</span> <span class='ocrx_word' id='word_1_221' title='bbox 701 2537 711 2554; x_wconf 83' lang='lat'><em>‚</em></span> <span class='ocrx_word' id='word_1_222' title='bbox 731 2516 808 2545; x_wconf 90' lang='lat' dir='ltr'>tom.</span> <span class='ocrx_word' id='word_1_223' title='bbox 825 2522 912 2553; x_wconf 73' lang='lat' dir='ltr'>xxii,</span> <span class='ocrx_word' id='word_1_224' title='bbox 929 2522 999 2554; x_wconf 84' lang='lat' dir='ltr'>pag.</span> <span class='ocrx_word' id='word_1_225' title='bbox 1019 2510 1134 2544; x_wconf 76' lang='lat'><strong>66-68.</strong></span> <span class='ocrx_word' id='word_1_226' title='bbox 1758 2533 1761 2573; x_wconf 57' lang='lat'>1</span> <span class='ocrx_word' id='word_1_227' title='bbox 1811 2522 1813 2536; x_wconf 69' lang='grc' dir='ltr'><em>ι</em></span> 
     </span>
    </p>
   </div>
   <div class='ocr_carea' id='block_1_9' title="bbox 1755 2438 1763 3182">
    <p class='ocr_par' dir='ltr' id='par_1_9' title="bbox 1755 2438 1763 3182">
     <span class='ocr_line' id='line_1_31' title="bbox 1755 2438 1763 3182; baseline 0 0"><span class='ocrx_word' id='word_1_228' title='bbox 1755 2438 1763 3182; x_wconf 95' lang='lat' dir='ltr'> </span> 
     </span>
    </p>
   </div>
  </div>
 </body>
</html>
