1815 3253
324 274 405 311 100
760 284 793 310 s.
829 265 1058 310 mensa-nvi
1090 282 1271 312 Emscom

317 362 438 404 rum3
469 344 612 391 flenda
649 347 692 390 in
715 345 843 390 rebus
872 346 1072 391 humanis
1099 347 1322 392 advertite.
1349 351 1524 392 Poterat
1556 347 1697 391 ridere

319 417 434 474 prius
455 431 563 477 puer
587 416 661 477 qui
684 417 873 461 nascitur
895 435 902 461 :
930 433 1063 477 quare
1085 433 1108 462 a
1129 418 1234 462 fletu
1258 418 1408 478 incipit
1424 417 1599 462 vivere?
1621 417 1699 461 Ri-

317 487 419 532 dere
441 486 637 531 nondum
660 486 795 541 novit,
821 502 955 547 quare
975 486 1144 546 plorare
1157 490 1248 549 jam
1267 489 1417 533 novit?
1439 488 1541 548 quia
1563 488 1698 547 coepit

319 559 378 603 ire
399 558 444 602 in
462 558 585 603 istam
602 557 750 602 vitam.
775 559 859 602 Sed
876 558 910 601 si
932 557 985 602 de
1003 557 1085 603 illis
1101 559 1277 619 captivis
1295 569 1373 616 est,
1389 559 1459 603 hic
1477 559 1554 603 sset
1572 568 1615 603 et
1628 574 1699 618 ge-

318 629 398 673 mit
423 647 431 674 :
457 627 532 672 sed
559 628 704 673 veniet
726 628 950 686 gaudium.

373 703 453 744 XI.
483 699 685 760 Sequitur
702 699 819 743 enim
835 718 844 744 ;
863 718 884 742 «
903 699 990 752 Qui
1006 699 1219 745 seminant
1234 701 1280 745 in
1299 700 1516 759 lacrymis,
1530 700 1575 744 in
1591 716 1700 760 gau-

320 792 340 815 »
376 771 448 817 dio
471 773 676 815 metent¹.
701 789 721 813 »
751 774 802 815 ln
823 771 902 815 ista
920 771 1028 826 vita,
1054 788 1153 832 quae
1175 772 1303 832 plena
1320 782 1384 816 est
1403 772 1620 830 lacrymis,
1637 788 1699 816 se-

315 843 547 887 minemus.
574 841 690 894 Quid
713 841 1051 885 seminabimus?
1082 843 1223 902 Opera
1247 843 1375 899 hona.
1408 844 1548 904 Opera
1565 842 1699 888 mise-

315 912 512 974 rieordiae
544 912 706 955 semina
743 920 888 955 nostra
919 920 1020 956 sunt
1051 931 1060 957 ε
1096 912 1151 956 de
1180 913 1340 973 quibus
1372 914 1607 958 seminibus
1640 915 1698 958 ait

313 984 546 1045 Apostolus
578 1002 588 1028 :
623 1002 643 1025 «
681 986 853 1028 Bonum
885 992 1029 1027 autem
1051 982 1258 1029 facientes
1291 1001 1380 1030 non
1416 984 1694 1044 deficiamus3

315 1075 336 1099 »
372 1066 568 1116 tempore
599 1054 714 1099 enim
750 1054 924 1114 proprio
959 1063 1170 1099 metemus
1201 1055 1506 1114 infatigabiles.
1543 1059 1697 1116 Itaque

316 1146 337 1170 »
372 1126 478 1172 dum
518 1136 688 1186 tempus
722 1125 932 1169 habemus
961 1140 1191 1184 operemur
1223 1125 1390 1171 bonum
1422 1125 1477 1171 ad
1516 1141 1693 1182 omnes,

316 1216 338 1240 »
372 1197 556 1241 maxime
578 1205 723 1240 autem
745 1194 800 1239 ad
822 1194 1078 1240 domesticos
1100 1195 1201 1240 fidei
1215 1198 1248 1240 ².
1278 1215 1297 1238 »
1324 1200 1526 1257 Loquens
1549 1197 1696 1257 itaque

313 1268 369 1313 de
396 1267 497 1327 ipsis
525 1265 807 1324 eleemosynis
835 1264 944 1326 quid
974 1266 1066 1310 ait?
1092 1285 1111 1308 «
1139 1269 1231 1311 Hoc
1259 1276 1403 1311 autem
1435 1268 1530 1312 dico
1566 1286 1574 1312 ι
1610 1267 1696 1320 Qui

317 1357 337 1381 »
372 1354 500 1399 parce
522 1338 731 1392 seminat,
756 1351 883 1397 parce
900 1346 943 1380 et
964 1346 1098 1380 metet
1112 1337 1173 1380 ³.»
1193 1340 1306 1396 Ergo
1328 1338 1404 1398 qui
1426 1337 1613 1382 multum
1627 1353 1696 1381 se-

312 1411 449 1455 minat
469 1445 479 1465 ,
501 1407 690 1452 multum
711 1417 844 1452 metet
865 1427 874 1452 :
899 1408 1015 1461 «Qui
1037 1423 1164 1467 parce
1187 1410 1385 1464 seminat,
1408 1424 1535 1468 parce
1554 1418 1597 1453 ct
1613 1424 1696 1452 me-

1765 1451 1767 1467 ι

316 1500 336 1524 »
372 1490 433 1526 tet
454 1500 463 1526 ε
494 1501 512 1522 »
538 1489 582 1524 et
603 1480 674 1540 qui
698 1478 806 1522 nihil
828 1478 1011 1522 seminat
1027 1512 1038 1533 ,
1064 1478 1173 1522 nihil
1194 1488 1343 1522 metet.
1368 1481 1510 1532 Quare
1532 1478 1698 1522 deside·
1764 1494 1765 1506 ³

312 1554 414 1597 ratis
441 1551 550 1596 latos
578 1548 737 1595 fundos
755 1585 765 1605 ,
802 1549 880 1593 ubi
914 1549 1051 1593 multa
1078 1550 1240 1594 semina
1268 1550 1515 1594 seminetis?
1550 1550 1696 1595 Latior
1760 1548 1764 1607 ,ἶ

312 1623 434 1668 vobis
459 1637 547 1666 non
566 1630 628 1665 est
653 1620 725 1664 ubi
749 1619 981 1674 seminetis,
1004 1635 1136 1680 quam
1149 1620 1344 1665 Christus
1360 1655 1370 1674 ‚
1397 1621 1471 1680 qui
1493 1635 1537 1664 se
1557 1619 1697 1664 voluit

312 1692 527 1738 seminari.
566 1694 695 1735 Terra
730 1699 871 1735 vestra
904 1688 1093 1734 Ecclesia
1124 1699 1216 1748 est3
1254 1691 1458 1734 seminate
1480 1700 1693 1750 quantum
1756 1715 1759 1755 .'

310 1763 503 1825 potestis.
532 1760 615 1807 Sed
637 1775 792 1820 parum
825 1760 957 1804 habes
988 1759 1105 1803 unde
1137 1758 1280 1804 facias.
1317 1761 1460 1804 Habes
1489 1760 1694 1805 volunta-
1755 1758 1758 1807 -Ϊ

312 1836 432 1881 tem?
459 1832 690 1888 Quomodo
725 1831 834 1876 nihil
870 1840 978 1875 esset
1012 1831 1131 1891 quod
1164 1831 1322 1886 habes,
1354 1831 1499 1875 sinon
1528 1832 1695 1876 adesset
1752 1846 1755 1889 J

312 1910 428 1952 bona
450 1905 651 1951 voluntas
672 1923 680 1948 ε
704 1903 763 1948 sic
785 1912 828 1947 et
849 1903 948 1963 quia
968 1918 1057 1946 non
1083 1902 1233 1957 habes,
1259 1902 1349 1946 noli
1369 1918 1458 1946 esse
1481 1903 1608 1946 tristis
1625 1937 1636 1958 ,
1661 1902 1696 1946 si

312 1987 375 2022 est
403 1977 482 2021 tihi
509 1977 621 2020 bona
652 1973 868 2019 voluntas.
904 1973 1021 2026 Quid
1058 1973 1172 2016 enim
1203 1972 1423 2016 seminas?
1448 1973 1694 2017 Misericor-

313 2049 442 2093 diam.
467 2050 524 2091 Et
551 2044 658 2107 quid
679 2046 848 2089 metes?
869 2047 1041 2088 Pacem.
1065 2043 1290 2103 Numquid
1316 2052 1462 2087 autem
1491 2043 1694 2088 dixerunt
1748 2067 1767 2071 w

313 2118 469 2179 Angeli
493 2138 501 2163 z
526 2121 613 2162 Pax
640 2117 686 2160 in
708 2126 818 2160 terra
841 2113 1048 2159 divitibus
1070 2115 1320 2159 hominibus
1340 2136 1350 2172 ς
1376 2114 1451 2159 sed
1467 2151 1477 2171 ‚
1506 2135 1524 2156 α
1547 2119 1634 2159 Pax
1650 2116 1696 2160 in
1744 2139 1747 2148 ι

315 2209 336 2233 »
372 2200 484 2234 terra
501 2187 751 2232 hominibus
771 2186 898 2231 bonae
914 2184 1151 2230 voluntatis
1167 2186 1227 2229 4.»
1241 2188 1291 2229 In
1312 2186 1518 2230 Zacehaeo
1538 2201 1696 2245 magna
1742 2200 1745 2252 J

312 2259 530 2313 voluntas,
546 2258 590 2301 in
613 2257 820 2301 Zacchaeo
842 2255 1024 2300 charitas
1047 2270 1216 2313 magna.
1241 2255 1436 2315 Suscepit
1458 2256 1695 2300 Dominum
1740 2310 1742 2320 ‚

312 2331 500 2391 hospitio
522 2365 532 2385 ,
563 2327 752 2388 gaudens
785 2327 995 2386 suscepit,
1034 2335 1077 2370 et
1104 2325 1332 2370 dimidium
1354 2327 1603 2386 patrimonii
1630 2326 1695 2370 sui
1739 2326 1741 2341 “

313 2400 578 2462 pauperibus
600 2398 794 2458 promisit
814 2413 857 2441 se
879 2396 1106 2451 daturum,
1127 2406 1169 2441 et
1186 2397 1219 2440 si
1236 2397 1304 2440 cui
1320 2397 1485 2457 aliquid
1510 2397 1697 2440 abstule-

315 2482 408 2528 rat,
434 2469 727 2532 quadruplum
766 2466 1070 2511 redditurum⁵
1095 2486 1104 2512 2
1131 2476 1179 2511 ut
1214 2466 1427 2526 intelligas
1463 2476 1694 2527 propterea
1734 2463 1737 2529 J

364 2566 372 2582 ¹
394 2557 472 2590 Psal.
491 2567 587 2597 cxxv,
611 2555 641 2587 5.
663 2571 702 2577 —-
724 2561 736 2576 ¹
755 2553 854 2587 Galat.
878 2564 923 2594 vi,
942 2552 1039 2586 8-10.
1062 2570 1101 2575 ——
1123 2550 1136 2576 3
1155 2561 1174 2586 2
1193 2554 1264 2585 Cor.
1282 2563 1327 2594 ix,
1344 2553 1375 2584 6,
1398 2569 1439 2575 --
1456 2551 1471 2583 4
1489 2554 1565 2584 Luc.
1586 2563 1624 2594 11,
1641 2551 1690 2594 14.

314 2631 355 2638 --
371 2612 384 2638 5
403 2614 447 2646 ld,
471 2623 535 2654 xix,
554 2610 630 2644 6-8.

1732 2531 1734 2550 l

1731 2557 1734 2579 Ι

1730 2581 1733 2626 ι’

1730 2635 1731 2649 i
