1815 3253
357 230 410 269 98
797 235 831 266 s.
865 239 1097 270 Aneus'nm
1129 243 1311 272 Emscom

352 305 484 349 intus.
513 302 696 350 Custodi
717 317 763 349 os
785 302 927 349 cordis
947 320 970 350 a
993 305 1131 363 malo,
1155 316 1199 351 et
1221 307 1430 352 innocens
1459 309 1541 353 eris
1559 342 1571 364 ‚
1606 309 1738 353 inno·
1791 311 1793 331 ³

354 389 455 419 cens
482 374 564 419 erit
598 373 749 434 lingua
785 375 976 434 corporis
1003 377 1097 432 tui,
1121 377 1374 422 innocentes
1406 393 1559 423 manus
1580 388 1736 437 erunt3

352 444 482 490 etiam
502 444 633 505 pedes
654 445 906 490 innocentes
927 455 1071 503 erunt,
1091 446 1207 492 oculi
1222 448 1475 492 innocentes
1494 458 1637 503 erunt,
1658 463 1738 494 au·-

354 531 420 560 res
439 516 692 561 innocentes
715 526 859 572 erunt,
885 517 1031 561 omnia
1055 518 1249 562 membra
1278 527 1353 562 tua
1378 518 1559 579 justitiae
1580 519 1739 564 milita-

355 586 493 643 bunt,
518 586 620 648 quia
642 587 877 646 imperator
889 588 1030 649 justus
1052 588 1196 633 tenuit
1216 604 1305 633 cor.

411 661 490 703 IX.
511 676 532 700 «
552 660 673 702 Tunc.
689 658 836 703 dicent
856 659 971 703 inter
995 660 1156 703 Gentes
1176 679 1184 704 z
1212 659 1508 718 Magnifieavit
1530 659 1740 705 Dominus
1775 677 1778 702 2
1800 683 1802 689 ·

353 747 374 771 »
394 728 537 773 facere
554 743 656 773 cum
671 729 745 773 eis.
764 729 1061 787 Magnificavit
1083 729 1295 774 Dominus
1319 727 1461 774 faeere
1484 730 1736 790 nobiscum3
1773 758 1776 768 ·

353 817 375 841 »
409 798 515 844 facti
535 814 684 844 sumus
701 798 934 859 jucundati
953 802 1014 844 ¹.»
1035 799 1206 852 Videte,
1231 799 1402 854 fratres,
1427 799 1461 843 si
1482 799 1616 844 modo
1635 800 1741 846 Sion

351 885 443 913 non
463 869 575 914 illud
596 870 702 914 dicit
722 869 835 913 inter
857 871 1041 925 Gentes,
1062 885 1139 929 per
1161 878 1304 914 totum
1325 869 1478 913 orbem
1500 879 1737 916 terrarum:
1770 884 1773 912 z

349 939 494 985 videte
511 941 546 985 si
567 956 658 985 non
673 939 729 984 ad
745 940 981 985 Ecclesiam
998 940 1202 986 curritur.
1219 943 1269 985 ln
1289 949 1378 985 toto
1398 941 1504 985 orbe
1527 950 1741 986 terrarum

350 1011 542 1070 pretium
563 1019 760 1056 nostrum
789 1010 1033 1070 accipitur3
1070 1013 1210 1055 Amen
1246 1010 1545 1070 respondetur.
1579 1011 1741 1057 Dicunt

353 1096 456 1140 ergo
476 1081 589 1125 inter
611 1082 770 1125 Gentes
793 1080 1144 1139 Jerosolymitani
1165 1081 1324 1140 captivi
1341 1117 1352 1136 ,
1388 1081 1740 1139 Jerosolymitani

351 1152 550 1208 redituri,
577 1152 817 1212 peregrini,
841 1153 1101 1212 suspirantes
1125 1153 1274 1212 patriae
1297 1169 1401 1197 suae.
1428 1153 1544 1206 Quid
1562 1154 1740 1199 dicunt?
1769 1168 1771 1170 ·

357 1242 378 1265 «
411 1223 706 1282 Magnificavit
740 1223 949 1267 Dominus
990 1222 1131 1267 faeere
1159 1223 1417 1279 nobiscum,
1459 1222 1562 1268 facti
1593 1239 1740 1269 sumus

353 1312 374 1336 »
403 1294 650 1354 jucundati.
676 1312 696 1336 »
728 1292 952 1354 Numquid
974 1294 1054 1354 ipsi
1088 1310 1236 1339 secum
1261 1294 1496 1340 fecerunt?
1519 1296 1605 1355 Ipsi
1626 1295 1764 1340 male

351 1380 500 1410 secum
522 1365 742 1421 fecerunt,
775 1365 877 1425 quia
911 1364 993 1409 sub
1025 1374 1206 1424 peccato
1237 1380 1282 1409 se
1312 1364 1621 1410 vendiderunt.
1649 1369 1740 1410 Re-
1755 1359 1765 1407 5ss

354 1434 556 1495 demptor
575 1435 719 1490 venit,
754 1444 797 1479 et
815 1434 928 1479 bene
950 1450 1050 1479 eum
1070 1434 1152 1479 illis
1175 1433 1278 1479 fecit
1299 1453 1308 1479 ε
1334 1444 1378 1480 et
1401 1454 1422 1477 «
1446 1435 1741 1494 Magnificavit
1760 1432 1762 1483 ᾗ

357 1524 378 1547 »
413 1506 623 1551 Dominus
655 1505 797 1549 facere
829 1520 932 1550 eum
950 1504 1025 1549 eis.
1050 1504 1343 1563 Magnificavit
1362 1505 1571 1550 Dominus
1598 1505 1740 1551 facere

359 1595 380 1618 n
415 1577 643 1622 nobiscum
660 1597 672 1634 3
691 1573 795 1621 facti
816 1591 963 1619 sumus
980 1574 1227 1635 jucundati.
1253 1593 1274 1615 »

414 1648 472 1691 X.
495 1666 517 1690 «
552 1649 769 1692 Converte
788 1680 799 1702 ‚
831 1645 1032 1700 Domine,
1057 1645 1353 1705 captivitatem
1384 1655 1575 1690 nostram
1597 1681 1608 1701 ,
1629 1647 1740 1692 sicut

359 1736 381 1760 ³>
417 1727 583 1763 torrens
606 1718 652 1762 in
677 1719 868 1762 austro².
896 1735 922 1758 η
948 1715 1066 1770 Quid
1096 1717 1150 1760 sit
1178 1717 1288 1772 hoe,
1324 1716 1520 1761 attendat
1543 1718 1750 1782 Charitas·

356 1790 522 1834 Vestra.
549 1791 646 1833 Jam
668 1787 836 1832 dixerat
861 1805 870 1832 z
895 1805 916 1830 «
939 1788 1053 1832 Cum
1080 1795 1353 1831 converteret
1375 1788 1585 1831 Dominus
1602 1787 1742 1848 capti-

360 1877 382 1901 »
415 1859 595 1904 vitatem
620 1859 771 1904 Sion.»
793 1857 925 1911 Quasi
946 1856 1001 1901 de
1022 1857 1242 1917 praeterito
1263 1856 1527 1918 loquebatur
1548 1877 1557 1902 :
1583 1857 1659 1902 sed
1675 1873 1762 1902 so-

356 1930 419 1975 let
440 1930 533 1974 fieri
554 1938 605 1973 ut
621 1930 676 1974 de
697 1929 916 1989 praeterito
941 1927 1125 1988 loquens
1141 1963 1158 1984 ,
1181 1926 1331 1972 futura
1352 1928 1616 1988 praenuntiet
1637 1932 1740 1974 Pro-

357 2002 506 2062 pheta.
531 2003 640 2046 Nam
662 2000 787 2060 quasi
808 1999 863 2044 de
885 1999 1105 2059 praeterito
1125 1998 1390 2059 loquebatur
1409 2033 1420 2054 ,
1455 2015 1557 2044 cum
1583 2001 1629 2044 in
1659 2000 1738 2045 alio

361 2070 533 2117 Psalmo
554 2070 715 2115 diceret
743 2089 752 2115 ι
781 2088 801 2112 ‹<
827 2069 1052 2115 Foderunt
1072 2084 1226 2113 manus
1246 2084 1362 2113 meas
1379 2077 1422 2113 et
1443 2068 1574 2128 pedes
1591 2085 1709 2115 meos
1728 2104 1736 2126 e

363 2161 384 2185 »
419 2141 808 2187 dinumeraverunt
824 2140 968 2185 omnia
989 2155 1082 2184 ossa
1104 2155 1200 2183 mea
1213 2140 1244 2182 3.
1269 2157 1288 2181 »
1315 2141 1412 2183 Non
1431 2138 1564 2194 dixit,
1591 2138 1735 2185 fossuri

360 2223 492 2272 sunt3
517 2230 607 2259 non
623 2213 733 2258 dixit
749 2247 760 2269 ,
786 2211 1160 2268 Dinumerabunt3
1180 2226 1269 2255 non
1286 2209 1420 2266 dixit,
1441 2210 1644 2256 Divident
1663 2211 1732 2256 sib

360 2285 618 2331 vestimenta
639 2298 768 2340 mea3
803 2298 893 2327 non
929 2281 1062 2337 dixit,
1096 2283 1234 2341 Super
1262 2281 1570 2326 vestimentum
1599 2297 1731 2326 menn

363 2357 539 2402 mittent
557 2364 738 2400 sortem:
755 2351 902 2398 futura
924 2361 1070 2407 erant,
1095 2362 1138 2397 et
1159 2352 1281 2412 quasi
1299 2352 1413 2396 facta
1437 2353 1726 2397 cantabantur

363 2427 521 2472 Omnia
555 2425 671 2470 enim
691 2439 790 2484 quae
819 2422 968 2468 futura
994 2431 1096 2468 sunt
1112 2457 1123 2477 ,
1155 2425 1245 2467 Deo
1262 2424 1352 2484 jam
1380 2421 1494 2467 faeta
1515 2432 1631 2468 sunt.
1664 2423 1728 2468 Hi<

362 2513 465 2556 ergo
482 2511 584 2542 cum
604 2495 792 2540 diceret:
817 2512 838 2536 «
861 2495 974 2539 Cum
997 2501 1269 2538 converteret
1290 2493 1499 2538 Dominus
1518 2493 1725 2554 captivita-

414 2591 423 2608 ι
446 2582 514 2615 Psal
531 2591 626 2622 cxxv,
644 2579 678 2613 3.
697 2595 738 2604 -
758 2585 772 2602 ¹
793 2577 874 2610 Ibid.
891 2576 924 2619 4.
943 2593 986 2601 -
1005 2575 1020 2601 ³
1038 2577 1085 2609 Id.
1105 2588 1170 2615 xxi,
1191 2587 1242 2619 17.
