1815 3253
361 233 447 273 430
782 244 817 272 s.
852 243 1082 277 Aucus-nm
1113 245 1296 278 Emscom

358 308 419 353 hil
438 323 585 367 ageres
600 342 612 363 ,
636 322 725 353 non
742 317 972 353 vocaretur
993 308 1166 369 adjutor
1190 328 1200 354 :
1221 308 1394 369 adjutor
1427 310 1545 354 enim
1570 309 1738 372 aliquid

358 387 559 437 agentem
584 378 776 439 adjuvat.
805 379 1002 439 Denique
1025 394 1126 424 cum
1159 380 1358 435 dixisset,
1387 399 1408 423 «
1438 383 1549 426 Caro
1572 397 1738 427 concu-

359 466 380 490 »
415 449 541 508 piscit
563 448 765 495 adversus
786 449 985 508 spiritum
1005 483 1016 504 ,
1041 458 1084 501 et
1113 450 1285 509 spiritus
1308 450 1511 503 adversus
1532 467 1706 496 carnem
1721 486 1733 508 ‚

358 535 380 560 »
405 528 455 563 ut
475 534 564 569 non
584 533 633 563 ea
655 534 754 578 quae
771 518 903 564 vultis
918 554 929 575 ,
955 518 1121 563 faciatis
1142 537 1186 576 3»
1202 529 1245 565 et
1265 520 1557 580 proposuisset
1576 530 1616 565 te
1637 531 1738 572 ante
1778 563 1781 576 <
1811 529 1815 545 ¹

355 597 420 644 te,
449 589 585 634 veluti
618 589 892 634 deficientem
919 598 962 633 te
989 589 1035 633 in
1057 598 1100 634 te
1116 624 1128 645 ,
1153 590 1362 635 continuo
1381 590 1498 634 misit
1527 590 1583 635 ad
1609 591 1737 652 adju-

357 668 522 704 torem:
552 661 719 714 «Quod
739 661 774 705 si
796 660 949 720 spiritu
977 660 1215 717 ducimini,
1245 677 1334 706 non
1361 662 1505 706 adhuc
1534 663 1634 706 estis
1654 662 1737 712 sub

356 747 377 771 »
413 733 542 788 Lege.
574 748 594 771 »
624 730 706 784 Qui
736 731 853 775 enim
886 731 968 776 sub
1003 734 1118 789 Lege
1153 740 1238 786 est,
1264 746 1354 776 non
1375 731 1528 790 implet
1551 734 1734 791 Legem,

352 799 427 843 sed
458 801 670 859 premitur
697 817 721 845 a
743 804 858 860 Lege
897 820 907 846 ε
938 801 1050 846 sicut
1075 800 1150 845 ille
1180 800 1318 853 David
1347 801 1428 844 sub
1464 801 1592 856 armis
1625 810 1732 846 erat.

351 873 469 929 Ergo
496 871 532 915 si
555 871 711 931 spiritu
736 871 905 920 duceris
921 907 932 928 ,
948 860 1066 918 *vide
1087 872 1183 932 quis
1216 881 1262 917 te
1293 870 1540 932 adjuvabit,
1575 882 1626 915 ut
1651 872 1736 916 im-

351 938 469 998 pleas
491 941 613 1000 quod
626 940 746 987 velis.
765 941 952 1002 Adjutor
972 951 1095 998 tuus,
1116 951 1339 1001 susceptor
1360 951 1462 993 tuus
1476 975 1488 998 ,
1512 957 1608 1002 spes
1630 951 1704 994 tua
1721 977 1734 997 ,

350 1010 426 1069 qui
468 1009 597 1059 docet
631 1027 786 1056 manus
821 1020 917 1057 tuas
948 1012 995 1056 in
1030 1011 1254 1072 praelium,
1290 1020 1333 1056 et
1349 1011 1506 1070 digitos
1548 1021 1646 1056 tuos
1679 1011 1736 1056 ad

350 1078 532 1129 bellum.
562 1100 583 1130 (ς
607 1080 838 1127 Manifesta
855 1082 969 1127 enim
981 1092 1104 1138 sunt,
1119 1083 1289 1142 inquit,
1311 1097 1442 1142 opera
1460 1082 1617 1137 carnis,
1632 1097 1734 1142 quae

353 1166 374 1190 »
408 1158 511 1197 sunt
539 1149 869 1208 fornicationes,
908 1152 1226 1207 immunditiae,
1266 1150 1486 1196 idolorum
1521 1151 1731 1207 servitus,

351 1236 372 1260 »
406 1218 602 1276 luxuria,
627 1221 851 1277 veneficia,
866 1222 1180 1279 contentiones,
1193 1222 1432 1274 inimicitiae
1448 1256 1459 1278 ,
1484 1221 1731 1277 ebrietates,
1776 1221 1779 1267 ἔ
1805 1222 1815 1265 ζ

351 1306 372 1329 »
407 1291 760 1347 comessationes,
781 1301 825 1336 et
844 1292 911 1343 his
932 1292 1085 1336 similia
1098 1312 1109 1349 3
1123 1308 1223 1352 quae
1240 1292 1430 1351 praedico
1449 1291 1574 1336 vobis
1589 1325 1601 1347 ,
1622 1291 1735 1335 sicut
1777 1318 1781 1327 π
1807 1306 1811 1313 ’

350 1376 372 1407 >i
405 1361 606 1418 praedixi,
627 1362 834 1422 quoniam
849 1363 926 1422 qui
948 1362 1049 1416 talia
1063 1372 1215 1421 agunt,
1236 1377 1422 1421 regnum
1436 1362 1514 1406 Dei
1526 1377 1616 1407 non
1633 1377 1734 1422 pos·
1776 1355 1779 1411 ἓ

349 1446 370 1470 »
406 1428 656 1483 sidehunt1.
676 1434 812 1478 »Non
829 1431 906 1492 qui
928 1431 1249 1482 adversusjalia
1269 1432 1534 1490 confligunt,
1558 1431 1634 1476 sed
1656 1432 1734 1492 qui
1776 1430 1778 1502 J
1812 1448 1815 1475 ὲ

347 1498 449 1542 talia
481 1509 633 1559 agunt.
670 1503 782 1546 Cum
816 1501 934 1545 enim
964 1501 1163 1560 confligis
1177 1536 1189 1556 ,
1223 1500 1343 1546 aliud
1378 1510 1442 1546 est
1470 1517 1602 1561 opus,
1632 1516 1733 1560 cum

345 1570 506 1626 vincis,
525 1571 646 1616 aliud
663 1587 773 1632 opus
790 1581 854 1625 est
865 1593 876 1630 3
889 1587 990 1625 cum
1006 1588 1158 1632 pacem
1173 1581 1217 1617 et
1234 1572 1428 1632 requiem
1447 1573 1598 1628 habes,
1614 1570 1734 1627 aliud
1774 1593 1777 1622 1

346 1655 455 1699 opus
471 1650 549 1686 est.
577 1645 682 1688 Haec
696 1641 804 1690 dum
816 1641 1021 1702 exemplis
1034 1641 1285 1696 demonstro
1298 1643 1448 1702 paucis
1459 1677 1470 1698 ,
1500 1642 1727 1687 advertite.
1776 1635 1777 1638 ¹

348 1711 602 1778 Suggeritur
624 1712 803 1772 aliquod
824 1712 1018 1768 lucrum,
1032 1712 1244 1772 delectat,
1263 1713 1397 1758 habet
1418 1712 1643 1768 fraudem,
1657 1712 1733 1770 sed
1774 1703 1777 1746 ἶ

345 1793 554 1838 magnum
577 1791 642 1825 est
656 1781 853 1839 lucrum,
889 1781 1100 1837 delectat,
1136 1798 1226 1839 non
1262 1783 1503 1840 consentis,
1537 1796 1732 1842 pugnam
1774 1793 1776 1811 ³
1804 1801 1808 1807 ’

345 1849 442 1899 vide
457 1870 469 1908 3
485 1850 628 1896 adhuc
645 1852 873 1908 suadetur,
895 1853 1038 1901 adhuc
1054 1853 1255 1909 instatur,
1276 1853 1420 1898 adhuc
1438 1852 1729 1906 deliberaturg

345 1934 446 1978 ergo
469 1921 546 1980 qui
567 1931 755 1981 pugnat,
784 1922 1069 1982 periclitatur.
1102 1923 1301 1979 Vidimus
1329 1939 1544 1982 pugnam,
1575 1931 1731 1979 caetera
1772 1972 1774 1977 ,

344 1989 585 2041 videamus.
602 1994 873 2053 Contempsit
890 1993 1121 2053 justitiam,
1137 2002 1187 2037 ut
1206 1993 1406 2038 fraudem
1428 1992 1589 2037 faceret
1608 2012 1619 2050 ς
1637 1992 1729 2037 vic-
1772 2051 1773 2057 J

347 2068 414 2104 tus
436 2070 500 2105 est
525 2081 534 2107 :
560 2063 821 2122 contempsit
839 2063 1015 2108 lucrum
1029 2098 1041 2120 ,
1062 2073 1112 2108 ut
1129 2063 1309 2123 justitiae
1320 2062 1648 2120 serviret3vicit.
1676 2065 1729 2107 In

342 2130 409 2179 his
430 2132 592 2188 tribus,
618 2134 784 2184 victum
816 2133 966 2190 doleo,
994 2135 1207 2194 pugnanti
1238 2143 1408 2188 metuo,
1436 2133 1591 2177 victori
1619 2149 1727 2178 con-
1772 2131 1777 2199 ’Ἴ

343 2271 388 2315 in
419 2287 462 2315 se
476 2306 487 2326 ,
508 2281 557 2315 ut
579 2287 753 2331 prorsus
772 2289 872 2317 eum
894 2273 1077 2333 pecunia
1110 2289 1199 2318 non
1222 2282 1406 2318 attentet
1425 2309 1436 2329 ,
1454 2282 1530 2318 aut
1550 2273 1656 2318 nihil
1680 2274 1727 2317 in
1770 2317 1774 2326 ,

342 2356 394 2386 eo
428 2342 584 2388 excitet
615 2342 934 2398 delectationis,
973 2344 1171 2404 quamvis
1203 2344 1487 2403 superabilis,
1529 2343 1724 2404 quamvis

341 2411 697 2470 contemptibilis,
713 2413 908 2472 quamvis
923 2429 1012 2458 non
1028 2414 1169 2460 solum
1186 2414 1257 2458 cui
1275 2430 1362 2458 non
1379 2414 1635 2467 consentiat,
1649 2414 1724 2461 sed

341 2496 443 2529 cum
464 2497 552 2541 qua
573 2497 654 2531 nec
676 2497 870 2542 pugnare
891 2483 1119 2542 dignetur?
1148 2486 1266 2529 Inest
1297 2492 1445 2529 tamen
1476 2482 1621 2543 aliqua
1645 2482 1722 2527 dc·
1772 2523 1773 2541 3

388 2571 397 2588 ¹
418 2565 487 2598 Gal·
501 2576 533 2608 v,
551 2576 662 2610 17·19·
