<?xml version="1.0" encoding="UTF-8"?>
<!DOCTYPE html PUBLIC "-//W3C//DTD XHTML 1.0 Transitional//EN"
    "http://www.w3.org/TR/xhtml1/DTD/xhtml1-transitional.dtd">
<html xmlns="http://www.w3.org/1999/xhtml" xml:lang="en" lang="en">
 <head>
  <title>
</title>
<meta http-equiv="Content-Type" content="text/html;charset=utf-8" />
  <meta name='ocr-system' content='tesseract 3.04.00' />
  <meta name='ocr-capabilities' content='ocr_page ocr_carea ocr_par ocr_line ocrx_word'/>
</head>
<body>
  <div class='ocr_page' id='page_1' title='image "./operaomniaaccura12auguuoft_0233.png"; bbox 0 0 1815 3253; ppageno 0'>
   <div class='ocr_carea' id='block_1_1' title="bbox 370 208 1443 248">
    <p class='ocr_par' dir='ltr' id='par_1_1' title="bbox 370 208 1443 248">
     <span class='ocr_line' id='line_1_1' title="bbox 370 208 1443 248; baseline 0.001 -2"><span class='ocrx_word' id='word_1_1' title='bbox 370 217 613 247; x_wconf 72' lang='lat' dir='ltr'>ENARRATIO</span> <span class='ocrx_word' id='word_1_2' title='bbox 646 219 693 247; x_wconf 77' lang='lat' dir='ltr'>m</span> <span class='ocrx_word' id='word_1_3' title='bbox 724 215 929 248; x_wconf 76' lang='lat' dir='ltr'>PsALMUM</span> <span class='ocrx_word' id='word_1_4' title='bbox 958 219 1130 246; x_wconf 79' lang='lat' dir='ltr'>cxxxm.</span> <span class='ocrx_word' id='word_1_5' title='bbox 1359 208 1443 247; x_wconf 79' lang='lat'>223</span> 
     </span>
    </p>
   </div>
   <div class='ocr_carea' id='block_1_2' title="bbox 0 284 1467 2461">
    <p class='ocr_par' dir='ltr' id='par_1_2' title="bbox 0 284 1457 1403">
     <span class='ocr_line' id='line_1_2' title="bbox 52 284 1446 345; baseline -0.003 -11"><span class='ocrx_word' id='word_1_6' title='bbox 52 296 124 334; x_wconf 87' lang='lat' dir='ltr'>tur</span> <span class='ocrx_word' id='word_1_7' title='bbox 149 285 500 341; x_wconf 84' lang='lat' dir='ltr'>tribulationem,</span> <span class='ocrx_word' id='word_1_8' title='bbox 540 294 592 329; x_wconf 88' lang='lat' dir='ltr'>ut</span> <span class='ocrx_word' id='word_1_9' title='bbox 619 284 860 345; x_wconf 82' lang='lat' dir='ltr'>glorientur</span> <span class='ocrx_word' id='word_1_10' title='bbox 896 286 942 330; x_wconf 85' lang='lat' dir='ltr'>in</span> <span class='ocrx_word' id='word_1_11' title='bbox 982 284 1337 330; x_wconf 83' lang='lat' dir='ltr'>tribulationibus</span> <span class='ocrx_word' id='word_1_12' title='bbox 1354 321 1365 341; x_wconf 92' lang='lat'>,</span> <span class='ocrx_word' id='word_1_13' title='bbox 1401 295 1446 330; x_wconf 90' lang='lat' dir='ltr'>et</span> 
     </span>
     <span class='ocr_line' id='line_1_3' title="bbox 53 356 1446 403; baseline -0.002 0"><span class='ocrx_word' id='word_1_14' title='bbox 53 357 157 403; x_wconf 91' lang='lat' dir='ltr'>dicit</span> <span class='ocrx_word' id='word_1_15' title='bbox 180 357 240 401; x_wconf 89' lang='lat' dir='ltr'>eis</span> <span class='ocrx_word' id='word_1_16' title='bbox 266 375 276 402; x_wconf 90' lang='lat'>:</span> <span class='ocrx_word' id='word_1_17' title='bbox 305 359 418 401; x_wconf 88' lang='lat' dir='ltr'>Ecce</span> <span class='ocrx_word' id='word_1_18' title='bbox 456 372 575 401; x_wconf 89' lang='lat' dir='ltr'>nunc</span> <span class='ocrx_word' id='word_1_19' title='bbox 605 356 850 401; x_wconf 79' lang='lat' dir='ltr'>benedicite</span> <span class='ocrx_word' id='word_1_20' title='bbox 885 357 1120 400; x_wconf 90' lang='lat' dir='ltr'>Dominum</span> <span class='ocrx_word' id='word_1_21' title='bbox 1153 370 1302 399; x_wconf 88' lang='lat' dir='ltr'>omnes</span> <span class='ocrx_word' id='word_1_22' title='bbox 1335 356 1446 400; x_wconf 88' lang='lat' dir='ltr'>servi</span> 
     </span>
     <span class='ocr_line' id='line_1_4' title="bbox 57 425 1441 484; baseline 0 -14"><span class='ocrx_word' id='word_1_23' title='bbox 57 446 77 470; x_wconf 88' lang='lat'>»</span> <span class='ocrx_word' id='word_1_24' title='bbox 111 426 298 473; x_wconf 90' lang='lat' dir='ltr'>Domini.</span> <span class='ocrx_word' id='word_1_25' title='bbox 324 445 343 468; x_wconf 70' lang='grc' dir='ltr'>»ι</span> <span class='ocrx_word' id='word_1_26' title='bbox 367 427 484 480; x_wconf 88' lang='lat' dir='ltr'>Quid</span> <span class='ocrx_word' id='word_1_27' title='bbox 517 436 601 479; x_wconf 82' lang='lat' dir='ltr'>est,</span> <span class='ocrx_word' id='word_1_28' title='bbox 627 446 648 469; x_wconf 91' lang='lat'>«</span> <span class='ocrx_word' id='word_1_29' title='bbox 680 430 792 471; x_wconf 88' lang='lat' dir='ltr'>Ecce</span> <span class='ocrx_word' id='word_1_30' title='bbox 813 427 966 470; x_wconf 79' lang='lat' dir='ltr'>nunc?</span> <span class='ocrx_word' id='word_1_31' title='bbox 992 444 1012 466; x_wconf 86' lang='lat'>»</span> <span class='ocrx_word' id='word_1_32' title='bbox 1047 428 1098 468; x_wconf 89' lang='lat' dir='ltr'>In</span> <span class='ocrx_word' id='word_1_33' title='bbox 1120 425 1205 469; x_wconf 91' lang='lat' dir='ltr'>hoc</span> <span class='ocrx_word' id='word_1_34' title='bbox 1228 435 1441 484; x_wconf 88' lang='lat' dir='ltr'>tempore.</span> 
     </span>
     <span class='ocr_line' id='line_1_5' title="bbox 52 494 1448 557; baseline -0.004 -13"><span class='ocrx_word' id='word_1_35' title='bbox 52 501 160 544; x_wconf 82' lang='lat' dir='ltr'>Nam</span> <span class='ocrx_word' id='word_1_36' title='bbox 178 507 274 557; x_wconf 87' lang='lat' dir='ltr'>post</span> <span class='ocrx_word' id='word_1_37' title='bbox 288 495 528 542; x_wconf 79' lang='lat' dir='ltr'>transactas&#39;</span> <span class='ocrx_word' id='word_1_38' title='bbox 537 497 857 551; x_wconf 80' lang='lat' dir='ltr'>tribulationes,</span> <span class='ocrx_word' id='word_1_39' title='bbox 872 494 1157 540; x_wconf 84' lang='lat' dir='ltr'>manifestum</span> <span class='ocrx_word' id='word_1_40' title='bbox 1173 505 1238 540; x_wconf 87' lang='lat' dir='ltr'>est</span> <span class='ocrx_word' id='word_1_41' title='bbox 1252 496 1355 555; x_wconf 89' lang='lat' dir='ltr'>quia</span> <span class='ocrx_word' id='word_1_42' title='bbox 1373 496 1448 540; x_wconf 89' lang='lat' dir='ltr'>be-</span> 
     </span>
     <span class='ocr_line' id='line_1_6' title="bbox 0 566 1449 627; baseline -0.003 -14"><span class='ocrx_word' id='word_1_43' title='bbox 0 624 1 627; x_wconf 11' lang='lat'><em>*</em></span> <span class='ocrx_word' id='word_1_44' title='bbox 53 566 288 613; x_wconf 86' lang='lat' dir='ltr'>nedictioni</span> <span class='ocrx_word' id='word_1_45' title='bbox 308 568 481 612; x_wconf 85' lang='lat' dir='ltr'>Domini</span> <span class='ocrx_word' id='word_1_46' title='bbox 499 568 749 612; x_wconf 84' lang='lat' dir='ltr'>vacabimus</span> <span class='ocrx_word' id='word_1_47' title='bbox 767 603 777 622; x_wconf 86' lang='lat'>,</span> <span class='ocrx_word' id='word_1_48' title='bbox 804 577 854 612; x_wconf 90' lang='lat' dir='ltr'>ut</span> <span class='ocrx_word' id='word_1_49' title='bbox 872 566 1039 611; x_wconf 84' lang='lat' dir='ltr'>dietum</span> <span class='ocrx_word' id='word_1_50' title='bbox 1064 575 1129 610; x_wconf 86' lang='lat' dir='ltr'>est</span> <span class='ocrx_word' id='word_1_51' title='bbox 1154 585 1163 610; x_wconf 88' lang='grc'>;</span> <span class='ocrx_word' id='word_1_52' title='bbox 1193 584 1213 607; x_wconf 89' lang='lat'>«</span> <span class='ocrx_word' id='word_1_53' title='bbox 1230 566 1351 609; x_wconf 81' lang='lat' dir='ltr'>Beati</span> <span class='ocrx_word' id='word_1_54' title='bbox 1373 566 1449 625; x_wconf 87' lang='lat' dir='ltr'>qui</span> 
     </span>
     <span class='ocr_line' id='line_1_7' title="bbox 0 630 1452 694; baseline -0.002 -12"><span class='ocrx_word' id='word_1_55' title='bbox 0 630 1 633; x_wconf 12' lang='grc' dir='ltr'><strong>Ἴ</strong></span> <span class='ocrx_word' id='word_1_56' title='bbox 57 657 79 682; x_wconf 85' lang='lat'>»</span> <span class='ocrx_word' id='word_1_57' title='bbox 112 639 311 684; x_wconf 87' lang='lat' dir='ltr'>habitant</span> <span class='ocrx_word' id='word_1_58' title='bbox 332 640 379 683; x_wconf 92' lang='lat' dir='ltr'>in</span> <span class='ocrx_word' id='word_1_59' title='bbox 397 639 529 684; x_wconf 88' lang='lat' dir='ltr'>domo</span> <span class='ocrx_word' id='word_1_60' title='bbox 554 649 643 694; x_wconf 88' lang='lat' dir='ltr'>tua,</span> <span class='ocrx_word' id='word_1_61' title='bbox 664 639 711 683; x_wconf 91' lang='lat' dir='ltr'>in</span> <span class='ocrx_word' id='word_1_62' title='bbox 735 638 893 683; x_wconf 85' lang='lat' dir='ltr'>saecula</span> <span class='ocrx_word' id='word_1_63' title='bbox 915 637 1178 683; x_wconf 81' lang='lat' dir='ltr'>saeculorum</span> <span class='ocrx_word' id='word_1_64' title='bbox 1199 635 1452 680; x_wconf 82' lang='lat' dir='ltr'>laudabunt·</span> 
     </span>
     <span class='ocr_line' id='line_1_8' title="bbox 0 705 1450 768; baseline -0.001 -16"><span class='ocrx_word' id='word_1_65' title='bbox 0 705 3 768; x_wconf 57' lang='grc' dir='ltr'>ξ</span> <span class='ocrx_word' id='word_1_66' title='bbox 57 728 78 752; x_wconf 89' lang='lat'>»</span> <span class='ocrx_word' id='word_1_67' title='bbox 112 719 155 753; x_wconf 87' lang='lat' dir='ltr'>te</span> <span class='ocrx_word' id='word_1_68' title='bbox 169 712 200 752; x_wconf 88' lang='lat'>¹.</span> <span class='ocrx_word' id='word_1_69' title='bbox 223 728 244 751; x_wconf 87' lang='lat'>»</span> <span class='ocrx_word' id='word_1_70' title='bbox 265 710 345 762; x_wconf 89' lang='lat' dir='ltr'>Qui</span> <span class='ocrx_word' id='word_1_71' title='bbox 368 719 473 755; x_wconf 90' lang='lat' dir='ltr'>tunc</span> <span class='ocrx_word' id='word_1_72' title='bbox 496 709 771 754; x_wconf 87' lang='lat' dir='ltr'>benedicturi</span> <span class='ocrx_word' id='word_1_73' title='bbox 793 717 895 754; x_wconf 87' lang='lat' dir='ltr'>sunt</span> <span class='ocrx_word' id='word_1_74' title='bbox 916 710 1008 754; x_wconf 89' lang='lat' dir='ltr'>sine</span> <span class='ocrx_word' id='word_1_75' title='bbox 1024 707 1226 763; x_wconf 84' lang='lat' dir='ltr'>defectu,</span> <span class='ocrx_word' id='word_1_76' title='bbox 1251 707 1322 752; x_wconf 86' lang='lat' dir='ltr'>hic</span> <span class='ocrx_word' id='word_1_77' title='bbox 1345 706 1450 752; x_wconf 90' lang='lat' dir='ltr'>inci—</span> 
     </span>
     <span class='ocr_line' id='line_1_9' title="bbox 0 778 1451 841; baseline -0.003 -15"><span class='ocrx_word' id='word_1_78' title='bbox 0 779 9 809; x_wconf 34' lang='grc' dir='ltr'><em>ἵ</em></span> <span class='ocrx_word' id='word_1_79' title='bbox 54 781 182 841; x_wconf 89' lang='lat' dir='ltr'>piunt</span> <span class='ocrx_word' id='word_1_80' title='bbox 203 780 460 825; x_wconf 88' lang='lat' dir='ltr'>benedicere</span> <span class='ocrx_word' id='word_1_81' title='bbox 485 781 751 838; x_wconf 62' lang='lat' dir='ltr'>Dominum,</span> <span class='ocrx_word' id='word_1_82' title='bbox 776 780 871 836; x_wconf 90' lang='lat' dir='ltr'>hic,</span> <span class='ocrx_word' id='word_1_83' title='bbox 910 780 956 824; x_wconf 90' lang='lat' dir='ltr'>in</span> <span class='ocrx_word' id='word_1_84' title='bbox 993 778 1380 832; x_wconf 76' lang='lat' dir='ltr'>tribulationibus,</span> <span class='ocrx_word' id='word_1_85' title='bbox 1405 778 1451 822; x_wconf 91' lang='lat' dir='ltr'>in</span> 
     </span>
     <span class='ocr_line' id='line_1_10' title="bbox 0 847 1453 905; baseline -0.003 -9"><span class='ocrx_word' id='word_1_86' title='bbox 0 895 2 904; x_wconf 85' lang='grc'><strong>,</strong></span> <span class='ocrx_word' id='word_1_87' title='bbox 55 851 389 905; x_wconf 86' lang='lat' dir='ltr'>tentationibus,</span> <span class='ocrx_word' id='word_1_88' title='bbox 415 850 461 894; x_wconf 93' lang='lat' dir='ltr'>in</span> <span class='ocrx_word' id='word_1_89' title='bbox 482 851 710 903; x_wconf 88' lang='lat' dir='ltr'>molestiis,</span> <span class='ocrx_word' id='word_1_90' title='bbox 735 852 849 894; x_wconf 84' lang='lat' dir='ltr'>inter</span> <span class='ocrx_word' id='word_1_91' title='bbox 871 849 1158 895; x_wconf 82' lang='lat' dir='ltr'>adversitates</span> <span class='ocrx_word' id='word_1_92' title='bbox 1181 847 1357 903; x_wconf 83' lang='lat' dir='ltr'>saeculi,</span> <span class='ocrx_word' id='word_1_93' title='bbox 1381 848 1453 892; x_wconf 93' lang='lat' dir='ltr'>in-</span> 
     </span>
     <span class='ocr_line' id='line_1_11' title="bbox 56 918 1452 979; baseline -0.003 -13"><span class='ocrx_word' id='word_1_94' title='bbox 56 930 122 966; x_wconf 90' lang='lat' dir='ltr'>ter</span> <span class='ocrx_word' id='word_1_95' title='bbox 139 920 312 965; x_wconf 85' lang='lat' dir='ltr'>insidias</span> <span class='ocrx_word' id='word_1_96' title='bbox 333 921 524 976; x_wconf 91' lang='lat' dir='ltr'>inimici,</span> <span class='ocrx_word' id='word_1_97' title='bbox 549 922 662 965; x_wconf 88' lang='lat' dir='ltr'>inter</span> <span class='ocrx_word' id='word_1_98' title='bbox 683 919 858 964; x_wconf 83' lang='lat' dir='ltr'>fraudes</span> <span class='ocrx_word' id='word_1_99' title='bbox 881 929 925 964; x_wconf 88' lang='lat' dir='ltr'>et</span> <span class='ocrx_word' id='word_1_100' title='bbox 940 920 1133 979; x_wconf 87' lang='lat' dir='ltr'>impetus</span> <span class='ocrx_word' id='word_1_101' title='bbox 1155 918 1335 963; x_wconf 87' lang='lat' dir='ltr'>diaboli.</span> <span class='ocrx_word' id='word_1_102' title='bbox 1359 921 1452 962; x_wconf 87' lang='lat' dir='ltr'>Hoc</span> 
     </span>
     <span class='ocr_line' id='line_1_12' title="bbox 0 988 1450 1048; baseline -0.004 -11"><span class='ocrx_word' id='word_1_103' title='bbox 0 996 2 1004; x_wconf 83' lang='lat'><em>&#39;</em></span> <span class='ocrx_word' id='word_1_104' title='bbox 58 1001 164 1048; x_wconf 89' lang='lat' dir='ltr'>est,«</span> <span class='ocrx_word' id='word_1_105' title='bbox 177 995 289 1037; x_wconf 88' lang='lat' dir='ltr'>Ecce</span> <span class='ocrx_word' id='word_1_106' title='bbox 307 1007 426 1036; x_wconf 88' lang='lat' dir='ltr'>nunc</span> <span class='ocrx_word' id='word_1_107' title='bbox 445 991 687 1035; x_wconf 84' lang='lat' dir='ltr'>benedicite</span> <span class='ocrx_word' id='word_1_108' title='bbox 702 991 936 1035; x_wconf 92' lang='lat' dir='ltr'>Dominum</span> <span class='ocrx_word' id='word_1_109' title='bbox 954 1005 1109 1034; x_wconf 88' lang='lat' dir='ltr'>omnes</span> <span class='ocrx_word' id='word_1_110' title='bbox 1124 989 1238 1033; x_wconf 87' lang='lat' dir='ltr'>servi</span> <span class='ocrx_word' id='word_1_111' title='bbox 1259 988 1450 1043; x_wconf 85' lang='lat' dir='ltr'>Domini,</span> 
     </span>
     <span class='ocr_line' id='line_1_13' title="bbox 60 1058 1449 1124; baseline -0.004 -19"><span class='ocrx_word' id='word_1_112' title='bbox 60 1081 81 1105; x_wconf 84' lang='lat'>»</span> <span class='ocrx_word' id='word_1_113' title='bbox 114 1063 192 1124; x_wconf 88' lang='lat' dir='ltr'>qui</span> <span class='ocrx_word' id='word_1_114' title='bbox 211 1063 331 1107; x_wconf 83' lang='lat' dir='ltr'>statis</span> <span class='ocrx_word' id='word_1_115' title='bbox 351 1062 398 1106; x_wconf 91' lang='lat' dir='ltr'>in</span> <span class='ocrx_word' id='word_1_116' title='bbox 419 1061 551 1106; x_wconf 93' lang='lat' dir='ltr'>domo</span> <span class='ocrx_word' id='word_1_117' title='bbox 570 1062 761 1105; x_wconf 89' lang='lat' dir='ltr'>Domini.</span> <span class='ocrx_word' id='word_1_118' title='bbox 791 1080 810 1102; x_wconf 93' lang='lat'>»</span> <span class='ocrx_word' id='word_1_119' title='bbox 837 1059 950 1114; x_wconf 87' lang='lat' dir='ltr'>Quid</span> <span class='ocrx_word' id='word_1_120' title='bbox 968 1069 1032 1103; x_wconf 88' lang='lat' dir='ltr'>est</span> <span class='ocrx_word' id='word_1_121' title='bbox 1052 1095 1063 1114; x_wconf 89' lang='lat'>,</span> <span class='ocrx_word' id='word_1_122' title='bbox 1098 1078 1120 1101; x_wconf 87' lang='lat'>«</span> <span class='ocrx_word' id='word_1_123' title='bbox 1139 1059 1228 1112; x_wconf 90' lang='lat' dir='ltr'>Qui</span> <span class='ocrx_word' id='word_1_124' title='bbox 1249 1058 1400 1102; x_wconf 81' lang='lat' dir='ltr'>statis?</span> <span class='ocrx_word' id='word_1_125' title='bbox 1429 1076 1449 1099; x_wconf 89' lang='lat'>»</span> 
     </span>
     <span class='ocr_line' id='line_1_14' title="bbox 58 1129 1455 1193; baseline -0.004 -16"><span class='ocrx_word' id='word_1_126' title='bbox 58 1134 142 1187; x_wconf 87' lang='lat' dir='ltr'>Qui</span> <span class='ocrx_word' id='word_1_127' title='bbox 175 1133 470 1193; x_wconf 87' lang='lat' dir='ltr'>perseveratis.</span> <span class='ocrx_word' id='word_1_128' title='bbox 506 1132 619 1185; x_wconf 86' lang='lat' dir='ltr'>Quia</span> <span class='ocrx_word' id='word_1_129' title='bbox 647 1132 816 1175; x_wconf 89' lang='lat' dir='ltr'>dictum</span> <span class='ocrx_word' id='word_1_130' title='bbox 852 1141 918 1175; x_wconf 89' lang='lat' dir='ltr'>est</span> <span class='ocrx_word' id='word_1_131' title='bbox 941 1130 997 1174; x_wconf 91' lang='lat' dir='ltr'>de</span> <span class='ocrx_word' id='word_1_132' title='bbox 1033 1129 1226 1190; x_wconf 87' lang='lat' dir='ltr'>quodam</span> <span class='ocrx_word' id='word_1_133' title='bbox 1245 1164 1256 1183; x_wconf 97' lang='lat'>,</span> <span class='ocrx_word' id='word_1_134' title='bbox 1279 1129 1356 1189; x_wconf 89' lang='lat' dir='ltr'>qui</span> <span class='ocrx_word' id='word_1_135' title='bbox 1378 1132 1455 1173; x_wconf 88' lang='lat' dir='ltr'>Ar-</span> 
     </span>
     <span class='ocr_line' id='line_1_15' title="bbox 58 1199 1455 1262; baseline -0.006 -12"><span class='ocrx_word' id='word_1_136' title='bbox 58 1203 294 1262; x_wconf 83' lang='lat' dir='ltr'>changelus</span> <span class='ocrx_word' id='word_1_137' title='bbox 315 1201 422 1258; x_wconf 86' lang='lat' dir='ltr'>fuit,</span> <span class='ocrx_word' id='word_1_138' title='bbox 452 1222 472 1245; x_wconf 89' lang='lat'>«</span> <span class='ocrx_word' id='word_1_139' title='bbox 498 1204 554 1246; x_wconf 89' lang='lat' dir='ltr'>Et</span> <span class='ocrx_word' id='word_1_140' title='bbox 575 1202 622 1246; x_wconf 92' lang='lat' dir='ltr'>in</span> <span class='ocrx_word' id='word_1_141' title='bbox 649 1202 832 1247; x_wconf 87' lang='lat' dir='ltr'>veritate</span> <span class='ocrx_word' id='word_1_142' title='bbox 853 1217 944 1245; x_wconf 91' lang='lat' dir='ltr'>non</span> <span class='ocrx_word' id='word_1_143' title='bbox 970 1201 1134 1245; x_wconf 75' lang='lat' dir='ltr'>stetit2.</span> <span class='ocrx_word' id='word_1_144' title='bbox 1157 1218 1178 1241; x_wconf 88' lang='lat'>»</span> <span class='ocrx_word' id='word_1_145' title='bbox 1207 1203 1263 1244; x_wconf 92' lang='lat' dir='ltr'>Et</span> <span class='ocrx_word' id='word_1_146' title='bbox 1285 1199 1455 1244; x_wconf 80' lang='lat' dir='ltr'>dictum</span> 
     </span>
     <span class='ocr_line' id='line_1_16' title="bbox 60 1269 1457 1334; baseline -0.004 -14"><span class='ocrx_word' id='word_1_147' title='bbox 60 1285 124 1320; x_wconf 87' lang='lat' dir='ltr'>est</span> <span class='ocrx_word' id='word_1_148' title='bbox 141 1275 196 1319; x_wconf 86' lang='lat' dir='ltr'>de</span> <span class='ocrx_word' id='word_1_149' title='bbox 215 1275 353 1319; x_wconf 83' lang='lat' dir='ltr'>amico</span> <span class='ocrx_word' id='word_1_150' title='bbox 375 1274 523 1334; x_wconf 88' lang='lat' dir='ltr'>sponsi</span> <span class='ocrx_word' id='word_1_151' title='bbox 545 1293 553 1318; x_wconf 93' lang='lat'>:</span> <span class='ocrx_word' id='word_1_152' title='bbox 580 1293 600 1316; x_wconf 91' lang='lat'>«</span> <span class='ocrx_word' id='word_1_153' title='bbox 618 1274 797 1318; x_wconf 82' lang='lat' dir='ltr'>Amicus</span> <span class='ocrx_word' id='word_1_154' title='bbox 815 1282 961 1317; x_wconf 84' lang='lat' dir='ltr'>autem</span> <span class='ocrx_word' id='word_1_155' title='bbox 979 1272 1125 1332; x_wconf 81' lang='lat' dir='ltr'>sponsi</span> <span class='ocrx_word' id='word_1_156' title='bbox 1147 1280 1247 1326; x_wconf 86' lang='lat' dir='ltr'>stat,</span> <span class='ocrx_word' id='word_1_157' title='bbox 1273 1281 1317 1316; x_wconf 90' lang='lat' dir='ltr'>et</span> <span class='ocrx_word' id='word_1_158' title='bbox 1334 1269 1457 1315; x_wconf 87' lang='lat' dir='ltr'>audit</span> 
     </span>
     <span class='ocr_line' id='line_1_17' title="bbox 64 1343 1308 1403; baseline -0.004 -15"><span class='ocrx_word' id='word_1_159' title='bbox 64 1365 84 1389; x_wconf 75' lang='lat' dir='ltr'>n</span> <span class='ocrx_word' id='word_1_160' title='bbox 119 1361 220 1390; x_wconf 88' lang='lat' dir='ltr'>eum</span> <span class='ocrx_word' id='word_1_161' title='bbox 240 1381 251 1400; x_wconf 93' lang='lat'>,</span> <span class='ocrx_word' id='word_1_162' title='bbox 277 1355 321 1389; x_wconf 86' lang='lat' dir='ltr'>et</span> <span class='ocrx_word' id='word_1_163' title='bbox 339 1346 494 1403; x_wconf 85' lang='lat' dir='ltr'>gaudio</span> <span class='ocrx_word' id='word_1_164' title='bbox 518 1345 679 1402; x_wconf 85' lang='lat' dir='ltr'>gaudet</span> <span class='ocrx_word' id='word_1_165' title='bbox 701 1354 880 1403; x_wconf 88' lang='lat' dir='ltr'>propter</span> <span class='ocrx_word' id='word_1_166' title='bbox 896 1359 1049 1388; x_wconf 88' lang='lat' dir='ltr'>vocem</span> <span class='ocrx_word' id='word_1_167' title='bbox 1071 1343 1218 1402; x_wconf 86' lang='lat' dir='ltr'>sponsi</span> <span class='ocrx_word' id='word_1_168' title='bbox 1232 1344 1264 1386; x_wconf 80' lang='lat'>³.</span> <span class='ocrx_word' id='word_1_169' title='bbox 1287 1361 1308 1384; x_wconf 83' lang='grc'><em>»</em></span> 
     </span>
    </p>

    <p class='ocr_par' dir='ltr' id='par_1_3' title="bbox 18 1413 1467 2461">
     <span class='ocr_line' id='line_1_18' title="bbox 122 1413 1456 1475; baseline -0.004 -14"><span class='ocrx_word' id='word_1_170' title='bbox 122 1421 180 1461; x_wconf 86' lang='grc' dir='ltr'>Π.</span> <span class='ocrx_word' id='word_1_171' title='bbox 208 1420 341 1475; x_wconf 82' lang='lat' dir='ltr'>Ergo,</span> <span class='ocrx_word' id='word_1_172' title='bbox 361 1436 381 1458; x_wconf 89' lang='lat'>«</span> <span class='ocrx_word' id='word_1_173' title='bbox 405 1416 492 1469; x_wconf 90' lang='lat' dir='ltr'>Qui</span> <span class='ocrx_word' id='word_1_174' title='bbox 513 1416 631 1467; x_wconf 90' lang='lat' dir='ltr'>statis</span> <span class='ocrx_word' id='word_1_175' title='bbox 654 1416 700 1459; x_wconf 90' lang='lat' dir='ltr'>in</span> <span class='ocrx_word' id='word_1_176' title='bbox 721 1414 852 1459; x_wconf 90' lang='lat' dir='ltr'>domo</span> <span class='ocrx_word' id='word_1_177' title='bbox 876 1414 1064 1468; x_wconf 90' lang='lat' dir='ltr'>Domini,</span> <span class='ocrx_word' id='word_1_178' title='bbox 1089 1414 1136 1456; x_wconf 91' lang='lat' dir='ltr'>in</span> <span class='ocrx_word' id='word_1_179' title='bbox 1159 1413 1275 1457; x_wconf 90' lang='lat' dir='ltr'>atriis</span> <span class='ocrx_word' id='word_1_180' title='bbox 1298 1414 1456 1457; x_wconf 90' lang='lat' dir='ltr'>domus</span> 
     </span>
     <span class='ocr_line' id='line_1_19' title="bbox 65 1484 1455 1540; baseline -0.002 -10"><span class='ocrx_word' id='word_1_181' title='bbox 65 1505 86 1530; x_wconf 90' lang='lat'>»</span> <span class='ocrx_word' id='word_1_182' title='bbox 122 1487 198 1531; x_wconf 88' lang='lat' dir='ltr'>Dei</span> <span class='ocrx_word' id='word_1_183' title='bbox 216 1487 366 1540; x_wconf 83' lang='lat' dir='ltr'>nostri,</span> <span class='ocrx_word' id='word_1_184' title='bbox 382 1486 427 1529; x_wconf 91' lang='lat' dir='ltr'>in</span> <span class='ocrx_word' id='word_1_185' title='bbox 443 1486 645 1530; x_wconf 86' lang='lat' dir='ltr'>noctibus</span> <span class='ocrx_word' id='word_1_186' title='bbox 663 1484 855 1529; x_wconf 81' lang='lat' dir='ltr'>extollite</span> <span class='ocrx_word' id='word_1_187' title='bbox 873 1500 939 1528; x_wconf 90' lang='lat' dir='ltr'>ma</span> <span class='ocrx_word' id='word_1_188' title='bbox 948 1500 1028 1528; x_wconf 92' lang='lat' dir='ltr'>nus</span> <span class='ocrx_word' id='word_1_189' title='bbox 1041 1493 1207 1528; x_wconf 86' lang='lat' dir='ltr'>vestras</span> <span class='ocrx_word' id='word_1_190' title='bbox 1230 1484 1275 1527; x_wconf 92' lang='lat' dir='ltr'>in</span> <span class='ocrx_word' id='word_1_191' title='bbox 1290 1492 1455 1538; x_wconf 87' lang='lat' dir='ltr'>sancta,</span> 
     </span>
     <span class='ocr_line' id='line_1_20' title="bbox 68 1554 1461 1601; baseline -0.003 0"><span class='ocrx_word' id='word_1_192' title='bbox 68 1578 86 1600; x_wconf 60' lang='lat' dir='ltr'>s</span> <span class='ocrx_word' id='word_1_193' title='bbox 121 1566 164 1601; x_wconf 89' lang='lat' dir='ltr'>et</span> <span class='ocrx_word' id='word_1_194' title='bbox 197 1556 441 1601; x_wconf 84' lang='lat' dir='ltr'>benedicite</span> <span class='ocrx_word' id='word_1_195' title='bbox 474 1557 751 1600; x_wconf 78' lang='lat' dir='ltr'>Dominum4.</span> <span class='ocrx_word' id='word_1_196' title='bbox 788 1574 808 1596; x_wconf 85' lang='lat'>»</span> <span class='ocrx_word' id='word_1_197' title='bbox 842 1555 990 1600; x_wconf 84' lang='lat' dir='ltr'>Facile</span> <span class='ocrx_word' id='word_1_198' title='bbox 1027 1564 1091 1599; x_wconf 88' lang='lat' dir='ltr'>est</span> <span class='ocrx_word' id='word_1_199' title='bbox 1124 1554 1381 1598; x_wconf 85' lang='lat' dir='ltr'>benedicere</span> <span class='ocrx_word' id='word_1_200' title='bbox 1414 1554 1461 1597; x_wconf 89' lang='lat' dir='ltr'>in</span> 
     </span>
     <span class='ocr_line' id='line_1_21' title="bbox 64 1623 1461 1684; baseline -0.003 -13"><span class='ocrx_word' id='word_1_201' title='bbox 64 1626 248 1672; x_wconf 81' lang='lat' dir='ltr'>diebus?</span> <span class='ocrx_word' id='word_1_202' title='bbox 271 1629 322 1670; x_wconf 93' lang='lat' dir='ltr'>In</span> <span class='ocrx_word' id='word_1_203' title='bbox 342 1626 470 1670; x_wconf 89' lang='lat' dir='ltr'>rebus</span> <span class='ocrx_word' id='word_1_204' title='bbox 492 1626 722 1684; x_wconf 80' lang='lat' dir='ltr'>prosperis.</span> <span class='ocrx_word' id='word_1_205' title='bbox 749 1627 843 1669; x_wconf 69' lang='lat' dir='ltr'>Nox</span> <span class='ocrx_word' id='word_1_206' title='bbox 865 1625 983 1668; x_wconf 89' lang='lat' dir='ltr'>enim</span> <span class='ocrx_word' id='word_1_207' title='bbox 1009 1625 1139 1669; x_wconf 89' lang='lat' dir='ltr'>tristis</span> <span class='ocrx_word' id='word_1_208' title='bbox 1163 1640 1230 1668; x_wconf 87' lang='lat' dir='ltr'>res</span> <span class='ocrx_word' id='word_1_209' title='bbox 1258 1633 1343 1678; x_wconf 88' lang='lat' dir='ltr'>est,</span> <span class='ocrx_word' id='word_1_210' title='bbox 1369 1623 1461 1667; x_wconf 88' lang='lat' dir='ltr'>dies</span> 
     </span>
     <span class='ocr_line' id='line_1_22' title="bbox 63 1694 1456 1750; baseline -0.003 -8"><span class='ocrx_word' id='word_1_211' title='bbox 63 1713 130 1742; x_wconf 87' lang='lat' dir='ltr'>res</span> <span class='ocrx_word' id='word_1_212' title='bbox 148 1707 212 1742; x_wconf 88' lang='lat' dir='ltr'>est</span> <span class='ocrx_word' id='word_1_213' title='bbox 232 1696 346 1741; x_wconf 84' lang='lat' dir='ltr'>laeta.</span> <span class='ocrx_word' id='word_1_214' title='bbox 379 1695 566 1749; x_wconf 83' lang='lat' dir='ltr'>Quando</span> <span class='ocrx_word' id='word_1_215' title='bbox 588 1696 670 1739; x_wconf 88' lang='lat' dir='ltr'>tibi</span> <span class='ocrx_word' id='word_1_216' title='bbox 693 1697 804 1739; x_wconf 86' lang='lat' dir='ltr'>bene</span> <span class='ocrx_word' id='word_1_217' title='bbox 827 1705 912 1750; x_wconf 85' lang='lat' dir='ltr'>est,</span> <span class='ocrx_word' id='word_1_218' title='bbox 953 1695 1177 1739; x_wconf 89' lang='lat' dir='ltr'>benedicis</span> <span class='ocrx_word' id='word_1_219' title='bbox 1202 1694 1456 1739; x_wconf 88' lang='lat' dir='ltr'>Dominum.</span> 
     </span>
     <span class='ocr_line' id='line_1_23' title="bbox 66 1765 1458 1822; baseline -0.003 -10"><span class='ocrx_word' id='word_1_220' title='bbox 66 1767 249 1822; x_wconf 84' lang='lat' dir='ltr'>Quando</span> <span class='ocrx_word' id='word_1_221' title='bbox 269 1767 409 1810; x_wconf 79' lang='lat' dir='ltr'>filium</span> <span class='ocrx_word' id='word_1_222' title='bbox 430 1765 648 1810; x_wconf 82' lang='lat' dir='ltr'>desideras</span> <span class='ocrx_word' id='word_1_223' title='bbox 667 1775 710 1810; x_wconf 84' lang='lat' dir='ltr'>et</span> <span class='ocrx_word' id='word_1_224' title='bbox 726 1766 940 1821; x_wconf 84' lang='lat' dir='ltr'>nascitur,</span> <span class='ocrx_word' id='word_1_225' title='bbox 960 1765 1180 1810; x_wconf 82' lang='lat' dir='ltr'>benedicis</span> <span class='ocrx_word' id='word_1_226' title='bbox 1203 1766 1458 1809; x_wconf 86' lang='lat' dir='ltr'>Dominum.</span> 
     </span>
     <span class='ocr_line' id='line_1_24' title="bbox 68 1836 1463 1896; baseline -0.004 -11"><span class='ocrx_word' id='word_1_227' title='bbox 68 1839 267 1887; x_wconf 81' lang='lat' dir='ltr'>Liberata</span> <span class='ocrx_word' id='word_1_228' title='bbox 289 1847 353 1883; x_wconf 90' lang='lat' dir='ltr'>est</span> <span class='ocrx_word' id='word_1_229' title='bbox 374 1853 482 1881; x_wconf 83' lang='lat' dir='ltr'>uxor</span> <span class='ocrx_word' id='word_1_230' title='bbox 504 1846 580 1881; x_wconf 81' lang='lat' dir='ltr'>tua</span> <span class='ocrx_word' id='word_1_231' title='bbox 604 1853 628 1880; x_wconf 86' lang='lat' dir='ltr'>a</span> <span class='ocrx_word' id='word_1_232' title='bbox 650 1837 844 1896; x_wconf 87' lang='lat' dir='ltr'>periculo</span> <span class='ocrx_word' id='word_1_233' title='bbox 868 1847 1018 1896; x_wconf 88' lang='lat' dir='ltr'>partus</span> <span class='ocrx_word' id='word_1_234' title='bbox 1033 1872 1044 1891; x_wconf 96' lang='lat'>,</span> <span class='ocrx_word' id='word_1_235' title='bbox 1069 1837 1291 1880; x_wconf 84' lang='lat' dir='ltr'>benedicis</span> <span class='ocrx_word' id='word_1_236' title='bbox 1315 1836 1463 1880; x_wconf 89' lang='lat' dir='ltr'>Domi—</span> 
     </span>
     <span class='ocr_line' id='line_1_25' title="bbox 59 1907 1458 1972; baseline -0.004 -18"><span class='ocrx_word' id='word_1_237' title='bbox 59 1925 189 1972; x_wconf 18' lang='lat' dir='ltr'>Anum.</span> <span class='ocrx_word' id='word_1_238' title='bbox 226 1908 487 1968; x_wconf 86' lang='lat' dir='ltr'>AEgrotabat</span> <span class='ocrx_word' id='word_1_239' title='bbox 514 1907 655 1964; x_wconf 87' lang='lat' dir='ltr'>filius,</span> <span class='ocrx_word' id='word_1_240' title='bbox 685 1907 922 1960; x_wconf 87' lang='lat' dir='ltr'>liberatur,</span> <span class='ocrx_word' id='word_1_241' title='bbox 955 1907 1176 1951; x_wconf 80' lang='lat' dir='ltr'>benedicis</span> <span class='ocrx_word' id='word_1_242' title='bbox 1204 1907 1458 1950; x_wconf 89' lang='lat' dir='ltr'>Dominum.</span> 
     </span>
     <span class='ocr_line' id='line_1_26' title="bbox 18 1975 1462 2039; baseline -0.003 -14"><span class='ocrx_word' id='word_1_243' title='bbox 18 2015 19 2018; x_wconf 19' lang='grc' dir='ltr'>η</span> <span class='ocrx_word' id='word_1_244' title='bbox 69 1980 326 2039; x_wconf 84' lang='lat' dir='ltr'>AEgrotabat</span> <span class='ocrx_word' id='word_1_245' title='bbox 358 1978 471 2023; x_wconf 87' lang='lat' dir='ltr'>filius</span> <span class='ocrx_word' id='word_1_246' title='bbox 488 2013 500 2033; x_wconf 95' lang='lat'>,</span> <span class='ocrx_word' id='word_1_247' title='bbox 525 1978 637 2023; x_wconf 80' lang='lat' dir='ltr'>forte</span> <span class='ocrx_word' id='word_1_248' title='bbox 659 1978 851 2038; x_wconf 80' lang='lat' dir='ltr'>quaesisti</span> <span class='ocrx_word' id='word_1_249' title='bbox 882 1978 1241 2021; x_wconf 83' lang='lat' dir='ltr'>mathematicum</span> <span class='ocrx_word' id='word_1_250' title='bbox 1258 2012 1269 2031; x_wconf 89' lang='lat'>,</span> <span class='ocrx_word' id='word_1_251' title='bbox 1289 1975 1462 2021; x_wconf 86' lang='lat' dir='ltr'>sortile-</span> 
     </span>
     <span class='ocr_line' id='line_1_27' title="bbox 70 2041 1464 2109; baseline -0.003 -14"><span class='ocrx_word' id='word_1_252' title='bbox 70 2065 172 2109; x_wconf 85' lang='lat' dir='ltr'>gum</span> <span class='ocrx_word' id='word_1_253' title='bbox 193 2070 202 2096; x_wconf 79' lang='lat' dir='ltr'><strong><em>z</em></strong></span> <span class='ocrx_word' id='word_1_254' title='bbox 230 2042 340 2094; x_wconf 87' lang='lat' dir='ltr'>forte</span> <span class='ocrx_word' id='word_1_255' title='bbox 363 2065 454 2094; x_wconf 91' lang='lat' dir='ltr'>non</span> <span class='ocrx_word' id='word_1_256' title='bbox 471 2049 526 2093; x_wconf 85' lang='lat' dir='ltr'>de</span> <span class='ocrx_word' id='word_1_257' title='bbox 543 2048 692 2107; x_wconf 85' lang='lat' dir='ltr'>lingua</span> <span class='ocrx_word' id='word_1_258' title='bbox 710 2083 722 2103; x_wconf 90' lang='lat'>,</span> <span class='ocrx_word' id='word_1_259' title='bbox 737 2041 823 2092; x_wconf 80' lang='lat' dir='ltr'>&#39;sed</span> <span class='ocrx_word' id='word_1_260' title='bbox 842 2048 896 2092; x_wconf 88' lang='lat' dir='ltr'>de</span> <span class='ocrx_word' id='word_1_261' title='bbox 916 2049 1110 2093; x_wconf 90' lang='lat' dir='ltr'>moribus</span> <span class='ocrx_word' id='word_1_262' title='bbox 1132 2049 1218 2091; x_wconf 86' lang='lat' dir='ltr'>tuis</span> <span class='ocrx_word' id='word_1_263' title='bbox 1241 2047 1345 2091; x_wconf 80' lang='lat' dir='ltr'>exiit</span> <span class='ocrx_word' id='word_1_264' title='bbox 1368 2063 1464 2091; x_wconf 83' lang='lat' dir='ltr'>ma—</span> 
     </span>
     <span class='ocr_line' id='line_1_28' title="bbox 18 2116 1466 2173; baseline -0.001 -11"><span class='ocrx_word' id='word_1_265' title='bbox 18 2158 19 2162; x_wconf 67' lang='lat'>,</span> <span class='ocrx_word' id='word_1_266' title='bbox 71 2119 243 2170; x_wconf 87' lang='lat' dir='ltr'>ledictio</span> <span class='ocrx_word' id='word_1_267' title='bbox 265 2121 311 2164; x_wconf 89' lang='lat' dir='ltr'>in</span> <span class='ocrx_word' id='word_1_268' title='bbox 336 2120 570 2164; x_wconf 89' lang='lat' dir='ltr'>Dominum</span> <span class='ocrx_word' id='word_1_269' title='bbox 588 2154 600 2173; x_wconf 89' lang='lat'>,</span> <span class='ocrx_word' id='word_1_270' title='bbox 632 2119 734 2162; x_wconf 82' lang='lat' dir='ltr'>exiit</span> <span class='ocrx_word' id='word_1_271' title='bbox 757 2117 813 2162; x_wconf 91' lang='lat' dir='ltr'>de</span> <span class='ocrx_word' id='word_1_272' title='bbox 846 2119 1043 2163; x_wconf 88' lang='lat' dir='ltr'>moribus</span> <span class='ocrx_word' id='word_1_273' title='bbox 1075 2128 1119 2162; x_wconf 90' lang='lat' dir='ltr'>et</span> <span class='ocrx_word' id='word_1_274' title='bbox 1140 2120 1228 2162; x_wconf 81' lang='lat' dir='ltr'>vita</span> <span class='ocrx_word' id='word_1_275' title='bbox 1253 2127 1340 2162; x_wconf 89' lang='lat' dir='ltr'>tua.</span> <span class='ocrx_word' id='word_1_276' title='bbox 1367 2116 1466 2162; x_wconf 91' lang='lat' dir='ltr'>Noli</span> 
     </span>
     <span class='ocr_line' id='line_1_29' title="bbox 72 2187 1465 2250; baseline -0.002 -16"><span class='ocrx_word' id='word_1_277' title='bbox 72 2189 245 2249; x_wconf 83' lang='lat' dir='ltr'>gloriari</span> <span class='ocrx_word' id='word_1_278' title='bbox 267 2190 370 2250; x_wconf 87' lang='lat' dir='ltr'>quia</span> <span class='ocrx_word' id='word_1_279' title='bbox 390 2189 540 2248; x_wconf 82' lang='lat' dir='ltr'>lingua</span> <span class='ocrx_word' id='word_1_280' title='bbox 563 2189 785 2233; x_wconf 87' lang='lat' dir='ltr'>benedicis</span> <span class='ocrx_word' id='word_1_281' title='bbox 800 2224 811 2243; x_wconf 93' lang='lat'>,</span> <span class='ocrx_word' id='word_1_282' title='bbox 837 2189 870 2232; x_wconf 89' lang='lat' dir='ltr'>si</span> <span class='ocrx_word' id='word_1_283' title='bbox 893 2189 981 2234; x_wconf 85' lang='lat' dir='ltr'>vita</span> <span class='ocrx_word' id='word_1_284' title='bbox 1004 2187 1243 2232; x_wconf 86' lang='lat' dir='ltr'>maledicis.</span> <span class='ocrx_word' id='word_1_285' title='bbox 1269 2191 1465 2241; x_wconf 88' lang='lat' dir='ltr'>Quomo-</span> 
     </span>
     <span class='ocr_line' id='line_1_30' title="bbox 74 2259 1467 2320; baseline -0.003 -14"><span class='ocrx_word' id='word_1_286' title='bbox 74 2259 151 2316; x_wconf 92' lang='lat' dir='ltr'>do,</span> <span class='ocrx_word' id='word_1_287' title='bbox 176 2260 320 2320; x_wconf 88' lang='lat' dir='ltr'>inquis</span> <span class='ocrx_word' id='word_1_288' title='bbox 338 2294 349 2315; x_wconf 92' lang='lat'>,</span> <span class='ocrx_word' id='word_1_289' title='bbox 381 2260 469 2304; x_wconf 82' lang='lat' dir='ltr'>vita</span> <span class='ocrx_word' id='word_1_290' title='bbox 494 2259 738 2304; x_wconf 80' lang='lat' dir='ltr'>maledico?</span> <span class='ocrx_word' id='word_1_291' title='bbox 771 2259 883 2313; x_wconf 88' lang='lat' dir='ltr'>Quia</span> <span class='ocrx_word' id='word_1_292' title='bbox 906 2259 1148 2304; x_wconf 83' lang='lat' dir='ltr'>attenditur</span> <span class='ocrx_word' id='word_1_293' title='bbox 1177 2259 1264 2303; x_wconf 83' lang='lat' dir='ltr'>vita</span> <span class='ocrx_word' id='word_1_294' title='bbox 1298 2269 1396 2313; x_wconf 89' lang='lat' dir='ltr'>tua,</span> <span class='ocrx_word' id='word_1_295' title='bbox 1423 2268 1467 2303; x_wconf 87' lang='lat' dir='ltr'>et</span> 
     </span>
     <span class='ocr_line' id='line_1_31' title="bbox 67 2329 1459 2390; baseline -0.002 -15"><span class='ocrx_word' id='word_1_296' title='bbox 67 2330 224 2375; x_wconf 83' lang='lat' dir='ltr'>dicitur</span> <span class='ocrx_word' id='word_1_297' title='bbox 260 2349 270 2375; x_wconf 74' lang='grc' dir='ltr'>ι</span> <span class='ocrx_word' id='word_1_298' title='bbox 302 2333 412 2374; x_wconf 85' lang='lat' dir='ltr'>Ecce</span> <span class='ocrx_word' id='word_1_299' title='bbox 443 2330 739 2384; x_wconf 87' lang='lat' dir='ltr'>Christianus,</span> <span class='ocrx_word' id='word_1_300' title='bbox 769 2345 871 2374; x_wconf 87' lang='lat' dir='ltr'>ecce</span> <span class='ocrx_word' id='word_1_301' title='bbox 900 2329 1052 2390; x_wconf 87' lang='lat' dir='ltr'>quales</span> <span class='ocrx_word' id='word_1_302' title='bbox 1080 2338 1183 2373; x_wconf 89' lang='lat' dir='ltr'>sunt</span> <span class='ocrx_word' id='word_1_303' title='bbox 1207 2329 1459 2374; x_wconf 88' lang='lat' dir='ltr'>Christiani.</span> 
     </span>
     <span class='ocr_line' id='line_1_32' title="bbox 69 2399 1462 2461; baseline -0.003 -15"><span class='ocrx_word' id='word_1_304' title='bbox 69 2401 397 2461; x_wconf 86' lang='lat' dir='ltr'>Blasphematur</span> <span class='ocrx_word' id='word_1_305' title='bbox 418 2409 595 2460; x_wconf 83' lang='lat' dir='ltr'>propter</span> <span class='ocrx_word' id='word_1_306' title='bbox 618 2409 660 2444; x_wconf 86' lang='lat' dir='ltr'>te</span> <span class='ocrx_word' id='word_1_307' title='bbox 682 2401 893 2444; x_wconf 84' lang='lat' dir='ltr'>Christus.</span> <span class='ocrx_word' id='word_1_308' title='bbox 911 2403 1024 2444; x_wconf 88' lang='lat' dir='ltr'>Ecce</span> <span class='ocrx_word' id='word_1_309' title='bbox 1046 2415 1148 2444; x_wconf 91' lang='lat' dir='ltr'>cum</span> <span class='ocrx_word' id='word_1_310' title='bbox 1170 2399 1257 2444; x_wconf 86' lang='lat' dir='ltr'>vita</span> <span class='ocrx_word' id='word_1_311' title='bbox 1275 2409 1349 2443; x_wconf 86' lang='lat' dir='ltr'>tua</span> <span class='ocrx_word' id='word_1_312' title='bbox 1372 2415 1462 2442; x_wconf 87' lang='lat' dir='ltr'>ma-</span> 
     </span>
    </p>
   </div>
   <div class='ocr_carea' id='block_1_3' title="bbox 0 2468 1465 2532">
    <p class='ocr_par' dir='ltr' id='par_1_4' title="bbox 0 2468 1465 2532">
     <span class='ocr_line' id='line_1_33' title="bbox 0 2468 1465 2532; baseline -0.002 -17"><span class='ocrx_word' id='word_1_313' title='bbox 0 2518 5 2532; x_wconf 27' lang='lat'>:</span> <span class='ocrx_word' id='word_1_314' title='bbox 71 2469 254 2527; x_wconf 87' lang='lat' dir='ltr'>ledicat,</span> <span class='ocrx_word' id='word_1_315' title='bbox 281 2470 389 2531; x_wconf 85' lang='lat' dir='ltr'>quid</span> <span class='ocrx_word' id='word_1_316' title='bbox 417 2470 594 2530; x_wconf 84' lang='lat' dir='ltr'>prodest</span> <span class='ocrx_word' id='word_1_317' title='bbox 625 2469 748 2530; x_wconf 88' lang='lat' dir='ltr'>quod</span> <span class='ocrx_word' id='word_1_318' title='bbox 773 2469 923 2528; x_wconf 82' lang='lat' dir='ltr'>lingua</span> <span class='ocrx_word' id='word_1_319' title='bbox 951 2481 1026 2514; x_wconf 88' lang='lat' dir='ltr'>tua</span> <span class='ocrx_word' id='word_1_320' title='bbox 1048 2468 1302 2513; x_wconf 79' lang='lat' dir='ltr'>benedicit?</span> <span class='ocrx_word' id='word_1_321' title='bbox 1323 2472 1465 2512; x_wconf 88' lang='lat' dir='ltr'>Bene-</span> 
     </span>
    </p>
   </div>
   <div class='ocr_carea' id='block_1_4' title="bbox 0 0 59 2855">
    <p class='ocr_par' dir='ltr' id='par_1_5' title="bbox 0 0 59 2855">
     <span class='ocr_line' id='line_1_34' title="bbox 0 0 59 2855; baseline 0 0"><span class='ocrx_word' id='word_1_322' title='bbox 0 0 59 2855; x_wconf 95' lang='lat' dir='ltr'> </span> 
     </span>
    </p>
   </div>
   <div class='ocr_carea' id='block_1_5' title="bbox 121 2551 1462 2598">
    <p class='ocr_par' dir='ltr' id='par_1_6' title="bbox 121 2551 1462 2598">
     <span class='ocr_line' id='line_1_35' title="bbox 121 2551 1462 2598; baseline 0 -12"><span class='ocrx_word' id='word_1_323' title='bbox 121 2561 131 2579; x_wconf 82' lang='lat'>¹</span> <span class='ocrx_word' id='word_1_324' title='bbox 151 2555 232 2589; x_wconf 83' lang='lat' dir='ltr'>Psal.</span> <span class='ocrx_word' id='word_1_325' title='bbox 258 2567 392 2595; x_wconf 78' lang='lat' dir='ltr'>Lxxxui,</span> <span class='ocrx_word' id='word_1_326' title='bbox 412 2554 492 2588; x_wconf 87' lang='lat'>5.—</span> <span class='ocrx_word' id='word_1_327' title='bbox 513 2561 526 2578; x_wconf 84' lang='lat'>²</span> <span class='ocrx_word' id='word_1_328' title='bbox 544 2556 637 2586; x_wconf 88' lang='lat' dir='ltr'>Joan.</span> <span class='ocrx_word' id='word_1_329' title='bbox 654 2564 723 2596; x_wconf 81' lang='lat' dir='ltr'>vni,</span> <span class='ocrx_word' id='word_1_330' title='bbox 742 2552 844 2596; x_wconf 56' lang='lat'>44-</span> <span class='ocrx_word' id='word_1_331' title='bbox 866 2551 879 2577; x_wconf 84' lang='lat'><strong>3</strong></span> <span class='ocrx_word' id='word_1_332' title='bbox 898 2554 947 2586; x_wconf 88' lang='lat' dir='ltr'>Id.</span> <span class='ocrx_word' id='word_1_333' title='bbox 967 2565 1019 2595; x_wconf 80' lang='grc' dir='ltr'>ιιι,</span> <span class='ocrx_word' id='word_1_334' title='bbox 1039 2562 1150 2598; x_wconf 46' lang='grc'>29.,-</span> <span class='ocrx_word' id='word_1_335' title='bbox 1164 2553 1414 2595; x_wconf 70' lang='lat' dir='ltr'>4Psal.cxxxm‚</span> <span class='ocrx_word' id='word_1_336' title='bbox 1430 2562 1462 2586; x_wconf 84' lang='lat'>2.</span> 
     </span>
    </p>
   </div>
  </div>
 </body>
</html>
