<?xml version="1.0" encoding="UTF-8"?>
<!DOCTYPE html PUBLIC "-//W3C//DTD XHTML 1.0 Transitional//EN"
    "http://www.w3.org/TR/xhtml1/DTD/xhtml1-transitional.dtd">
<html xmlns="http://www.w3.org/1999/xhtml" xml:lang="en" lang="en">
 <head>
  <title>
</title>
<meta http-equiv="Content-Type" content="text/html;charset=utf-8" />
  <meta name='ocr-system' content='tesseract 3.04.00' />
  <meta name='ocr-capabilities' content='ocr_page ocr_carea ocr_par ocr_line ocrx_word'/>
</head>
<body>
  <div class='ocr_page' id='page_1' title='image "./operaomniaaccura12auguuoft_0258.png"; bbox 0 0 1815 3253; ppageno 0'>
   <div class='ocr_carea' id='block_1_1' title="bbox 361 202 1302 242">
    <p class='ocr_par' dir='ltr' id='par_1_1' title="bbox 361 202 1302 242">
     <span class='ocr_line' id='line_1_1' title="bbox 361 202 1302 242; baseline -0.002 0"><span class='ocrx_word' id='word_1_1' title='bbox 361 202 443 242; x_wconf 75' lang='lat'>248</span> <span class='ocrx_word' id='word_1_2' title='bbox 791 212 824 240; x_wconf 88' lang='lat' dir='ltr'>s.</span> <span class='ocrx_word' id='word_1_3' title='bbox 861 212 1089 242; x_wconf 68' lang='lat' dir='ltr'>Auens&#39;nm</span> <span class='ocrx_word' id='word_1_4' title='bbox 1122 214 1302 241; x_wconf 71' lang='lat' dir='ltr'>Enscom</span> 
     </span>
    </p>
   </div>
   <div class='ocr_carea' id='block_1_2' title="bbox 340 276 1815 2507">
    <p class='ocr_par' dir='ltr' id='par_1_2' title="bbox 353 276 1736 951">
     <span class='ocr_line' id='line_1_2' title="bbox 357 276 1732 338; baseline 0.001 -18"><span class='ocrx_word' id='word_1_5' title='bbox 357 276 658 321; x_wconf 87' lang='lat' dir='ltr'>humiliabitur</span> <span class='ocrx_word' id='word_1_6' title='bbox 677 312 687 332; x_wconf 89' lang='lat'>,</span> <span class='ocrx_word' id='word_1_7' title='bbox 708 277 884 336; x_wconf 87' lang='lat' dir='ltr'>quando</span> <span class='ocrx_word' id='word_1_8' title='bbox 901 292 990 321; x_wconf 91' lang='lat' dir='ltr'>non</span> <span class='ocrx_word' id='word_1_9' title='bbox 1006 277 1115 321; x_wconf 89' lang='lat' dir='ltr'>vult.</span> <span class='ocrx_word' id='word_1_10' title='bbox 1144 280 1254 322; x_wconf 83' lang='lat' dir='ltr'>Sunt</span> <span class='ocrx_word' id='word_1_11' title='bbox 1275 276 1390 321; x_wconf 90' lang='lat' dir='ltr'>enim</span> <span class='ocrx_word' id='word_1_12' title='bbox 1410 278 1615 333; x_wconf 82' lang='lat' dir='ltr'>vasairae,</span> <span class='ocrx_word' id='word_1_13' title='bbox 1633 292 1732 338; x_wconf 84' lang='lat' dir='ltr'>quae</span> 
     </span>
     <span class='ocr_line' id='line_1_3' title="bbox 357 345 1732 406; baseline 0.001 -16"><span class='ocrx_word' id='word_1_14' title='bbox 357 345 548 406; x_wconf 87' lang='lat' dir='ltr'>perfecta</span> <span class='ocrx_word' id='word_1_15' title='bbox 570 356 671 391; x_wconf 89' lang='lat' dir='ltr'>sunt</span> <span class='ocrx_word' id='word_1_16' title='bbox 700 346 755 390; x_wconf 86' lang='lat' dir='ltr'>ad</span> <span class='ocrx_word' id='word_1_17' title='bbox 781 346 1111 406; x_wconf 83' lang='lat' dir='ltr'>perditionem1.</span> <span class='ocrx_word' id='word_1_18' title='bbox 1148 347 1280 392; x_wconf 87' lang='lat' dir='ltr'>Modo</span> <span class='ocrx_word' id='word_1_19' title='bbox 1309 346 1516 391; x_wconf 79' lang='lat' dir='ltr'>extollant</span> <span class='ocrx_word' id='word_1_20' title='bbox 1537 363 1580 391; x_wconf 90' lang='lat' dir='ltr'>se</span> <span class='ocrx_word' id='word_1_21' title='bbox 1596 383 1606 402; x_wconf 88' lang='lat'>‚</span> <span class='ocrx_word' id='word_1_22' title='bbox 1634 363 1732 405; x_wconf 85' lang='lat' dir='ltr'>gar-</span> 
     </span>
     <span class='ocr_line' id='line_1_4' title="bbox 356 415 1733 476; baseline 0 -16"><span class='ocrx_word' id='word_1_23' title='bbox 356 417 470 460; x_wconf 88' lang='lat' dir='ltr'>riant</span> <span class='ocrx_word' id='word_1_24' title='bbox 485 451 495 471; x_wconf 92' lang='lat'>,</span> <span class='ocrx_word' id='word_1_25' title='bbox 519 416 752 460; x_wconf 81' lang='lat' dir='ltr'>extendant</span> <span class='ocrx_word' id='word_1_26' title='bbox 772 432 815 460; x_wconf 92' lang='lat' dir='ltr'>se</span> <span class='ocrx_word' id='word_1_27' title='bbox 835 432 963 476; x_wconf 87' lang='lat' dir='ltr'>super</span> <span class='ocrx_word' id='word_1_28' title='bbox 980 415 1127 460; x_wconf 88' lang='lat' dir='ltr'>fideles</span> <span class='ocrx_word' id='word_1_29' title='bbox 1147 451 1157 471; x_wconf 88' lang='lat'><strong>‚</strong></span> <span class='ocrx_word' id='word_1_30' title='bbox 1189 416 1396 460; x_wconf 90' lang='lat' dir='ltr'>irrideant</span> <span class='ocrx_word' id='word_1_31' title='bbox 1417 415 1566 460; x_wconf 88' lang='lat' dir='ltr'>fideles</span> <span class='ocrx_word' id='word_1_32' title='bbox 1585 451 1595 471; x_wconf 92' lang='lat'>,</span> <span class='ocrx_word' id='word_1_33' title='bbox 1616 416 1733 460; x_wconf 88' lang='lat' dir='ltr'>blas-</span> 
     </span>
     <span class='ocr_line' id='line_1_5' title="bbox 357 486 1733 547; baseline 0 -17"><span class='ocrx_word' id='word_1_34' title='bbox 357 488 566 547; x_wconf 88' lang='lat' dir='ltr'>phemant</span> <span class='ocrx_word' id='word_1_35' title='bbox 583 487 848 532; x_wconf 81' lang='lat' dir='ltr'>Christianos</span> <span class='ocrx_word' id='word_1_36' title='bbox 869 506 878 532; x_wconf 77' lang='lat'>2</span> <span class='ocrx_word' id='word_1_37' title='bbox 910 487 1084 541; x_wconf 89' lang='lat' dir='ltr'>dicant,</span> <span class='ocrx_word' id='word_1_38' title='bbox 1110 486 1355 531; x_wconf 86' lang='lat' dir='ltr'>Anicularia</span> <span class='ocrx_word' id='word_1_39' title='bbox 1385 495 1485 530; x_wconf 85' lang='lat' dir='ltr'>sunt</span> <span class='ocrx_word' id='word_1_40' title='bbox 1506 487 1584 531; x_wconf 85' lang='lat' dir='ltr'>ista</span> <span class='ocrx_word' id='word_1_41' title='bbox 1599 522 1609 541; x_wconf 89' lang='lat'>,</span> <span class='ocrx_word' id='word_1_42' title='bbox 1636 503 1733 546; x_wconf 83' lang='lat' dir='ltr'>quae</span> 
     </span>
     <span class='ocr_line' id='line_1_6' title="bbox 356 556 1733 617; baseline -0.001 -16"><span class='ocrx_word' id='word_1_43' title='bbox 356 557 510 602; x_wconf 89' lang='lat' dir='ltr'>dicunt</span> <span class='ocrx_word' id='word_1_44' title='bbox 531 557 585 601; x_wconf 95' lang='lat' dir='ltr'>de</span> <span class='ocrx_word' id='word_1_45' title='bbox 602 557 671 601; x_wconf 90' lang='lat' dir='ltr'>die</span> <span class='ocrx_word' id='word_1_46' title='bbox 683 557 851 616; x_wconf 86' lang='lat' dir='ltr'>judicii.</span> <span class='ocrx_word' id='word_1_47' title='bbox 878 560 962 601; x_wconf 86' lang='lat' dir='ltr'>Ista</span> <span class='ocrx_word' id='word_1_48' title='bbox 983 556 1110 601; x_wconf 89' lang='lat' dir='ltr'>elatio</span> <span class='ocrx_word' id='word_1_49' title='bbox 1132 572 1282 601; x_wconf 89' lang='lat' dir='ltr'>eorum</span> <span class='ocrx_word' id='word_1_50' title='bbox 1303 566 1450 617; x_wconf 89' lang='lat' dir='ltr'>parata</span> <span class='ocrx_word' id='word_1_51' title='bbox 1469 566 1532 601; x_wconf 90' lang='lat' dir='ltr'>est</span> <span class='ocrx_word' id='word_1_52' title='bbox 1552 557 1733 600; x_wconf 86' lang='lat' dir='ltr'>humili-</span> 
     </span>
     <span class='ocr_line' id='line_1_7' title="bbox 355 626 1735 686; baseline -0.001 -15"><span class='ocrx_word' id='word_1_53' title='bbox 355 628 447 671; x_wconf 83' lang='lat' dir='ltr'>tati.</span> <span class='ocrx_word' id='word_1_54' title='bbox 475 627 658 680; x_wconf 85' lang='lat' dir='ltr'>Quando</span> <span class='ocrx_word' id='word_1_55' title='bbox 680 627 846 671; x_wconf 89' lang='lat' dir='ltr'>venerit</span> <span class='ocrx_word' id='word_1_56' title='bbox 854 626 1011 686; x_wconf 80' lang='lat' dir='ltr'>judex,</span> <span class='ocrx_word' id='word_1_57' title='bbox 1037 626 1113 686; x_wconf 84' lang='lat' dir='ltr'>qui</span> <span class='ocrx_word' id='word_1_58' title='bbox 1134 626 1264 670; x_wconf 91' lang='lat' dir='ltr'>modo</span> <span class='ocrx_word' id='word_1_59' title='bbox 1287 627 1565 670; x_wconf 88' lang='lat' dir='ltr'>annuntiatus</span> <span class='ocrx_word' id='word_1_60' title='bbox 1582 626 1735 671; x_wconf 89' lang='lat' dir='ltr'>irride-</span> 
     </span>
     <span class='ocr_line' id='line_1_8' title="bbox 354 695 1736 756; baseline 0 -16"><span class='ocrx_word' id='word_1_61' title='bbox 354 706 448 752; x_wconf 85' lang='lat' dir='ltr'>tur,</span> <span class='ocrx_word' id='word_1_62' title='bbox 468 705 573 740; x_wconf 85' lang='lat' dir='ltr'>tunc</span> <span class='ocrx_word' id='word_1_63' title='bbox 594 696 667 740; x_wconf 89' lang='lat' dir='ltr'>ille</span> <span class='ocrx_word' id='word_1_64' title='bbox 689 697 765 756; x_wconf 87' lang='lat' dir='ltr'>qui</span> <span class='ocrx_word' id='word_1_65' title='bbox 783 696 913 740; x_wconf 91' lang='lat' dir='ltr'>modo</span> <span class='ocrx_word' id='word_1_66' title='bbox 936 696 1131 755; x_wconf 88' lang='lat' dir='ltr'>superbit</span> <span class='ocrx_word' id='word_1_67' title='bbox 1149 731 1160 751; x_wconf 93' lang='lat'>,</span> <span class='ocrx_word' id='word_1_68' title='bbox 1178 711 1267 740; x_wconf 91' lang='lat' dir='ltr'>non</span> <span class='ocrx_word' id='word_1_69' title='bbox 1288 695 1475 751; x_wconf 81' lang='lat' dir='ltr'>utiliter,</span> <span class='ocrx_word' id='word_1_70' title='bbox 1493 697 1568 740; x_wconf 89' lang='lat' dir='ltr'>sed</span> <span class='ocrx_word' id='word_1_71' title='bbox 1584 712 1736 756; x_wconf 86' lang='lat' dir='ltr'>poena-</span> 
     </span>
     <span class='ocr_line' id='line_1_9' title="bbox 353 765 1735 822; baseline 0.001 -13"><span class='ocrx_word' id='word_1_72' title='bbox 353 766 453 810; x_wconf 84' lang='lat' dir='ltr'>liter</span> <span class='ocrx_word' id='word_1_73' title='bbox 493 765 812 810; x_wconf 86' lang='lat' dir='ltr'>humiliabitur.</span> <span class='ocrx_word' id='word_1_74' title='bbox 849 765 982 810; x_wconf 89' lang='lat' dir='ltr'>Modo</span> <span class='ocrx_word' id='word_1_75' title='bbox 1020 775 1165 810; x_wconf 90' lang='lat' dir='ltr'>autem</span> <span class='ocrx_word' id='word_1_76' title='bbox 1201 781 1291 810; x_wconf 90' lang='lat' dir='ltr'>non</span> <span class='ocrx_word' id='word_1_77' title='bbox 1329 765 1583 810; x_wconf 84' lang='lat' dir='ltr'>humiliatur</span> <span class='ocrx_word' id='word_1_78' title='bbox 1611 801 1622 822; x_wconf 95' lang='lat'>,</span> <span class='ocrx_word' id='word_1_79' title='bbox 1659 766 1735 810; x_wconf 87' lang='lat' dir='ltr'>sed</span> 
     </span>
     <span class='ocr_line' id='line_1_10' title="bbox 355 834 1735 896; baseline 0.001 -18"><span class='ocrx_word' id='word_1_80' title='bbox 355 844 533 895; x_wconf 87' lang='lat' dir='ltr'>paratur</span> <span class='ocrx_word' id='word_1_81' title='bbox 561 835 825 891; x_wconf 89' lang='lat' dir='ltr'>humilitati,</span> <span class='ocrx_word' id='word_1_82' title='bbox 862 836 908 880; x_wconf 86' lang='lat' dir='ltr'>id</span> <span class='ocrx_word' id='word_1_83' title='bbox 923 845 1008 892; x_wconf 86' lang='lat' dir='ltr'>est,</span> <span class='ocrx_word' id='word_1_84' title='bbox 1033 834 1210 895; x_wconf 83' lang='lat' dir='ltr'>paratur</span> <span class='ocrx_word' id='word_1_85' title='bbox 1239 835 1527 892; x_wconf 77' lang='lat' dir='ltr'>damnationi,</span> <span class='ocrx_word' id='word_1_86' title='bbox 1558 844 1735 896; x_wconf 86' lang='lat' dir='ltr'>paratur</span> 
     </span>
     <span class='ocr_line' id='line_1_11' title="bbox 354 907 556 951; baseline -0.005 0"><span class='ocrx_word' id='word_1_87' title='bbox 354 907 556 951; x_wconf 75' lang='lat' dir='ltr'>victimae.</span> 
     </span>
    </p>

    <p class='ocr_par' dir='ltr' id='par_1_3' title="bbox 345 977 1815 2225">
     <span class='ocr_line' id='line_1_12' title="bbox 413 977 1731 1036; baseline 0 -16"><span class='ocrx_word' id='word_1_88' title='bbox 413 979 536 1021; x_wconf 85' lang='lat' dir='ltr'>XXI.</span> <span class='ocrx_word' id='word_1_89' title='bbox 563 977 719 1021; x_wconf 89' lang='lat' dir='ltr'>Omnia</span> <span class='ocrx_word' id='word_1_90' title='bbox 742 991 845 1035; x_wconf 85' lang='lat' dir='ltr'>ergo</span> <span class='ocrx_word' id='word_1_91' title='bbox 863 977 941 1021; x_wconf 89' lang='lat' dir='ltr'>ista</span> <span class='ocrx_word' id='word_1_92' title='bbox 965 978 1118 1022; x_wconf 84' lang='lat' dir='ltr'>evertit</span> <span class='ocrx_word' id='word_1_93' title='bbox 1134 980 1268 1034; x_wconf 78' lang='lat' dir='ltr'>Deus3</span> <span class='ocrx_word' id='word_1_94' title='bbox 1293 977 1573 1036; x_wconf 81' lang='lat' dir='ltr'>corporaliter</span> <span class='ocrx_word' id='word_1_95' title='bbox 1593 985 1700 1033; x_wconf 83' lang='lat' dir='ltr'>tunc</span> <span class='ocrx_word' id='word_1_96' title='bbox 1719 1011 1731 1032; x_wconf 92' lang='lat'>,</span> 
     </span>
     <span class='ocr_line' id='line_1_13' title="bbox 353 1046 1736 1107; baseline 0 -17"><span class='ocrx_word' id='word_1_97' title='bbox 353 1046 531 1107; x_wconf 89' lang='lat' dir='ltr'>quando</span> <span class='ocrx_word' id='word_1_98' title='bbox 554 1056 694 1105; x_wconf 88' lang='lat' dir='ltr'>patres</span> <span class='ocrx_word' id='word_1_99' title='bbox 717 1047 851 1091; x_wconf 89' lang='lat' dir='ltr'>nostri</span> <span class='ocrx_word' id='word_1_100' title='bbox 875 1047 1020 1091; x_wconf 88' lang='lat' dir='ltr'>educti</span> <span class='ocrx_word' id='word_1_101' title='bbox 1041 1056 1142 1091; x_wconf 87' lang='lat' dir='ltr'>sunt</span> <span class='ocrx_word' id='word_1_102' title='bbox 1155 1046 1209 1090; x_wconf 90' lang='lat' dir='ltr'>de</span> <span class='ocrx_word' id='word_1_103' title='bbox 1224 1057 1336 1091; x_wconf 88' lang='lat' dir='ltr'>terra</span> <span class='ocrx_word' id='word_1_104' title='bbox 1355 1047 1561 1106; x_wconf 75' lang='lat' dir='ltr'>AEgypti3</span> <span class='ocrx_word' id='word_1_105' title='bbox 1582 1046 1736 1091; x_wconf 87' lang='lat' dir='ltr'>evertit</span> 
     </span>
     <span class='ocr_line' id='line_1_14' title="bbox 353 1116 1731 1177; baseline 0 -17"><span class='ocrx_word' id='word_1_106' title='bbox 353 1116 602 1177; x_wconf 86' lang='lat' dir='ltr'>spiritaliter</span> <span class='ocrx_word' id='word_1_107' title='bbox 623 1133 763 1172; x_wconf 93' lang='lat' dir='ltr'>nunc,</span> <span class='ocrx_word' id='word_1_108' title='bbox 789 1132 868 1160; x_wconf 86' lang='lat' dir='ltr'>nec</span> <span class='ocrx_word' id='word_1_109' title='bbox 905 1126 1038 1161; x_wconf 88' lang='lat' dir='ltr'>cessat</span> <span class='ocrx_word' id='word_1_110' title='bbox 1060 1133 1213 1161; x_wconf 88' lang='lat' dir='ltr'>manus</span> <span class='ocrx_word' id='word_1_111' title='bbox 1236 1119 1326 1177; x_wconf 84' lang='lat' dir='ltr'>ejus</span> <span class='ocrx_word' id='word_1_112' title='bbox 1357 1132 1496 1177; x_wconf 80' lang='lat' dir='ltr'>usque</span> <span class='ocrx_word' id='word_1_113' title='bbox 1517 1117 1563 1160; x_wconf 90' lang='lat' dir='ltr'>in</span> <span class='ocrx_word' id='word_1_114' title='bbox 1584 1117 1731 1160; x_wconf 88' lang='lat' dir='ltr'>finem.</span> 
     </span>
     <span class='ocr_line' id='line_1_15' title="bbox 356 1170 1773 1246; baseline 0 -15"><span class='ocrx_word' id='word_1_115' title='bbox 356 1186 462 1231; x_wconf 90' lang='lat' dir='ltr'>Ideo</span> <span class='ocrx_word' id='word_1_116' title='bbox 480 1202 534 1230; x_wconf 90' lang='lat' dir='ltr'>ne</span> <span class='ocrx_word' id='word_1_117' title='bbox 557 1188 655 1231; x_wconf 88' lang='lat' dir='ltr'>istas</span> <span class='ocrx_word' id='word_1_118' title='bbox 681 1187 896 1246; x_wconf 89' lang='lat' dir='ltr'>potentias</span> <span class='ocrx_word' id='word_1_119' title='bbox 919 1188 996 1231; x_wconf 91' lang='lat' dir='ltr'>Dei</span> <span class='ocrx_word' id='word_1_120' title='bbox 1019 1197 1124 1231; x_wconf 64' lang='lat' dir='ltr'>tunc</span> <span class='ocrx_word' id='word_1_121' title='bbox 1145 1197 1270 1246; x_wconf 86' lang='lat' dir='ltr'>putes</span> <span class='ocrx_word' id='word_1_122' title='bbox 1293 1196 1485 1246; x_wconf 86' lang='lat' dir='ltr'>peractas</span> <span class='ocrx_word' id='word_1_123' title='bbox 1519 1201 1700 1231; x_wconf 86' lang='lat' dir='ltr'>cessasse</span> <span class='ocrx_word' id='word_1_124' title='bbox 1722 1205 1731 1232; x_wconf 77' lang='grc' dir='ltr'>ε</span> <span class='ocrx_word' id='word_1_125' title='bbox 1764 1170 1773 1232; x_wconf 75' lang='lat' dir='ltr'>l</span> 
     </span>
     <span class='ocr_line' id='line_1_16' title="bbox 357 1256 1731 1317; baseline 0.001 -18"><span class='ocrx_word' id='word_1_126' title='bbox 357 1276 377 1299; x_wconf 93' lang='lat'>«</span> <span class='ocrx_word' id='word_1_127' title='bbox 412 1257 597 1301; x_wconf 90' lang='lat' dir='ltr'>Domine</span> <span class='ocrx_word' id='word_1_128' title='bbox 614 1292 625 1311; x_wconf 92' lang='lat'>,</span> <span class='ocrx_word' id='word_1_129' title='bbox 650 1273 811 1301; x_wconf 91' lang='lat' dir='ltr'>nomen</span> <span class='ocrx_word' id='word_1_130' title='bbox 831 1266 956 1300; x_wconf 89' lang='lat' dir='ltr'>tuum</span> <span class='ocrx_word' id='word_1_131' title='bbox 972 1291 983 1311; x_wconf 95' lang='lat'>,</span> <span class='ocrx_word' id='word_1_132' title='bbox 1012 1257 1177 1317; x_wconf 89' lang='lat' dir='ltr'>inquit,</span> <span class='ocrx_word' id='word_1_133' title='bbox 1202 1257 1248 1300; x_wconf 92' lang='lat' dir='ltr'>in</span> <span class='ocrx_word' id='word_1_134' title='bbox 1279 1256 1502 1301; x_wconf 85' lang='lat' dir='ltr'>saeculum.</span> <span class='ocrx_word' id='word_1_135' title='bbox 1533 1274 1551 1297; x_wconf 84' lang='lat'>»</span> <span class='ocrx_word' id='word_1_136' title='bbox 1578 1256 1629 1300; x_wconf 93' lang='lat' dir='ltr'>Id</span> <span class='ocrx_word' id='word_1_137' title='bbox 1646 1265 1731 1311; x_wconf 90' lang='lat' dir='ltr'>est,</span> 
     </span>
     <span class='ocr_line' id='line_1_17' title="bbox 354 1323 1772 1381; baseline -0.001 -10"><span class='ocrx_word' id='word_1_138' title='bbox 354 1343 444 1371; x_wconf 90' lang='lat' dir='ltr'>non</span> <span class='ocrx_word' id='word_1_139' title='bbox 466 1336 601 1371; x_wconf 90' lang='lat' dir='ltr'>cessat</span> <span class='ocrx_word' id='word_1_140' title='bbox 618 1327 906 1371; x_wconf 90' lang='lat' dir='ltr'>misericordia</span> <span class='ocrx_word' id='word_1_141' title='bbox 922 1336 994 1370; x_wconf 87' lang='lat' dir='ltr'>tua</span> <span class='ocrx_word' id='word_1_142' title='bbox 1015 1362 1024 1381; x_wconf 86' lang='lat'>,</span> <span class='ocrx_word' id='word_1_143' title='bbox 1046 1343 1134 1371; x_wconf 92' lang='lat' dir='ltr'>non</span> <span class='ocrx_word' id='word_1_144' title='bbox 1158 1336 1293 1370; x_wconf 87' lang='lat' dir='ltr'>cessat</span> <span class='ocrx_word' id='word_1_145' title='bbox 1314 1343 1467 1370; x_wconf 82' lang='lat' dir='ltr'>manus</span> <span class='ocrx_word' id='word_1_146' title='bbox 1491 1336 1566 1370; x_wconf 88' lang='lat' dir='ltr'>tua</span> <span class='ocrx_word' id='word_1_147' title='bbox 1585 1327 1630 1369; x_wconf 92' lang='lat' dir='ltr'>in</span> <span class='ocrx_word' id='word_1_148' title='bbox 1652 1342 1733 1370; x_wconf 86' lang='lat' dir='ltr'>sae-</span> <span class='ocrx_word' id='word_1_149' title='bbox 1769 1323 1772 1326; x_wconf 37' lang='lat'><strong>⁴</strong></span> 
     </span>
     <span class='ocr_line' id='line_1_18' title="bbox 351 1377 1769 1457; baseline 0.001 -16"><span class='ocrx_word' id='word_1_150' title='bbox 351 1396 501 1442; x_wconf 83' lang='lat' dir='ltr'>culum</span> <span class='ocrx_word' id='word_1_151' title='bbox 537 1396 677 1441; x_wconf 76' lang='lat' dir='ltr'>facere</span> <span class='ocrx_word' id='word_1_152' title='bbox 709 1398 789 1441; x_wconf 88' lang='lat' dir='ltr'>ista</span> <span class='ocrx_word' id='word_1_153' title='bbox 807 1432 818 1452; x_wconf 82' lang='lat'>,</span> <span class='ocrx_word' id='word_1_154' title='bbox 854 1412 953 1457; x_wconf 71' lang='lat' dir='ltr'>quae</span> <span class='ocrx_word' id='word_1_155' title='bbox 987 1406 1092 1441; x_wconf 89' lang='lat' dir='ltr'>tunc</span> <span class='ocrx_word' id='word_1_156' title='bbox 1129 1398 1428 1456; x_wconf 63' lang='lat' dir='ltr'>praenuntiasti</span> <span class='ocrx_word' id='word_1_157' title='bbox 1461 1395 1688 1454; x_wconf 87' lang='lat' dir='ltr'>figurando</span> <span class='ocrx_word' id='word_1_158' title='bbox 1719 1415 1732 1442; x_wconf 75' lang='lat'>2</span> <span class='ocrx_word' id='word_1_159' title='bbox 1763 1377 1769 1445; x_wconf 74' lang='lat' dir='ltr'>i</span> 
     </span>
     <span class='ocr_line' id='line_1_19' title="bbox 354 1466 1734 1525; baseline -0.001 -15"><span class='ocrx_word' id='word_1_160' title='bbox 354 1486 375 1510; x_wconf 89' lang='lat'>«</span> <span class='ocrx_word' id='word_1_161' title='bbox 401 1467 556 1511; x_wconf 86' lang='lat' dir='ltr'>Omnia</span> <span class='ocrx_word' id='word_1_162' title='bbox 570 1468 687 1510; x_wconf 90' lang='lat' dir='ltr'>enim</span> <span class='ocrx_word' id='word_1_163' title='bbox 703 1467 775 1511; x_wconf 80' lang='lat' dir='ltr'>illa</span> <span class='ocrx_word' id='word_1_164' title='bbox 791 1468 836 1510; x_wconf 91' lang='lat' dir='ltr'>in</span> <span class='ocrx_word' id='word_1_165' title='bbox 853 1468 989 1525; x_wconf 88' lang='lat' dir='ltr'>figura</span> <span class='ocrx_word' id='word_1_166' title='bbox 1007 1468 1318 1525; x_wconf 85' lang='lat' dir='ltr'>contingebant</span> <span class='ocrx_word' id='word_1_167' title='bbox 1333 1466 1438 1524; x_wconf 64' lang='lat' dir='ltr'>illis,</span> <span class='ocrx_word' id='word_1_168' title='bbox 1458 1466 1615 1525; x_wconf 86' lang='lat' dir='ltr'>scripta</span> <span class='ocrx_word' id='word_1_169' title='bbox 1632 1475 1734 1510; x_wconf 91' lang='lat' dir='ltr'>sunt</span> 
     </span>
     <span class='ocr_line' id='line_1_20' title="bbox 353 1535 1734 1596; baseline 0 -17"><span class='ocrx_word' id='word_1_170' title='bbox 353 1556 374 1579; x_wconf 80' lang='lat'>)›</span> <span class='ocrx_word' id='word_1_171' title='bbox 410 1546 555 1581; x_wconf 84' lang='lat' dir='ltr'>autem</span> <span class='ocrx_word' id='word_1_172' title='bbox 578 1538 633 1581; x_wconf 90' lang='lat' dir='ltr'>ad</span> <span class='ocrx_word' id='word_1_173' title='bbox 655 1537 971 1596; x_wconf 88' lang='lat' dir='ltr'>correptionem</span> <span class='ocrx_word' id='word_1_174' title='bbox 994 1546 1182 1581; x_wconf 86' lang='lat' dir='ltr'>nostram</span> <span class='ocrx_word' id='word_1_175' title='bbox 1198 1572 1208 1591; x_wconf 86' lang='lat'>,</span> <span class='ocrx_word' id='word_1_176' title='bbox 1234 1537 1279 1579; x_wconf 92' lang='lat' dir='ltr'>in</span> <span class='ocrx_word' id='word_1_177' title='bbox 1301 1552 1410 1596; x_wconf 86' lang='lat' dir='ltr'>quos</span> <span class='ocrx_word' id='word_1_178' title='bbox 1431 1536 1527 1580; x_wconf 88' lang='lat' dir='ltr'>finis</span> <span class='ocrx_word' id='word_1_179' title='bbox 1550 1535 1734 1580; x_wconf 82' lang='lat' dir='ltr'>saeculo-</span> 
     </span>
     <span class='ocr_line' id='line_1_21' title="bbox 352 1605 1733 1664; baseline 0.001 -16"><span class='ocrx_word' id='word_1_180' title='bbox 352 1623 373 1648; x_wconf 84' lang='lat'>»</span> <span class='ocrx_word' id='word_1_181' title='bbox 408 1621 508 1650; x_wconf 87' lang='lat' dir='ltr'>rum</span> <span class='ocrx_word' id='word_1_182' title='bbox 525 1607 740 1651; x_wconf 74' lang='lat' dir='ltr'>obvenit‘2.</span> <span class='ocrx_word' id='word_1_183' title='bbox 770 1607 952 1651; x_wconf 90' lang='lat' dir='ltr'>Domine</span> <span class='ocrx_word' id='word_1_184' title='bbox 968 1641 978 1660; x_wconf 88' lang='lat'>,</span> <span class='ocrx_word' id='word_1_185' title='bbox 999 1605 1248 1650; x_wconf 80' lang='lat' dir='ltr'>memoriale</span> <span class='ocrx_word' id='word_1_186' title='bbox 1271 1615 1396 1650; x_wconf 91' lang='lat' dir='ltr'>tuum</span> <span class='ocrx_word' id='word_1_187' title='bbox 1419 1606 1464 1649; x_wconf 86' lang='lat' dir='ltr'>in</span> <span class='ocrx_word' id='word_1_188' title='bbox 1488 1605 1733 1664; x_wconf 86' lang='lat' dir='ltr'>generatio-</span> 
     </span>
     <span class='ocr_line' id='line_1_22' title="bbox 350 1675 1729 1734; baseline 0.001 -16"><span class='ocrx_word' id='word_1_189' title='bbox 350 1694 372 1718; x_wconf 86' lang='lat'>»</span> <span class='ocrx_word' id='word_1_190' title='bbox 407 1691 507 1720; x_wconf 82' lang='lat' dir='ltr'>nem</span> <span class='ocrx_word' id='word_1_191' title='bbox 521 1685 564 1720; x_wconf 89' lang='lat' dir='ltr'>et</span> <span class='ocrx_word' id='word_1_192' title='bbox 575 1676 937 1734; x_wconf 83' lang='lat' dir='ltr'>generationem.»</span> <span class='ocrx_word' id='word_1_193' title='bbox 952 1677 1181 1720; x_wconf 79' lang='lat' dir='ltr'>Generatio</span> <span class='ocrx_word' id='word_1_194' title='bbox 1194 1677 1271 1719; x_wconf 87' lang='lat' dir='ltr'>ista</span> <span class='ocrx_word' id='word_1_195' title='bbox 1285 1686 1327 1720; x_wconf 90' lang='lat' dir='ltr'>et</span> <span class='ocrx_word' id='word_1_196' title='bbox 1342 1676 1560 1734; x_wconf 84' lang='lat' dir='ltr'>generatio</span> <span class='ocrx_word' id='word_1_197' title='bbox 1573 1675 1704 1720; x_wconf 88' lang='lat' dir='ltr'>altera</span> <span class='ocrx_word' id='word_1_198' title='bbox 1720 1694 1729 1720; x_wconf 93' lang='lat'>:</span> 
     </span>
     <span class='ocr_line' id='line_1_23' title="bbox 350 1745 1734 1806; baseline -0.001 -16"><span class='ocrx_word' id='word_1_199' title='bbox 350 1747 569 1805; x_wconf 87' lang='lat' dir='ltr'>generatio</span> <span class='ocrx_word' id='word_1_200' title='bbox 590 1763 676 1806; x_wconf 90' lang='lat' dir='ltr'>qua</span> <span class='ocrx_word' id='word_1_201' title='bbox 696 1745 844 1790; x_wconf 90' lang='lat' dir='ltr'>fideles</span> <span class='ocrx_word' id='word_1_202' title='bbox 865 1747 1099 1801; x_wconf 83' lang='lat' dir='ltr'>efficimur,</span> <span class='ocrx_word' id='word_1_203' title='bbox 1125 1755 1168 1790; x_wconf 91' lang='lat' dir='ltr'>et</span> <span class='ocrx_word' id='word_1_204' title='bbox 1202 1762 1279 1806; x_wconf 86' lang='lat' dir='ltr'>per</span> <span class='ocrx_word' id='word_1_205' title='bbox 1301 1747 1564 1806; x_wconf 86' lang='lat' dir='ltr'>baptismum</span> <span class='ocrx_word' id='word_1_206' title='bbox 1591 1761 1734 1790; x_wconf 90' lang='lat' dir='ltr'>renas-</span> 
     </span>
     <span class='ocr_line' id='line_1_24' title="bbox 350 1813 1815 1876; baseline 0.003 -16"><span class='ocrx_word' id='word_1_207' title='bbox 350 1817 519 1874; x_wconf 74' lang='lat' dir='ltr'>cimur,</span> <span class='ocrx_word' id='word_1_208' title='bbox 544 1817 761 1874; x_wconf 89' lang='lat' dir='ltr'>generatio</span> <span class='ocrx_word' id='word_1_209' title='bbox 789 1832 875 1876; x_wconf 89' lang='lat' dir='ltr'>qua</span> <span class='ocrx_word' id='word_1_210' title='bbox 903 1832 925 1860; x_wconf 88' lang='lat' dir='ltr'>a</span> <span class='ocrx_word' id='word_1_211' title='bbox 946 1817 1127 1860; x_wconf 88' lang='lat' dir='ltr'>mortuis</span> <span class='ocrx_word' id='word_1_212' title='bbox 1155 1832 1427 1875; x_wconf 80' lang='lat' dir='ltr'>resurgemus</span> <span class='ocrx_word' id='word_1_213' title='bbox 1446 1852 1456 1871; x_wconf 95' lang='lat'>,</span> <span class='ocrx_word' id='word_1_214' title='bbox 1490 1825 1533 1860; x_wconf 89' lang='lat' dir='ltr'>et</span> <span class='ocrx_word' id='word_1_215' title='bbox 1558 1816 1731 1874; x_wconf 83' lang='lat' dir='ltr'>Angelis</span> <span class='ocrx_word' id='word_1_216' title='bbox 1760 1813 1766 1864; x_wconf 70' lang='lat' dir='ltr'>l</span> <span class='ocrx_word' id='word_1_217' title='bbox 1807 1846 1815 1857; x_wconf 58' lang='lat'>.</span> 
     </span>
     <span class='ocr_line' id='line_1_25' title="bbox 350 1887 1728 1948; baseline -0.001 -16"><span class='ocrx_word' id='word_1_218' title='bbox 350 1888 571 1948; x_wconf 90' lang='lat' dir='ltr'>conjuncti</span> <span class='ocrx_word' id='word_1_219' title='bbox 587 1888 781 1932; x_wconf 85' lang='lat' dir='ltr'>vivemus</span> <span class='ocrx_word' id='word_1_220' title='bbox 796 1887 841 1930; x_wconf 91' lang='lat' dir='ltr'>in</span> <span class='ocrx_word' id='word_1_221' title='bbox 859 1896 1086 1931; x_wconf 81' lang='lat' dir='ltr'>aeternum.</span> <span class='ocrx_word' id='word_1_222' title='bbox 1107 1887 1357 1932; x_wconf 88' lang='lat' dir='ltr'>Memoriale</span> <span class='ocrx_word' id='word_1_223' title='bbox 1372 1899 1512 1940; x_wconf 88' lang='lat' dir='ltr'>tuum,</span> <span class='ocrx_word' id='word_1_224' title='bbox 1529 1887 1728 1943; x_wconf 90' lang='lat' dir='ltr'>Domine,</span> 
     </span>
     <span class='ocr_line' id='line_1_26' title="bbox 350 1956 1726 2016; baseline 0.001 -16"><span class='ocrx_word' id='word_1_225' title='bbox 350 1965 393 2000; x_wconf 86' lang='lat' dir='ltr'>et</span> <span class='ocrx_word' id='word_1_226' title='bbox 410 1973 539 2016; x_wconf 89' lang='lat' dir='ltr'>super</span> <span class='ocrx_word' id='word_1_227' title='bbox 554 1957 875 2015; x_wconf 86' lang='lat' dir='ltr'>generationem</span> <span class='ocrx_word' id='word_1_228' title='bbox 888 1956 1029 2012; x_wconf 87' lang='lat' dir='ltr'>istam,</span> <span class='ocrx_word' id='word_1_229' title='bbox 1043 1966 1086 2001; x_wconf 88' lang='lat' dir='ltr'>et</span> <span class='ocrx_word' id='word_1_230' title='bbox 1102 1972 1231 2016; x_wconf 90' lang='lat' dir='ltr'>super</span> <span class='ocrx_word' id='word_1_231' title='bbox 1244 1956 1361 2000; x_wconf 85' lang='lat' dir='ltr'>illam</span> <span class='ocrx_word' id='word_1_232' title='bbox 1377 1957 1696 2014; x_wconf 86' lang='lat' dir='ltr'>generationem</span> <span class='ocrx_word' id='word_1_233' title='bbox 1716 1976 1726 2002; x_wconf 71' lang='grc' dir='ltr'>ε</span> 
     </span>
     <span class='ocr_line' id='line_1_27' title="bbox 348 2027 1730 2087; baseline 0.001 -17"><span class='ocrx_word' id='word_1_234' title='bbox 348 2028 450 2087; x_wconf 86' lang='lat' dir='ltr'>quia</span> <span class='ocrx_word' id='word_1_235' title='bbox 475 2043 555 2072; x_wconf 90' lang='lat' dir='ltr'>nec</span> <span class='ocrx_word' id='word_1_236' title='bbox 578 2043 695 2071; x_wconf 89' lang='lat' dir='ltr'>nunc</span> <span class='ocrx_word' id='word_1_237' title='bbox 712 2032 791 2071; x_wconf 86' lang='lat' dir='ltr'>nos</span> <span class='ocrx_word' id='word_1_238' title='bbox 807 2027 967 2072; x_wconf 87' lang='lat' dir='ltr'>oblitus</span> <span class='ocrx_word' id='word_1_239' title='bbox 990 2037 1054 2071; x_wconf 90' lang='lat' dir='ltr'>est</span> <span class='ocrx_word' id='word_1_240' title='bbox 1071 2063 1081 2082; x_wconf 95' lang='lat'>,</span> <span class='ocrx_word' id='word_1_241' title='bbox 1107 2037 1157 2071; x_wconf 91' lang='lat' dir='ltr'>ut</span> <span class='ocrx_word' id='word_1_242' title='bbox 1178 2037 1375 2084; x_wconf 64' lang='lat' dir='ltr'>vocaret,</span> <span class='ocrx_word' id='word_1_243' title='bbox 1399 2043 1478 2071; x_wconf 88' lang='lat' dir='ltr'>nec</span> <span class='ocrx_word' id='word_1_244' title='bbox 1499 2037 1602 2072; x_wconf 87' lang='lat' dir='ltr'>tunc</span> <span class='ocrx_word' id='word_1_245' title='bbox 1621 2027 1730 2071; x_wconf 89' lang='lat' dir='ltr'>obli-</span> 
     </span>
     <span class='ocr_line' id='line_1_28' title="bbox 345 2097 1729 2157; baseline 0.001 -17"><span class='ocrx_word' id='word_1_246' title='bbox 345 2098 533 2142; x_wconf 87' lang='lat' dir='ltr'>viscetur</span> <span class='ocrx_word' id='word_1_247' title='bbox 551 2133 562 2152; x_wconf 87' lang='lat'>,</span> <span class='ocrx_word' id='word_1_248' title='bbox 588 2107 637 2141; x_wconf 90' lang='lat' dir='ltr'>ut</span> <span class='ocrx_word' id='word_1_249' title='bbox 658 2106 851 2141; x_wconf 90' lang='lat' dir='ltr'>coronet.</span> <span class='ocrx_word' id='word_1_250' title='bbox 874 2115 893 2138; x_wconf 91' lang='lat'>«</span> <span class='ocrx_word' id='word_1_251' title='bbox 914 2097 1167 2141; x_wconf 86' lang='lat' dir='ltr'>Memoriale</span> <span class='ocrx_word' id='word_1_252' title='bbox 1184 2107 1309 2141; x_wconf 89' lang='lat' dir='ltr'>tuum</span> <span class='ocrx_word' id='word_1_253' title='bbox 1327 2132 1341 2152; x_wconf 88' lang='lat'>,</span> <span class='ocrx_word' id='word_1_254' title='bbox 1362 2098 1545 2142; x_wconf 91' lang='lat' dir='ltr'>Domine</span> <span class='ocrx_word' id='word_1_255' title='bbox 1561 2132 1572 2153; x_wconf 85' lang='lat'>,</span> <span class='ocrx_word' id='word_1_256' title='bbox 1596 2098 1642 2141; x_wconf 91' lang='lat' dir='ltr'>in</span> <span class='ocrx_word' id='word_1_257' title='bbox 1660 2113 1729 2157; x_wconf 85' lang='lat' dir='ltr'>ge-</span> 
     </span>
     <span class='ocr_line' id='line_1_29' title="bbox 350 2168 1139 2225; baseline -0.003 -16"><span class='ocrx_word' id='word_1_258' title='bbox 350 2186 370 2209; x_wconf 88' lang='lat'>»</span> <span class='ocrx_word' id='word_1_259' title='bbox 405 2168 674 2211; x_wconf 90' lang='lat' dir='ltr'>nerationem</span> <span class='ocrx_word' id='word_1_260' title='bbox 693 2177 735 2211; x_wconf 93' lang='lat' dir='ltr'>et</span> <span class='ocrx_word' id='word_1_261' title='bbox 757 2168 1093 2225; x_wconf 84' lang='lat' dir='ltr'>generationem.</span> <span class='ocrx_word' id='word_1_262' title='bbox 1119 2185 1139 2208; x_wconf 86' lang='lat'>»</span> 
     </span>
    </p>

    <p class='ocr_par' dir='ltr' id='par_1_4' title="bbox 340 2236 1727 2507">
     <span class='ocr_line' id='line_1_30' title="bbox 402 2236 1723 2297; baseline -0.001 -17"><span class='ocrx_word' id='word_1_263' title='bbox 402 2239 548 2280; x_wconf 77' lang='lat' dir='ltr'>XXII.</span> <span class='ocrx_word' id='word_1_264' title='bbox 579 2256 600 2278; x_wconf 92' lang='lat'>«</span> <span class='ocrx_word' id='word_1_265' title='bbox 624 2237 839 2290; x_wconf 88' lang='lat' dir='ltr'>Quoniam</span> <span class='ocrx_word' id='word_1_266' title='bbox 853 2236 1065 2297; x_wconf 83' lang='lat' dir='ltr'>judicavit</span> <span class='ocrx_word' id='word_1_267' title='bbox 1085 2238 1293 2281; x_wconf 89' lang='lat' dir='ltr'>Dominus</span> <span class='ocrx_word' id='word_1_268' title='bbox 1309 2236 1482 2296; x_wconf 90' lang='lat' dir='ltr'>plebem</span> <span class='ocrx_word' id='word_1_269' title='bbox 1509 2239 1673 2281; x_wconf 75' lang='lat' dir='ltr'>suam3.</span> <span class='ocrx_word' id='word_1_270' title='bbox 1702 2255 1723 2279; x_wconf 71' lang='lat' dir='ltr'>n</span> 
     </span>
     <span class='ocr_line' id='line_1_31' title="bbox 343 2307 1727 2368; baseline 0 -15"><span class='ocrx_word' id='word_1_271' title='bbox 343 2307 589 2367; x_wconf 87' lang='lat' dir='ltr'>Complevit</span> <span class='ocrx_word' id='word_1_272' title='bbox 605 2317 721 2351; x_wconf 85' lang='lat' dir='ltr'>certe</span> <span class='ocrx_word' id='word_1_273' title='bbox 736 2307 966 2357; x_wconf 79' lang='lat' dir='ltr'>omniajlla</span> <span class='ocrx_word' id='word_1_274' title='bbox 982 2309 1027 2351; x_wconf 88' lang='lat' dir='ltr'>in</span> <span class='ocrx_word' id='word_1_275' title='bbox 1042 2308 1206 2368; x_wconf 83' lang='lat' dir='ltr'>populo</span> <span class='ocrx_word' id='word_1_276' title='bbox 1220 2311 1243 2352; x_wconf 85' lang='lat' dir='ltr'>J</span> <span class='ocrx_word' id='word_1_277' title='bbox 1251 2307 1488 2352; x_wconf 77' lang='lat' dir='ltr'>udaeorum.</span> <span class='ocrx_word' id='word_1_278' title='bbox 1501 2308 1727 2368; x_wconf 85' lang='lat' dir='ltr'>Numquid</span> 
     </span>
     <span class='ocr_line' id='line_1_32' title="bbox 340 2377 1725 2438; baseline 0.001 -18"><span class='ocrx_word' id='word_1_279' title='bbox 340 2379 430 2436; x_wconf 83' lang='lat' dir='ltr'>jam</span> <span class='ocrx_word' id='word_1_280' title='bbox 464 2387 762 2421; x_wconf 85' lang='lat' dir='ltr'>remanserunt</span> <span class='ocrx_word' id='word_1_281' title='bbox 784 2393 913 2436; x_wconf 83' lang='lat' dir='ltr'>opera</span> <span class='ocrx_word' id='word_1_282' title='bbox 941 2379 1053 2437; x_wconf 79' lang='lat' dir='ltr'>ejus,</span> <span class='ocrx_word' id='word_1_283' title='bbox 1080 2387 1309 2438; x_wconf 84' lang='lat' dir='ltr'>postquam</span> <span class='ocrx_word' id='word_1_284' title='bbox 1339 2377 1508 2421; x_wconf 81' lang='lat' dir='ltr'>induxit</span> <span class='ocrx_word' id='word_1_285' title='bbox 1549 2377 1725 2436; x_wconf 85' lang='lat' dir='ltr'>plebem</span> 
     </span>
     <span class='ocr_line' id='line_1_33' title="bbox 345 2446 1719 2507; baseline 0.001 -18"><span class='ocrx_word' id='word_1_286' title='bbox 345 2462 466 2490; x_wconf 85' lang='lat' dir='ltr'>suam</span> <span class='ocrx_word' id='word_1_287' title='bbox 490 2447 535 2490; x_wconf 90' lang='lat' dir='ltr'>in</span> <span class='ocrx_word' id='word_1_288' title='bbox 560 2455 716 2490; x_wconf 87' lang='lat' dir='ltr'>terram</span> <span class='ocrx_word' id='word_1_289' title='bbox 748 2447 1114 2506; x_wconf 82' lang='lat' dir='ltr'>repromissionis?</span> <span class='ocrx_word' id='word_1_290' title='bbox 1139 2447 1296 2491; x_wconf 85' lang='lat' dir='ltr'>Adhuc</span> <span class='ocrx_word' id='word_1_291' title='bbox 1319 2446 1447 2506; x_wconf 83' lang='lat' dir='ltr'>plane</span> <span class='ocrx_word' id='word_1_292' title='bbox 1471 2446 1684 2507; x_wconf 88' lang='lat' dir='ltr'>judicabit</span> <span class='ocrx_word' id='word_1_293' title='bbox 1711 2465 1719 2490; x_wconf 94' lang='lat'><strong>:</strong></span> 
     </span>
    </p>
   </div>
   <div class='ocr_carea' id='block_1_3' title="bbox 1760 0 1807 2365">
    <p class='ocr_par' dir='ltr' id='par_1_5' title="bbox 1760 0 1807 2365">
     <span class='ocr_line' id='line_1_34' title="bbox 1760 0 1804 1479; baseline 0 -136"><span class='ocrx_word' id='word_1_294' title='bbox 1760 0 1804 1479; x_wconf 95' lang='lat' dir='ltr'>     </span> 
     </span>
     <span class='ocr_line' id='line_1_35' title="bbox 1771 1479 1807 2365; baseline 0 -352"><span class='ocrx_word' id='word_1_295' title='bbox 1771 1479 1804 2085; x_wconf 95' lang='lat' dir='ltr'>  </span> <span class='ocrx_word' id='word_1_296' title='bbox 1786 2013 1807 2365; x_wconf 95' lang='lat' dir='ltr'>  </span> 
     </span>
    </p>
   </div>
   <div class='ocr_carea' id='block_1_4' title="bbox 1762 1456 1769 1610">
    <p class='ocr_par' dir='ltr' id='par_1_6' title="bbox 1762 1456 1769 1610">
     <span class='ocr_line' id='line_1_36' title="bbox 1762 1456 1769 1610; baseline 0 1643"><span class='ocrx_word' id='word_1_297' title='bbox 1762 1456 1769 1610; x_wconf 95' lang='lat' dir='ltr'> </span> 
     </span>
    </p>
   </div>
   <div class='ocr_carea' id='block_1_5' title="bbox 1761 1613 1767 1744">
    <p class='ocr_par' dir='ltr' id='par_1_7' title="bbox 1761 1613 1767 1744">
     <span class='ocr_line' id='line_1_37' title="bbox 1761 1613 1767 1744; baseline 0 1509"><span class='ocrx_word' id='word_1_298' title='bbox 1761 1613 1767 1744; x_wconf 95' lang='lat' dir='ltr'> </span> 
     </span>
    </p>
   </div>
   <div class='ocr_carea' id='block_1_6' title="bbox 1759 1867 1765 2062">
    <p class='ocr_par' dir='ltr' id='par_1_8' title="bbox 1759 1867 1765 2062">
     <span class='ocr_line' id='line_1_38' title="bbox 1759 1867 1765 2062; baseline 0 1191"><span class='ocrx_word' id='word_1_299' title='bbox 1759 1867 1765 2062; x_wconf 95' lang='lat' dir='ltr'> </span> 
     </span>
    </p>
   </div>
   <div class='ocr_carea' id='block_1_7' title="bbox 1783 2031 1808 2071">
    <p class='ocr_par' dir='ltr' id='par_1_9' title="bbox 1783 2031 1808 2071">
     <span class='ocr_line' id='line_1_39' title="bbox 1784 2031 1788 2046; baseline 0 0"><span class='ocrx_word' id='word_1_300' title='bbox 1784 2031 1788 2046; x_wconf 75' lang='grc' dir='ltr'>ι</span> 
     </span>
     <span class='ocr_line' id='line_1_40' title="bbox 1783 2050 1808 2071; baseline 0 0"><span class='ocrx_word' id='word_1_301' title='bbox 1783 2050 1788 2067; x_wconf 77' lang='lat'>⁸</span> <span class='ocrx_word' id='word_1_302' title='bbox 1807 2067 1808 2071; x_wconf 70' lang='grc'>,</span> 
     </span>
    </p>
   </div>
   <div class='ocr_carea' id='block_1_8' title="bbox 1758 2098 1764 2232">
    <p class='ocr_par' dir='ltr' id='par_1_10' title="bbox 1758 2098 1764 2232">
     <span class='ocr_line' id='line_1_41' title="bbox 1758 2098 1764 2232; baseline 0 1021"><span class='ocrx_word' id='word_1_303' title='bbox 1758 2098 1764 2232; x_wconf 95' lang='lat' dir='ltr'> </span> 
     </span>
    </p>
   </div>
   <div class='ocr_carea' id='block_1_9' title="bbox 1757 2233 1762 2450">
    <p class='ocr_par' dir='ltr' id='par_1_11' title="bbox 1757 2233 1762 2450">
     <span class='ocr_line' id='line_1_42' title="bbox 1757 2233 1762 2450; baseline 0 803"><span class='ocrx_word' id='word_1_304' title='bbox 1757 2233 1762 2450; x_wconf 95' lang='lat' dir='ltr'> </span> 
     </span>
    </p>
   </div>
   <div class='ocr_carea' id='block_1_10' title="bbox 392 2453 1815 2673">
    <p class='ocr_par' dir='ltr' id='par_1_12' title="bbox 392 2453 1815 2673">
     <span class='ocr_line' id='line_1_43' title="bbox 1757 2453 1760 2469; baseline 0 0"><span class='ocrx_word' id='word_1_305' title='bbox 1757 2453 1760 2469; x_wconf 72' lang='grc' dir='ltr'>Ι</span> 
     </span>
     <span class='ocr_line' id='line_1_44' title="bbox 1756 2473 1759 2526; baseline 0 0"><span class='ocrx_word' id='word_1_306' title='bbox 1756 2473 1759 2526; x_wconf 73' lang='grc' dir='ltr'><em>Ξ</em></span> 
     </span>
     <span class='ocr_line' id='line_1_45' title="bbox 392 2523 1815 2574; baseline 0.001 -12"><span class='ocrx_word' id='word_1_307' title='bbox 392 2537 401 2553; x_wconf 90' lang='lat'><strong>¹</strong></span> <span class='ocrx_word' id='word_1_308' title='bbox 424 2532 514 2563; x_wconf 83' lang='lat' dir='ltr'>Rom.</span> <span class='ocrx_word' id='word_1_309' title='bbox 536 2542 581 2573; x_wconf 77' lang='lat' dir='ltr'>ix,</span> <span class='ocrx_word' id='word_1_310' title='bbox 601 2540 657 2564; x_wconf 76' lang='lat'>22.</span> <span class='ocrx_word' id='word_1_311' title='bbox 677 2548 717 2554; x_wconf 86' lang='lat'><em>-</em></span> <span class='ocrx_word' id='word_1_312' title='bbox 738 2537 751 2554; x_wconf 78' lang='lat'>²</span> <span class='ocrx_word' id='word_1_313' title='bbox 771 2542 783 2563; x_wconf 82' lang='grc' dir='ltr'>ι</span> <span class='ocrx_word' id='word_1_314' title='bbox 803 2533 875 2564; x_wconf 85' lang='lat' dir='ltr'>Cor.</span> <span class='ocrx_word' id='word_1_315' title='bbox 898 2529 1190 2573; x_wconf 76' lang='lat' dir='ltr'>x‚11.—-³Psal.</span> <span class='ocrx_word' id='word_1_316' title='bbox 1213 2542 1346 2570; x_wconf 81' lang='lat' dir='ltr'>cxxxlv,</span> <span class='ocrx_word' id='word_1_317' title='bbox 1370 2531 1420 2574; x_wconf 68' lang='lat'>14.</span> <span class='ocrx_word' id='word_1_318' title='bbox 1756 2529 1759 2571; x_wconf 75' lang='grc' dir='ltr'>Ι</span> <span class='ocrx_word' id='word_1_319' title='bbox 1800 2523 1815 2565; x_wconf 54' lang='lat' dir='ltr'>i,</span> 
     </span>
     <span class='ocr_line' id='line_1_46' title="bbox 1756 2579 1758 2602; baseline 0 0"><span class='ocrx_word' id='word_1_320' title='bbox 1756 2579 1758 2602; x_wconf 87' lang='grc' dir='ltr'>ι</span> 
     </span>
     <span class='ocr_line' id='line_1_47' title="bbox 1756 2655 1757 2673; baseline 0 0"><span class='ocrx_word' id='word_1_321' title='bbox 1756 2655 1757 2673; x_wconf 69' lang='lat' dir='ltr'>l</span> 
     </span>
    </p>
   </div>
   <div class='ocr_carea' id='block_1_11' title="bbox 1751 3145 1754 3221">
    <p class='ocr_par' dir='ltr' id='par_1_13' title="bbox 1751 3145 1754 3221">
     <span class='ocr_line' id='line_1_48' title="bbox 1751 3145 1754 3221; baseline 0 32"><span class='ocrx_word' id='word_1_322' title='bbox 1751 3145 1754 3221; x_wconf 95' lang='lat' dir='ltr'> </span> 
     </span>
    </p>
   </div>
  </div>
 </body>
</html>
