1815 3253
384 276 627 309 ENARRATIO
659 279 705 307 m
737 275 942 306 PsALMUM
972 277 1100 304 cxxrt.
1387 263 1437 304 51

53 347 333 401 dominorum
370 359 577 400 suorum,
617 343 698 388 nisi
741 343 818 404 qui
852 343 1067 402 jubentur
1099 339 1248 385 caedi?
1280 358 1298 382 «
1320 339 1448 385 Oculi

55 437 76 461 »
112 416 250 462 nostri
278 415 334 460 ad
363 415 599 460 Dominum
629 417 767 457 Deum
797 422 1022 468 nostrum,
1057 410 1345 472 quoadusque
1368 410 1450 457 mi-

57 509 77 532 »
109 497 300 534 screatus
321 488 470 532 nostri.
493 484 752 540 Quomodo?
773 485 893 530 Sicut
919 483 1037 530 oculi
1057 498 1281 529 servorum
1297 482 1343 527 in
1360 498 1453 527 ma-.

56 577 78 602 »
112 574 196 604 nus
215 558 494 603 dominorum
517 572 720 612 suorum,
746 565 790 600 et
813 556 924 601 sicut
945 554 1061 599 oculi
1091 553 1261 600 ancillae
1286 555 1330 600 in
1352 569 1449 600 ma=

59 650 78 674 »
111 646 195 675 nus
229 629 419 675 dominae
451 644 593 673 suae.»
629 630 747 687 Ergo
780 636 822 671 et
857 626 918 672 illi
945 635 989 670 et
1015 625 1123 682 illae,
1157 626 1446 686 quoadusque

53 701 306 745 misereatur
326 699 395 744 vel
429 699 633 743 dominus
655 698 727 743 vel
760 698 953 742 domina.
993 700 1079 742 Fac
1113 711 1215 756 ergo
1252 697 1444 756 aliquem

53 770 284 816 dominum
302 770 475 831 jussisse
509 784 682 814 servum
704 768 814 813 caedi
852 787 862 813 ε
893 767 1070 827 vapulat
1106 783 1280 823 servus,
1316 767 1447 811 sentit

54 841 278 902 plagarum
301 840 497 897 dolores3
516 837 702 884 attendit
732 837 788 884 ad
808 854 963 882 manus
984 837 1147 882 domini
1172 841 1254 892 sui,
1282 837 1453 899 quoad-

55 926 194 971 usque
213 910 330 955 dicat
355 929 364 954 :
387 913 533 954 Parce.
563 912 744 954 Manum
767 909 904 969 enim,
926 909 1061 968 ipsam
1094 918 1354 968 potestatem
1379 908 1453 952 hic

56 982 177 1027 dicit.
203 984 319 1041 Ergo
341 979 446 1040 quid
472 980 681 1035 dicimus,
707 979 886 1024 fratres?
908 979 1042 1024 ,lussit
1069 995 1148 1024 nos
1176 980 1286 1024 caedi
1310 980 1457 1024 Domi-

56 1069 139 1102 nus
174 1061 346 1107 noster,
383 1060 426 1095 ct
454 1053 638 1096 Domina
676 1060 824 1095 nostra
860 1051 1069 1110 sapientia
1101 1051 1179 1095 Dei
1215 1051 1343 1111 jussit
1379 1066 1459 1095 nos

56 1123 165 1169 eaedi
191 1142 199 1168 :
219 1133 263 1167 et
283 1123 329 1166 in
349 1123 431 1166 hac
453 1123 541 1167 vita
564 1120 837 1181 vapulamus,
861 1131 905 1165 et
927 1130 1015 1165 tota
1045 1122 1125 1166 ista
1157 1121 1243 1166 vita
1266 1120 1459 1166 mortalis

58 1193 183 1254 plaga
206 1202 351 1237 nostra
387 1201 465 1236 est.
505 1191 621 1236 Audi
655 1207 806 1237 vocem
843 1191 1001 1236 Psalmi
1029 1212 1038 1237 :
1068 1211 1088 1235 «
1110 1195 1194 1237 Pro
1215 1188 1457 1254 'iniquitate

61 1282 82 1307 »
117 1264 296 1308 erudisti
334 1264 583 1319 hominem,
609 1273 653 1307 et
673 1265 893 1307 tabescere
926 1262 1068 1308 fecisti
1105 1263 1217 1308 sicut
1254 1279 1456 1308 araneam

60 1353 81 1377 »
117 1336 303 1379 animam
326 1349 469 1378 meam
494 1336 522 1378 ¹.
544 1354 561 1375 »
588 1334 835 1390 Attendite,
861 1333 1036 1390 fratres,
1065 1349 1197 1394 quam
1220 1334 1367 1379 tabida
1394 1344 1458 1380 est

58 1422 240 1462 aranea,
277 1415 328 1450 ut
357 1405 443 1450 levi
471 1414 592 1450 tactu
631 1415 945 1466 conquassetur
983 1415 1026 1449 et
1059 1406 1284 1450 moriatur.
1324 1409 1381 1451 Et
1403 1421 1459 1450 ne

57 1477 183 1538 quasi
219 1491 391 1521 carnem
423 1475 557 1520 solam
602 1476 855 1520 infirmitate
894 1475 1169 1520 mortalitatis
1202 1490 1455 1536 putaremus

58 1563 137 1592 nos
160 1547 322 1591 habere
346 1546 537 1590 tabidam
554 1581 565 1600 ‚
599 1562 688 1591 non
721 1546 826 1591 dixit
845 1566 853 1591 :
871 1566 887 1586 «
909 1547 1143 1591 Tabescere
1166 1563 1235 1591 me
1258 1546 1454 1606 fecisti3»

57 1634 113 1662 ne
138 1617 380 1662 secundum
403 1631 579 1660 carnem
594 1611 935 1674 intelligeremus
953 1636 961 1661 :
980 1616 1056 1661 sed
1071 1617 1153 1671 ait,
1176 1636 1195 1659 «
1218 1617 1456 1662 Tabescere

61 1707 81 1730 »
115 1688 255 1733 fecisti
288 1688 400 1732 sicut
434 1702 637 1731 araneam
672 1687 862 1732 animam
884 1702 1042 1731 meam.
1066 1707 1082 1728 »
1108 1686 1226 1732 Nihil
1249 1688 1362 1733 enim
1387 1689 1459 1733 in-

58 1760 224 1803 firmius
239 1758 381 1802 anima
395 1767 541 1801 nostra
559 1759 697 1817 posita
718 1758 763 1801 in
781 1757 934 1801 mediis
953 1757 1268 1804 tentationibus
1290 1759 1453 1816 saeeuli,

58 1829 104 1880 in
125 1828 277 1872 mediis
300 1828 533 1887 gemitibus
557 1836 599 1871 et
618 1827 982 1888 parturitionibus
1003 1827 1327 1886 molestiarum3
1347 1828 1455 1874 nihil

57 1915 108 1945 ea
130 1899 345 1944 infirmius
367 1899 506 1943 donec
528 1899 692 1942 haereat
711 1897 917 1942 soliditati
939 1898 1133 1954 coelesti,
1154 1908 1197 1942 et
1214 1900 1268 1944 sit
1290 1900 1334 1944 in
1351 1909 1458 1944 tem-

58 1971 132 2032 plo
155 1971 258 2026 Dei,
284 1973 402 2014 unde
417 1971 508 2030 jam
530 1985 621 2014 non
645 1969 772 2014 eadat
799 1989 807 2014 ι
834 1970 935 2030 quia
968 1972 1109 2030 primo
1133 1979 1182 2014 ut
1203 1971 1373 2016 veniret
1404 1971 1459 2016 ad

58 2042 172 2087 hanc
193 2043 492 2086 infirmitatem
511 2051 554 2085 et
576 2041 942 2095 tabificationem,
967 2041 1079 2085 sicut
1106 2056 1262 2086 aranea
1286 2042 1459 2087 infirma

59 2112 174 2159 facta
189 2123 275 2169 est,
296 2123 339 2157 et
354 2113 408 2157 de
427 2112 626 2173 paradiso
641 2112 820 2173 expulsa
837 2121 914 2157 est.
936 2116 1058 2157 Tunc
1065 2113 1210 2172 jussus
1228 2123 1292 2158 est
1309 2130 1458 2159 servus

61 2184 183 2230 caedi.
210 2188 380 2228 Fratres
403 2185 487 2228 mei
502 2220 512 2240 ‚
531 2184 676 2230 videte
693 2200 744 2228 ex
761 2199 850 2245 quo
872 2183 1144 2244 vapulamus.
1173 2187 1226 2228 In
1255 2177 1460 2230 omnibus

61 2255 140 2314 qui
161 2255 215 2299 ab
249 2255 373 2299 initio
407 2256 574 2314 generis
610 2256 791 2300 humani
814 2255 905 2299 nati
932 2265 1057 2310 sunt,
1081 2256 1128 2300 in
1152 2256 1359 2301 omnibus
1385 2257 1461 2317 qui

63 2341 183 2370 nunc
204 2334 328 2380 sunt,
366 2326 411 2368 in
445 2327 650 2370 omnibus
670 2327 746 2386 qui
769 2334 917 2385 postea
938 2335 1193 2381 nascentur,
1218 2326 1356 2371 Adam
1381 2343 1461 2372 va-

59 2395 202 2456 pulat.
230 2395 419 2456 Vapulat
440 2398 578 2441 Adam
593 2432 604 2452 ‚
629 2396 674 2440 id
696 2405 760 2441 est
775 2432 786 2452 ,
813 2411 947 2454 genus
968 2397 1211 2442 humanum
1236 2417 1244 2442 ε
1266 2407 1309 2442 et
1330 2399 1460 2444 multi

66 2466 125 2511 sic
147 2465 477 2521 obduruerunt-‚-
502 2477 552 2510 ut
571 2482 651 2511 nec
669 2467 815 2526 plagas
837 2483 933 2511 suas
952 2467 1154 2511 sentiant.
1183 2468 1263 2520 Qui
1285 2484 1387 2514 vero
1410 2486 1461 2530 ex

68 2536 159 2596 ipso
183 2552 338 2596 genere
360 2536 437 2579 filii
469 2537 571 2580 facti
605 2546 1024 2599 suntheceperunt
1052 2530 1225 2582 sensum
1264 2530 1451 2600 doloris:

117 2626 127 2643 ¹
149 2621 228 2653 Psal.
249 2630 386 2662 xxxvm,
406 2629 456 2651 12.

1231 2671 1275 2713 ᾖ.
1292 2650 1308 2682 ’,ζ
