1815 3253
322 190 404 230 518
753 196 788 232 s,
823 196 1055 234 Aucus'nm
1084 197 1266 232 must-„01³1

324 278 503 310 suorum
522 262 718 308 conversi
737 270 840 306 sunt
860 262 915 306 ad
936 263 1093 314 Deum.
1126 262 1185 307 Et
1213 258 1335 313 audis
1365 256 1498 302 modo
1527 254 1701 317 pullum

325 334 443 379 corvi
469 333 745 382 invocantem
767 346 907 383 unum
928 333 1084 375 Deum.
1108 329 1225 382 Quid
1253 329 1381 388 ergo?
1400 325 1603 372 Dimisisti
1621 340 1700 385 pa-

324 414 435 450 trem
454 413 580 448 tuum
593 437 604 458 ,
624 401 729 445 dicis
745 400 868 460 pullo
885 400 1002 446 corvi
1016 401 1033 442 ‘2
1047 399 1197 444 Dimisi
1212 397 1340 458 plane
1362 396 1458 460 :ille
1475 397 1588 447 enim
1610 411 1702 440 cor-

321 490 402 522 vus
424 490 514 519 non
529 474 737 518 invocans
755 475 893 516 Deum
908 505 919 526 ,
945 485 1025 529 ego
1052 468 1198 529 pullus
1214 469 1332 514 corvi
1364 469 1520 513 invoco
1543 469 1697 517 Deum,

324 564 346 589 «
370 549 428 591 Et
450 544 579 605 pullis
595 557 825 587 corvorum
847 541 923 601 qui
939 542 1144 585 invocant
1160 554 1275 583 eum.
1297 557 1319 581 »

379 617 503 660 XIX.
529 633 555 665 ,α
578 616 676 659 Non
696 612 742 656 in
763 619 994 671 potentatu
1015 610 1117 670 equi
1134 608 1404 659 voluntatem
1428 606 1649 657 habebit1.
1678 625 1699 649 »

325 689 582 730 Potentatus
604 682 706 742 equi
728 690 792 725 est
810 681 1029 741 superbia.
1054 679 1238 725 Videtur
1261 679 1377 724 enim
1410 693 1549 739 equus
1569 677 1705 726 veluti

324 755 381 800 ad
416 762 666 812 suggestum
683 752 872 797 hominis
894 750 1247 797 accommodatus
1265 785 1278 806 ,
1293 759 1345 795 ut
1360 749 1486 802 altior
1513 748 1702 793 incedat.

323 829 382 872 Et
415 840 564 869 revera
593 833 657 868 est
692 823 739 867 in
770 838 822 867 eo
850 824 1022 878 cervix,
1057 821 1253 867 indicans
1288 820 1525 880 quamdam
1553 835 1706 880 super-

324 895 458 940 biam.
481 897 580 939 Non
601 909 645 938 se
670 892 884 938 extollant
899 892 1099 937 homines
1126 892 1170 936 in
1188 892 1274 936 suis
1291 891 1598 950 dignitatibUS,
1617 905 1706 944 non

323 981 368 1010 se
409 964 616 1009 sublimes
639 972 800 1023 putent
829 963 1096 1021 honoribu53
1133 971 1313 1008 caveant
1343 977 1398 1006 ne
1429 977 1542 1022 equo
1576 960 1705 1006 ind0-,

320 1037 427 1081 mito
449 1036 792 1096 praecipitentur.
826 1034 937 1079 Vide
959 1034 1076 1081 enim
1107 1033 1215 1095 quid
1247 1032 1415 1078 dictum
1451 1042 1514 1077 est
1548 1033 1593 1076 in
1621 1031 1705 1078 alio

322 1105 495 1152 Psalmo
521 1125 530 1150 :
556 1125 576 1148 «
602 1106 657 1150 Hi
688 1105 734 1159 in
752 1105 975 1160 curribus,
1000 1114 1044 1149 et
1064 1105 1111 1149 hi
1133 1104 1180 1147 in
1200 1104 1348 1164 equis,
1375 1119 1452 1148 nos
1487 1112 1631 1148 autem
1660 1103 1706 1154 in

323 1194 346 1218 »
379 1175 556 1220 nomine
580 1174 758 1219 Domini
785 1174 863 1218 Dei
884 1174 1021 1218 nostri
1058 1173 1448 1232 magnificabimur.
1473 1176 1604 1221 »Hoc
1624 1181 1703 1233 est,

321 1245 384 1291 illi
405 1246 452 1290 in
472 1245 714 1289 honoribus
731 1244 1060 1303 temporalibus,
1079 1260 1158 1288 nos
1176 1245 1222 1288 in
1237 1244 1413 1292 nomine
1433 1243 1606 1294 Domini
1630 1243 1705 1287 Dei

320 1317 455 1362 nostri
488 1314 881 1374 magnificabimur.
917 1318 1150 1374 Propterea
1171 1313 1254 1359 illis
1285 1314 1394 1376 quid
1424 1312 1607 1358 accidit?
1628 1313 1704 1357 Vi—.
1750 1360 1755 1363 ⁴

319 1387 420 1432 dcte
437 1385 544 1446 quid
567 1385 763 1445 sequitur
788 1404 798 1430 ε
828 1403 848 1427 «
872 1384 961 1429 Illis
978 1384 1158 1443 obligati
1179 1394 1280 1429 sunt
1296 1385 1450 1444 pedes,
1470 1393 1513 1427 et
1534 1382 1704 1428 cecide-

323 1475 345 1499 »
380 1465 507 1514 runt,
548 1471 628 1499 nos
659 1469 765 1499 vero
794 1455 1078 1510 surreximus,
1110 1463 1154 1498 et
1180 1454 1311 1506 erecti
1343 1469 1505 1498 sumus.
1537 1456 1635 1499 Non
1659 1453 1705 1504 in

320 1545 342 1570 »
377 1536 607 1588 potentatu
629 1525 730 1585 equi
749 1524 1020 1570 voluntatem
1043 1526 1249 1583 habebit,
1275 1541 1354 1570 nec
1376 1526 1420 1569 in
1442 1525 1705 1569 tabernacu-

320 1616 343 1640 »
376 1598 427 1641 lis
460 1597 540 1642 viri
562 1596 675 1640 bene
697 1597 896 1641 sentiet2.
923 1600 975 1640 In
1007 1595 1295 1640 tabernaculis
1312 1630 1323 1651 ,
1349 1595 1517 1656 inquit,
1557 1595 1654 1638 viri.
1680 1612 1700 1635 »

317 1672 395 1714 Est
415 1669 532 1712 enim
556 1667 889 1711 tabernaculum
912 1668 1086 1712 Domini
1106 1668 1197 1727 ipsa
1231 1676 1378 1711 sancta
1399 1665 1591 1711 Ecclesia
1612 1674 1705 1718 toto

318 1739 423 1784 orbe
442 1738 616 1783 diffusa.
644 1738 845 1782 Haeretici
875 1737 1114 1782 dividentes
1129 1753 1173 1782 se
1191 1737 1245 1781 ab
1272 1736 1477 1782 Ecclesiae
1499 1737 1706 1789 taberna-

319 1811 449 1865 culis,
475 1810 557 1853 sibi
579 1808 859 1853 tabernacula
882 1817 1122 1868 posuerunt
1148 1827 1158 1853 z
1179 1824 1268 1852 non
1295 1808 1341 1851 in
1370 1807 1470 1868 ipsis
1498 1806 1709 1868 taberna-‚7

317 1881 426 1927 culis
444 1881 524 1926 viri
547 1880 660 1924 bene
673 1880 828 1923 sentiet
842 1882 971 1924 Deus.
1004 1878 1089 1924 Sed
1100 1878 1271 1938 pullum
1287 1892 1515 1922 corvorum
1530 1876 1706 1927 attende

319 1955 567 2007 dicentem,
606 1970 627 1993 «
650 1950 773 2008 Elegi
806 1951 933 2010 abjici
949 1951 994 1994 in
1021 1949 1154 1994 domo
1176 1949 1376 2004 Domini,
1408 1947 1543 2007 magis
1572 1962 1704 2007 quam

319 2043 341 2067 »
366 2024 564 2068 habitare
585 2022 631 2065 in
645 2021 936 2065 tabernaculis
947 2022 1267 2080 peccatorumss.
1291 2020 1501 2065 »Etenim
1525 2019 1557 2062 si
1576 2017 1706 2062 alicui

319 2096 438 2140 bono
453 2129 464 2149 ,
489 2094 563 2153 pio
578 2128 588 2148 ,
614 2092 841 2136 confitenti
857 2092 1154 2136 infirmitatem
1175 2105 1318 2144 suam,
1347 2089 1469 2148 pullo
1494 2089 1611 2132 corvi
1634 2088 1704 2131 in-

317 2164 492 2210 vocanti
517 2167 678 2217 Deum,
703 2163 920 2220 contingit
939 2161 1050 2205 forte
1072 2161 1117 2204 in
1141 2159 1333 2204 Ecclesia
1356 2174 1502 2202 carere
1540 2159 1704 2205 honore

321 2232 575 2293 temporali3
595 2248 685 2276 non
707 2233 740 2276 it
774 2240 892 2275 extra
928 2230 1166 2275 Ecclesiam
1187 2264 1198 2284 ,
1229 2245 1320 2274 non
1347 2229 1428 2272 sibi
1455 2229 1558 2274 facit
1589 2238 1706 2274 extra

317 2303 555 2349 Ecclesiam
572 2301 905 2346 tabernaculum
924 2336 935 2357 ,
960 2301 1006 2344 in
1028 2316 1116 2361 quo
1138 2316 1227 2344 non
1253 2300 1366 2348 bene
1395 2300 1549 2351 sentiat
1572 2302 1699 2345 Deus.

321 2373 405 2420 Sed
423 2373 530 2434 quid
560 2371 694 2416 dicit?
732 2391 754 2415 «
787 2371 912 2430 Elegi
945 2371 1073 2431 abjici
1103 2371 1149 2416 in
1171 2370 1303 2417 domo
1330 2370 1504 2415 Domini
1540 2369 1701 2428 magis,

366 2475 377 2493 ¹
396 2469 478 2503 Psal.
492 2478 602 2511 cxnv1,
624 2478 674 2501 ιο.
692 2483 736 2491 -·-
754 2468 831 2501 ²1d.
846 2477 914 2509 xix,
933 2467 966 2510 8,
985 2478 1020 2509 9.
1040 2483 1083 2490 —
1102 2464 1116 2490 3
1135 2467 1182 2500 Id.
1203 2477 1336 2508 Lxxxiu,
1358 2476 1409 2498 11.
