1815 3253
351 211 402 249 38
769 222 802 250 S.
839 222 1067 252 AUGUSTINI
1100 226 1280 252 13121500121

350 287 442 346 ipsa
472 302 517 329 re
551 286 609 329 ait
636 285 719 330 alio
742 286 852 331 loco.
883 307 902 329 «
928 288 1012 340 Qui
1032 288 1247 342 multum,
1279 302 1368 330 non
1392 285 1659 343 abundavit3
1684 295 1728 330 et

352 375 373 398 »
409 357 485 416 qui
507 356 743 411 modicum,
758 373 846 402 non
869 356 1009 402 defuit
1028 358 1090 402 illi
1109 361 1139 402 1.
1159 376 1178 399 »
1193 360 1353 412 Quare,
1372 376 1393 398 «
1413 356 1498 409 Qui
1519 356 1724 412 multum,
1765 369 1767 373 ·

351 444 372 468 »
407 442 496 471 non
514 426 784 471 abundavit?
809 445 828 468 »
849 428 959 480 Quia
981 428 1100 488 quod
1121 428 1218 488 plus
1240 427 1454 480 habebat,
1474 425 1596 470 dedit
1613 426 1729 470 indi-

350 497 481 555 genti.
509 500 566 542 Et
584 496 691 557 quid
713 506 796 552 est,
827 516 846 539 «
866 498 951 551 Qui
973 498 1192 543 modicum
1213 514 1302 542 non
1326 496 1465 541 defuit
1496 496 1592 541 illi?
1618 497 1729 550 Quia

349 568 516 628 accepit
538 568 592 625 ab
612 567 686 612 illo
705 603 717 623 ,
742 568 818 628 qui
840 568 1092 614 abundavit.
1123 588 1143 612 «
1165 572 1221 614 Ut
1243 570 1343 624 fiat,
1362 567 1507 628 inquit
1521 602 1532 623 ‚
1557 567 1731 628 aequali·

350 657 371 680 »
407 641 516 682 tas²‚
546 656 566 679 »
595 641 692 697 Ipsa
714 647 778 682 est
793 654 900 698 pax,
926 638 981 682 de
1002 655 1090 700 qua
1112 639 1294 684 dicitur:
1324 657 1344 681 «
1367 639 1464 682 Fiat
1479 653 1563 697 pax
1581 637 1628 680 in
1643 637 1731 682 vir-

351 727 373 751 »
410 718 503 753 tute
526 718 616 752 tua.
644 726 664 750 »

405 782 463 824 X.
483 782 680 838 Namque
701 794 802 823 oum
824 779 1024 829 dixisset:
1043 780 1292 833 «Quoniam
1308 779 1371 822 ibi
1388 777 1596 824 sederunt
1611 779 1732 824 sedes
1797 819 1800 824 .

352 867 373 892 »
407 849 451 892 in
463 848 693 908 judicium,
710 848 829 891 sedes
851 862 980 908 super
1001 849 1182 901 domum
1203 847 1356 904 David,
1376 866 1395 890 »
1417 849 1464 892 id
1484 858 1548 892 est
1566 883 1576 903 ‚
1603 864 1732 908 super

349 918 558 964 familiam
580 918 754 973 Christi,
773 919 844 962 cui
861 919 1078 963 dederunt
1101 919 1146 963 in
1167 928 1361 979 tempore
1379 919 1538 963 cibaria
1557 938 1565 964 ;
1590 919 1731 963 statim

350 999 557 1049 tanquam
591 989 692 1048 ipsis
724 989 898 1033 sedibus
921 990 979 1033 ait
1003 1009 1011 1034 ε
1045 1009 1064 1031 «
1088 992 1357 1048 Interrogate
1384 1005 1482 1050 quae
1505 988 1560 1032 ad
1581 1004 1732 1048 pacem

353 1078 374 1101 n
410 1069 512 1103 sunt
528 1058 765 1103 Jerusalem
782 1061 813 1102 3.
840 1077 859 1100 »
886 1061 923 1103 Ο
945 1075 1019 1104 vos
1041 1060 1161 1103 sedes
1177 1095 1187 1114 ‚
1213 1061 1288 1120 qui
1310 1061 1399 1119 jam
1423 1058 1577 1103 sedetis
1596 1069 1644 1102 ut
1659 1060 1734 1119 ju-

349 1130 499 1174 dicetis
520 1164 530 1182 ‚
563 1138 605 1172 et
625 1128 728 1172 sacti
750 1129 848 1173 estis
877 1129 998 1173 sedes
1020 1130 1188 1174 Domini
1210 1129 1442 1189 judicantis
1463 1165 1473 1184 ‚
1498 1129 1731 1189 (quoniam

342 1201 424 1260 qui
436 1199 652 1260 judicant,
668 1200 939 1258 interrogant
955 1221 965 1257 3
981 1200 1055 1260 qui
1067 1200 1336 1260 judicantur,
1357 1200 1678 1258 interrogantur
1697 1203 1733 1258 2)

354 1290 374 1313 «
412 1274 678 1328 Interrogate
695 1305 705 1325 ‚
733 1270 876 1329 inquit
896 1305 906 1325 ‚
932 1287 1031 1330 quae
1053 1280 1154 1314 sunt
1177 1269 1232 1313 ad
1258 1285 1404 1329 pacem
1431 1269 1683 1314 Jerusalem.
1708 1288 1729 1312 »

349 1339 663 1398 Interrogando
685 1339 793 1400 quid
816 1341 1065 1384 invenient?
1080 1340 1195 1384 Alios
1214 1339 1362 1384 fecisse
1379 1339 1730 1400 misericordiam,

349 1410 455 1454 alios
478 1426 568 1454 uon
602 1409 768 1453 fecisse.
796 1412 914 1463 Quos
938 1410 1161 1454 invenient
1191 1408 1340 1453 fecisse
1372 1410 1731 1464 misericordiam,

350 1481 464 1540 ipsos
492 1480 714 1525 vocabunt
746 1478 797 1523 ad
829 1480 1067 1523 Jerusalem
1094 1499 1103 1524 :
1129 1480 1228 1539 quia
1260 1480 1352 1539 ipsa
1376 1489 1476 1523 sunt
1507 1479 1563 1523 ad
1583 1494 1736 1538 pacem

352 1551 606 1595 Jerusalem.
641 1549 821 1594 Dilectio
849 1549 970 1593 fortis
999 1566 1087 1605 res,
1116 1550 1293 1604 fratres,
1315 1550 1489 1594 dilectio
1512 1549 1635 1594 fortis
1651 1566 1732 1607 res.

352 1620 494 1665 Vultis
516 1619 662 1664 videre
685 1635 816 1679 quam
852 1620 907 1663 sit
935 1618 1056 1663 fortis
1095 1620 1300 1663 dilectio?
1323 1619 1526 1679 Quisquis
1551 1635 1625 1678 per
1660 1619 1738 1663 ali-

352 1707 482 1752 quam
503 1690 797 1734 necessitatem
816 1706 904 1734 non
922 1690 1111 1748 potuerit
1130 1689 1310 1749 implere
1328 1690 1448 1750 quod
1463 1690 1591 1750 jubet
1607 1693 1734 1745 Deus,

352 1770 467 1806 amet
490 1760 614 1804 illum
635 1760 711 1820 qui
734 1760 913 1819 implet,
940 1770 983 1804 et
1003 1761 1049 1803 in
1070 1760 1145 1804 illo
1168 1759 1335 1819 implet.
1364 1760 1570 1804 Intendat
1590 1761 1737 1805 Chari-

353 1842 417 1876 tas
439 1833 605 1874 Vestra.
627 1831 759 1874 Verbi
782 1831 940 1888 gratia,
973 1833 1159 1874 Uxorem
1180 1831 1312 1874 habet
1333 1865 1343 1885 ‚
1369 1846 1501 1890 quam
1523 1830 1739 1875 dimittere

358 1918 448 1946 non
486 1910 628 1959 potest
655 1920 663 1944 2
706 1909 878 1959 oportet
909 1910 959 1944 ut
992 1901 1263 1960 obtemperet
1295 1900 1505 1958 Apostolo
1539 1899 1699 1944 dicenti
1726 1919 1736 1944 :

358 1991 378 2013 «
417 1969 539 2014 Uxori
568 1971 632 2014 vir
653 1969 851 2013 debitum
874 1969 1026 2013 reddat
1053 1990 1060 2014 :
1089 1989 1108 2011 »
1135 1980 1178 2013 et
1195 2005 1205 2025 ‚
1236 1989 1257 2011 α
1285 1969 1564 2027 ΑΙΙὶςεωεκθε
1587 1971 1735 2026 uxori,

358 2059 378 2082 »
415 2055 469 2083 ne
492 2039 710 2099 quaesieris
735 2039 1011 2083 solutionem.
1042 2057 1061 2080 »
1086 2040 1216 2083 Venit
1234 2041 1277 2082 in
1296 2032 1502 2095 mensem,
1527 2042 1627 2100 quia
1650 2056 1741 2084 me-

355 2110 437 2154 lior
460 2120 522 2153 est
542 2108 615 2153 illa
635 2109 723 2153 vita
739 2144 750 2164 ‚
776 2109 830 2152 de
852 2125 938 2169 qua
957 2109 1072 2154 >dicit
1089 2109 1206 2154 idem
1228 2110 1461 2168 Apostolus
1487 2130 1496 2156 ς
1525 2130 1546 2153 «
1572 2110 1740 2155 Vellem

362 2202 379 2222 »
415 2196 564 2225 omnes
587 2196 676 2224 esse
694 2180 804 2224 sicut
828 2197 896 2224 me
913 2182 1054 2239 ipsum
1070 2181 1101 2224 ⁴.
1117 2199 1137 2222 n
1157 2180 1355 2226 Attendit
1376 2197 1447 2225 eos
1469 2181 1545 2241 qui
1566 2175 1648 2226 hoe
1674 2181 1741 2225 fe-

356 2259 508 2294 cerunt
531 2271 541 2307 3
566 2259 683 2294 amat
704 2265 775 2294 eos
792 2285 804 2305 ,
837 2259 880 2293 et
902 2250 947 2293 in
969 2251 1069 2309 ipsis
1099 2250 1252 2310 implet
1271 2251 1391 2310 quod
1422 2251 1468 2294 in
1487 2266 1530 2295 se
1552 2267 1640 2295 non
1660 2266 1739 2311 po-

357 2329 453 2364 test.
471 2323 512 2364 «F
519 2320 621 2364 ortis
645 2336 710 2364 res
732 2329 793 2364 est
817 2320 1005 2364 dilectio.
1032 2325 1125 2379 lpsa
1148 2332 1210 2365 est
1227 2321 1363 2365 virtus
1385 2330 1528 2365 nostra
1553 2340 1562 2366 ε
1586 2321 1687 2381 quia
1706 2321 1741 2365 si

355 2391 401 2434 in
420 2389 491 2433 illa
513 2405 602 2434 non
619 2390 844 2447 fuerimus,
861 2389 969 2433 nihil
988 2390 1162 2449 prodest
1174 2390 1389 2450 quidquid
1402 2390 1519 2434 aliud
1534 2391 1738 2434 habueri-

406 2492 415 2508 ¹
436 2494 455 2517 2
472 2488 542 2519 Cor.
568 2495 645 2528 vm,
670 2484 718 2517 15.
741 2501 782 2506 —
804 2492 816 2508 ²
835 2485 916 2518 Ibid.
941 2484 992 2527 14.
1016 2502 1057 2508 -
1077 2484 1089 2509 3
1109 2485 1192 2518 Psal.
1214 2498 1297 2527 cxxi,
1311 2487 1343 2519 6.
1365 2504 1407 2510 -
1424 2485 1439 2517 4
1458 2498 1471 2519 ι
1490 2489 1562 2520 Cor.
1580 2498 1640 2529 vn,
1666 2486 1700 2525 3,
1719 2497 1736 2529 7

360 2544 392 2571 et
416 2549 470 2581 27.

1734 2915 1787 3148 Γ
