1815 3253
371 236 610 267 ENARRATIO
644 239 688 265 IN
721 236 923 265 PSALMUM
955 238 1124 264 CXXXIX.
1359 224 1436 263 341

59 307 221 354 saciant
238 307 292 351 de
314 319 495 365 corpore
513 319 606 348 suo.
635 304 752 348 Sicut
776 305 889 347 enim
916 304 1130 348 bonorum
1154 302 1446 362 caputCliris-

58 389 128 424 tus
152 387 236 431 est,
265 378 324 421 sic
352 376 528 421 illorum
551 384 682 435 caput
705 375 920 419 diabolus.
955 394 975 416 «
1000 374 1084 427 Qui
1113 374 1443 432 cogitaverunt,

62 468 82 491 »
117 448 288 509 inquit,
313 446 593 507 supplantare
617 461 784 505 gressus
807 460 939 489 meos.
969 463 988 485 »
1015 443 1132 497 Quid
1164 452 1252 497 est,
1282 462 1301 484 «
1330 445 1445 502 Sup-

2 547 9 559 ‹
59 538 80 562 >²
115 518 313 579 plantare
340 532 506 576 gressus
535 518 685 561 meos?
710 535 730 557 »
754 518 851 561 Non
880 514 1003 575 quasi
1031 523 1082 558 ut
1110 528 1223 557 erres
1243 513 1289 556 in
1311 528 1447 571 nego-

57 590 119 636 tio
134 625 144 645 ,
165 590 287 651 quod
308 604 407 633 cum
427 587 502 632 illo
524 587 672 641 habes,
697 595 741 630 et
762 585 949 645 decipiat
969 593 1012 628 te
1031 585 1075 627 in
1091 599 1219 628 causa
1241 599 1341 644 quae
1365 583 1446 627 tibi

0 686 13 701 ι·
58 661 303 706 eommunis
325 660 445 704 estin
468 657 566 703 foro
588 673 689 703 cum
706 657 797 702 illo.
820 655 1125 716 Supplantavit
1146 670 1312 713 gressus
1330 663 1444 709 tuos,

58 729 152 777 site
172 731 419 791 impedierit
440 731 483 774 in
500 730 568 774 via
593 729 694 783 Dei,
721 737 768 772 ut
791 726 901 772 illud
919 725 1040 788 quod
1061 735 1228 771 rectum
1245 725 1449 770 intende-

57 803 134 847 bas
164 803 348 857 titubet,
370 810 446 845 aut
459 800 632 845 labatur
649 816 673 845 a
694 800 784 854 via,
811 807 886 842 aut
902 797 1028 843 cadat
1050 798 1095 841 in
1117 797 1185 841 via
1201 832 1211 852 ‚
1233 806 1308 841 aut
1326 812 1449 841 rece-

58 874 132 920 dat
155 874 210 918 de
231 875 317 928 via,
335 883 410 917 aut
432 882 655 917 remaneat
675 872 721 915 in
738 872 823 925 via,
842 880 918 915 aut
938 879 1054 914 retro
1068 878 1310 914 revertatur
1330 868 1450 913 unde

0 971 2 983 ·
57 953 249 990 venerat.
262 942 489 1003 Quidquid
510 942 590 986 tibi
610 941 697 986 tale
713 941 878 996 fecerit,
893 939 1190 1000 supplantavit
1207 948 1266 995 te,
1279 939 1451 999 decepit

57 1025 116 1060 te.
148 1017 311 1059 Contra
335 1012 586 1074 hujusmodi
609 1011 783 1056 insidias
808 1028 904 1067 ora,
931 1026 986 1055 ne
1006 1010 1162 1070 perdas
1179 1009 1355 1055 coeleste
1372 1026 1450 1070 pa-

0 1101 6 1129 :
57 1085 335 1141 trimonium,
359 1100 415 1128 ne
438 1083 609 1128 amittas
636 1082 858 1127 Christum
886 1080 1159 1127 cohaeredem
1176 1117 1186 1135 ‚
1227 1081 1330 1141 quia
1363 1081 1451 1126 vic-

0 1181 7 1201 ι
59 1167 182 1202 turus
211 1173 254 1201 es
275 1157 320 1200 in
343 1166 556 1200 aeternum
579 1170 679 1199 cum
703 1170 754 1199 eo
769 1189 780 1209 ,
808 1154 885 1214 qui
907 1163 950 1197 te
972 1152 1074 1197 fecit
1096 1152 1332 1197 haeredem.
1353 1155 1451 1197 Non

59 1229 193 1281 enim„
212 1228 305 1273 talis
336 1237 379 1271 tc
410 1226 512 1271 fecit
534 1225 753 1270 haeredem
771 1261 782 1281 ,
815 1225 887 1269 cui
909 1233 1084 1270 mortuo
1107 1222 1312 1268 succedas
1329 1259 1340 1279 ,
1377 1222 1453 1267 sed

60 1313 159 1344 cum
185 1315 274 1359 quo
297 1299 343 1342 in
366 1307 580 1342 aeternum
602 1297 735 1341 vivas.

117 1372 237 1414 vm.
265 1368 604 1414 Absconderunt
630 1367 806 1427 superbi
827 1365 1118 1426 muscipulam
1140 1365 1288 1409 mihi1.
1317 1384 1338 1407 »
1365 1368 1453 1410 To-

64 1448 157 1484 tum
191 1455 348 1499 corpus
371 1437 534 1482 diaboli
567 1437 798 1496 explicavit
829 1436 1038 1491 breviter,
1077 1451 1178 1480 cum
1201 1436 1290 1481 ait:
1320 1455 1340 1477 «
1369 1438 1453 1480 Su-

62 1529 82 1553 »
117 1511 255 1571 perbi.
286 1530 305 1552 »
333 1509 442 1554 Inde
465 1519 528 1554 est
552 1510 673 1570 quod
696 1519 739 1553 et
755 1511 892 1570 justos
920 1508 1182 1568 plerumque
1203 1523 1247 1552 se
1272 1507 1449 1563 dicunt,

58 1598 157 1628 cum
179 1582 264 1626 sint
284 1582 437 1642 iniqui.
462 1580 570 1625 Inde
593 1590 654 1624 est
677 1581 799 1641 quod
819 1580 927 1624 nihil
948 1579 1031 1623 illis
1058 1589 1142 1623 tam
1168 1580 1347 1624 noxium
1371 1588 1451 1635 est,

58 1668 190 1714 quam
213 1652 411 1697 confiteri
435 1659 627 1712 peccata.
651 1650 737 1710 Ipsi
752 1659 855 1694 sunt
876 1651 952 1709 qui
974 1665 1076 1693 cum
1099 1650 1184 1694 sint
1207 1648 1302 1693 falsi
1319 1650 1449 1709 justi,

58 1739 230 1768 necesse
264 1732 327 1767 est
355 1732 406 1767 ut
437 1722 661 1767 invideant
687 1722 798 1765 veris
818 1722 958 1782 justis.
984 1723 1121 1765 Nemo
1149 1721 1264 1764 enim
1287 1720 1457 1765 invidet

59 1794 181 1839 alteri
208 1794 253 1837 in
276 1809 326 1838 eo
358 1793 481 1853 quod
502 1808 593 1836 non
617 1791 713 1836 vult
731 1791 799 1835 vel
829 1807 918 1835 esse
947 1791 1018 1835 vel
1040 1791 1193 1836 videri.
1228 1791 1351 1835 Alius
1374 1792 1456 1835 tibi

58 1865 240 1921 invidet,
264 1865 365 1925 quia
385 1864 503 1908 dives
522 1879 588 1918 es,
614 1873 688 1908 aut
706 1862 824 1907 dives
842 1862 937 1907 vult
960 1878 1049 1906 esse
1070 1871 1120 1906 ut
1138 1862 1218 1906 tibi
1240 1862 1452 1919 invideat,

61 1945 134 1981 aut
151 1935 295 1995 putari
313 1934 408 1979 vult
429 1933 549 1978 dives
576 1953 584 1977 :
613 1933 721 1977 alius
744 1933 822 1977 tibi
837 1932 1004 1977 invidet
1019 1968 1030 1987 ‚
1056 1933 1159 1993 quia
1188 1932 1329 1977 clarus
1347 1948 1390 1976 es
1413 1943 1457 1978 et

61 2006 218 2051 nobilis
234 2041 244 2060 ‚
271 2014 346 2050 aut
367 2006 452 2049 hoc
478 2020 567 2049 esse
590 2003 788 2058 affectat,
815 2013 889 2047 aut
906 2004 989 2047 hoc
1012 2018 1056 2046 se
1073 2004 1217 2062 putari
1235 2004 1372 2062 cupit.
1399 2007 1457 2048 Et

63 2077 121 2121 sic
139 2077 284 2121 omnia
307 2092 407 2136 quae
428 2074 635 2120 videntur
657 2075 772 2118 bona
790 2074 836 2118 in
851 2075 935 2119 hoc
958 2074 1117 2118 saeculo
1146 2084 1189 2118 et
1211 2083 1454 2133 putantur3

63 2147 181 2209 quod
202 2147 388 2208 quisque
417 2147 512 2191 vult
536 2147 698 2190 habere
718 2182 729 2201 ‚
756 2155 799 2190 et
824 2147 869 2189 in
902 2162 990 2206 quo
1011 2145 1108 2190 vult
1130 2145 1339 2190 excellere
1354 2181 1364 2201 ‚
1385 2146 1456 2190 vel

0 2234 3 2262 ι
64 2220 183 2279 cujus
205 2219 265 2263 rei
287 2217 446 2262 famam
469 2226 630 2277 captat,
655 2218 701 2261 in
723 2233 774 2261 eo
796 2217 878 2261 tibi
901 2216 1082 2261 invidet.
1112 2216 1185 2260 Isti
1209 2225 1356 2260 autem
1379 2217 1456 2277 qui

0 2285 6 2330 ’.
64 2288 156 2333 falsi
173 2289 278 2350 justi
296 2298 398 2333 sunt
414 2324 424 2342 ,
447 2287 584 2332 videri
603 2287 760 2332 volunt
783 2288 915 2348 justi,
947 2303 1048 2332 cum
1071 2288 1157 2331 sint
1182 2308 1192 2345 3
1216 2297 1259 2331 et
1282 2303 1457 2331 necesse

0 2370 5 2401 ¹.
57 2357 128 2404 'est
149 2370 199 2404 ut
220 2375 352 2421 quem
373 2358 563 2403 viderint
581 2374 732 2403 verum
744 2361 913 2420 justum
929 2394 940 2413 ‚
963 2357 1188 2403 invideant
1209 2358 1287 2414 illi,
1313 2368 1356 2403 et
1372 2359 1457 2404 hoc

0 2445 4 2470 ῑ
67 2445 166 2475 cum
200 2430 277 2475 illo
314 2439 466 2488 agant,
503 2430 726 2491 quomodo
763 2431 932 2475 amittat
953 2430 1073 2474 unde
1094 2429 1320 2489 gloriatur.
1349 2430 1459 2473 Inde

68 2502 248 2545 veniunt
273 2516 422 2546 omnes
445 2501 722 2546 seductiones
744 2510 789 2545 et
810 2501 1202 2561 supplantationes.
1229 2503 1324 2545 Hoc
1345 2500 1465 2559 prior

118 2592 126 2608 ¹
150 2586 227 2618 Psal.
252 2597 377 2626 cxxxix,
397 2586 431 2618 6.
