1815 3253
418 203 660 236 munau-10
693 209 739 236 nv
771 206 974 238 rsALMuM
1004 210 1130 239 chv.
1385 199 1466 241 491

87 271 346 316 sententiam
365 272 560 331 exposuit
581 273 707 318 nobis
727 288 875 318 omnes
893 275 1154 334 superiores:
1174 291 1230 321 ne
1247 275 1359 322 forte
1372 288 1474 322 cum

90 341 264 386 dixisset
289 361 298 386 :
328 361 347 383 «
373 342 583 386 Dominus
611 343 738 387 solvit
765 344 1058 403 compeditos,
1085 363 1107 386 »
1147 345 1203 389 ad
1223 346 1318 391 illos
1351 363 1474 392 com-

90 412 261 474 peditos
285 411 542 457 referremus
558 449 568 468 ,
596 414 671 473 qui
692 413 805 459 forte
826 425 1003 474 propter
1026 415 1215 475 aliquam
1243 433 1399 462 noxam
1419 418 1476 462 li-

94 494 252 544 gantur
269 483 384 529 ferro
406 499 429 527 a
460 484 646 528 dominis
671 485 757 529 suis
785 504 796 530 ;
830 486 934 545 quia
961 495 1106 530 autem
1129 487 1236 531 dixit
1262 507 1271 532 :
1300 488 1478 546 «Erigit

92 575 114 599 »
151 556 275 600 elisos
294 591 306 611 ,
333 574 354 598 »
376 564 622 600 occurreret
639 556 763 600 nobis
779 554 935 616 aliquis
949 591 960 611 ,
991 565 1067 601 aut
1087 556 1316 602 ostendens
1338 568 1381 602 et
1402 574 1477 603 ca-

90 626 197 671 dens
211 661 222 681 ,
249 635 325 670 aut
346 641 460 686 equo
480 626 640 686 lapsus.
666 629 742 670 Est
759 625 866 670 alius
889 641 1010 670 casus
1027 662 1039 681 ,
1063 636 1166 671 sunt
1182 626 1277 671 aliae
1298 643 1479 688 compe-

93 696 168 742 des
191 716 199 742 :
225 696 449 757 quomodo
471 706 573 741 sunt
598 696 692 741 aliae
716 697 906 741 tenebrae
929 707 973 741 et
994 697 1076 741 alia
1097 698 1187 742 lux.
1217 701 1268 742 In
1285 714 1337 743 eo
1359 698 1481 758 quod

95 768 205 813 dixit
230 787 239 812 :
268 787 288 809 «
324 768 545 827 Sapientes
575 769 680 812 facit
701 783 864 826 eaecos3
892 787 912 810 »
939 768 1080 813 noluit
1099 770 1243 814 dicere
1269 789 1278 814 ς
1306 769 1480 814 lllumi-

92 848 170 884 nat
191 854 344 892 caecos,
361 847 404 882 et
422 855 476 882 ne
494 839 578 883 hoc
592 839 821 883 carnaliter
838 838 1121 898 intelligeres:
1137 840 1248 884 sicut
1263 839 1482 886 illumina—

95 918 165 954 tus
185 919 250 953 est
269 925 290 952 a
308 911 509 962 Domino,
527 911 649 970 cujus
664 909 813 954 oeulos
827 909 922 954 luto
937 909 992 954 de
1004 919 1133 970 sputo
1155 909 1270 955 facto
1292 911 1480 967 inunxit,

92 989 136 1024 et
158 980 325 1024 salvum
356 995 457 1024 eum
477 980 608 1024 fecit¹
636 1000 645 1026 z
671 996 726 1024 ne
755 981 841 1024 tale
868 980 1034 1041 aliquid
1065 997 1281 1040 sperares,
1306 998 1406 1026 cum
1429 984 1485 1026 de

95 1051 362 1111 spiritalibus
383 1051 594 1112 loquitur,
612 1052 800 1097 ostendit
822 1052 1058 1112 quamdam
1075 1052 1218 1097 lucem
1241 1053 1480 1112 sapientiae,

94 1138 181 1182 qua
200 1121 505 1165 illuminantur
523 1122 641 1166 caeci.
661 1124 778 1179 Ergo
810 1121 1034 1182 quomodo
1055 1122 1359 1166 illuminantur
1381 1123 1485 1166 caeci

95 1192 195 1238 luce
227 1193 447 1252 sapientiae
463 1229 475 1249 ,
510 1195 568 1238 sie
605 1193 837 1238 solvuntur
873 1192 1136 1252 compediti,
1171 1193 1230 1238 sic
1258 1194 1487 1252 eriguntur

96 1264 202 1309 elisi.
217 1263 342 1309 Unde
359 1280 507 1308 sumus
525 1279 626 1322 ergo
648 1263 915 1322 compediti?
940 1263 1055 1307 unde
1068 1263 1184 1308 elisi?
1204 1266 1374 1322 Corpus
1392 1279 1488 1308 nos-

95 1344 213 1380 trum
234 1345 541 1380 ornamentum
564 1335 690 1380 nobis
710 1333 792 1379 fuit
817 1354 826 1380 ε
852 1335 1126 1394 peccavimus
1142 1370 1153 1389 ,
1180 1343 1223 1378 et
1257 1334 1489 1394 compedes

98 1405 202 1449 inde
224 1406 485 1465 accepimus.
523 1409 632 1459 Quae
659 1414 761 1449 sunt
782 1404 1014 1464 compedes
1036 1406 1230 1449 nostrae?
1248 1404 1489 1449 Mortalitas

95 1476 202 1536 ipsa.
228 1475 345 1520 Audi
376 1476 621 1536 apostolum
647 1475 830 1520 Paulum
849 1510 862 1531 ,
888 1475 988 1535 quia
1007 1484 1050 1519 et
1065 1475 1155 1534 ipse
1173 1474 1318 1519 adhue
1338 1475 1383 1518 in
1407 1475 1490 1520 hac

97 1547 446 1608 peregrinatione
479 1546 753 1606 compeditus
779 1554 885 1590 erat.
906 1548 1078 1599 Quanta
1101 1546 1346 1605 peragravit
1366 1558 1490 1590 com*
1527 1567 1531 1568 ⁷

97 1618 272 1680 peditus
293 1619 372 1662 iste
387 1621 405 1661 ⁶?
420 1621 516 1664 Non
536 1618 598 1662 illi
620 1616 799 1662 fuerunt
818 1633 968 1676 graves
989 1617 1221 1676 compedes
1237 1652 1248 1672 ,
1274 1633 1372 1662 cum
1392 1617 1492 1676 ipsis

99 1690 385 1749 compedibus
417 1699 510 1734 toto
537 1689 634 1734 orbi
668 1688 955 1747 Evangelium
983 1687 1234 1747 praedicavit
1270 1707 1279 1733 :
1314 1688 1492 1747 spiritus

100 1760 322 1806 charitatis
344 1761 489 1820 rapuit
518 1759 749 1820 compedes
764 1794 775 1814 ,
801 1768 844 1803 et
865 1758 1064 1803 circuivit
1087 1767 1302 1817 quantum
1327 1758 1487 1816 potuit.

104 1831 189 1878 Sed
211 1842 356 1876 tamen
377 1831 483 1892 quid
506 1831 599 1876 ait?
625 1850 645 1873 «
673 1829 1080 1890 Concupiscentiam
1103 1829 1268 1872 habens
1288 1828 1463 1873 dissolxi
1479 1864 1491 1884 ,

104 1923 126 1947 »
161 1913 205 1948 et
233 1920 322 1948 esse
347 1919 448 1948 cum
471 1904 660 1948 Christo.
695 1920 715 1943 »
743 1901 859 1955 Quid
880 1910 964 1956 est,
990 1920 1009 1942 «
1034 1900 1248 1945 Dissolvi?
1274 1918 1294 1941 »
1320 1903 1358 1944 A
1379 1915 1497 1944 com-

101 1977 290 2037 pedibus
315 1975 603 2020 mortalitatis.
629 1977 686 2018 Et
714 1982 861 2017 tamen
882 1971 1174 2016 misericordia
1203 1970 1349 2016 adhuc
1373 1970 1497 2016 vole-

102 2048 178 2091 bat
196 2061 284 2090 esse
307 2046 352 2089 in
374 2044 676 2104 compedibus,
696 2052 874 2103 propter
897 2042 1000 2087 alios
1017 2041 1313 2102 compeditos,
1338 2041 1499 2102 quibus

103 2117 369 2162 ministraret
395 2136 405 2161 ε
443 2136 463 2158 «
497 2118 674 2160 Manere
693 2150 705 2170 ,
740 2115 883 2175 inquit
903 2149 914 2169 ,
942 2114 989 2158 in
1021 2128 1176 2168 carne,
1208 2112 1500 2157 necessarium

107 2208 129 2232 »
164 2197 343 2249 propter
361 2203 438 2232 vos
451 2191 484 2231 2.
506 2187 716 2232 Dominus
739 2202 842 2245 ergo
863 2185 991 2230 solvit
1012 2183 1297 2243 compeditos,
1318 2202 1338 2226 »
1356 2183 1401 2227 id
1417 2192 1497 2238 est,

108 2276 160 2305 ex
184 2258 441 2304 mortalibus
458 2257 725 2302 immortales
748 2256 875 2311 facit,
904 2276 926 2299 «
944 2255 1159 2300 Dominus
1182 2255 1309 2313 erigit
1330 2253 1500 2298 elisos.»

106 2336 247 2385 Quare
270 2329 362 2373 elisi
380 2330 510 2373 sunt?
529 2328 640 2381 Quia
654 2326 785 2371 erecti
801 2335 937 2371 erant.
952 2328 1095 2379 Quare
1117 2325 1344 2382 eriguntur
1361 2323 1502 2376 PQuia

106 2400 323 2446 humiliati
340 2410 456 2444 sunt.
484 2398 652 2444 Cecidit
674 2407 805 2458 atque
828 2396 957 2441 elisus
980 2405 1042 2440 est
1066 2394 1230 2439 Adam3
1257 2414 1266 2439 :
1291 2393 1364 2438 ille
1386 2394 1502 2438 ceci-

109 2471 196 2528 dit,
216 2471 412 2517 Christus
429 2468 668 2515 descendit.
693 2471 836 2522 Quare
856 2465 1081 2513 descendit
1101 2466 1178 2526 qui
1200 2481 1291 2511 non
1313 2463 1498 2520 cecidit,

160 2564 171 2581 ¹
185 2560 277 2590 Joan.
295 2567 343 2599 ix,
362 2556 397 2598 6,
420 2567 452 2599 7.
471 2573 512 2579 -
531 2563 544 2579 ²
570 2553 682 2597 Philip.
708 2565 734 2596 1,
752 2552 810 2596 23,
830 2551 887 2595 24.
907 2568 948 2577 —-
961 2549 975 2576 3
988 2550 1070 2586 Gen.
1089 2562 1137 2593 lu,
1159 2553 1193 2585 6.
