1815 3253
429 333 672 363 ENARRATIO
704 335 750 363 IN
782 333 987 364 PsALMUM
1017 336 1165 363 CXXIV.
1407 324 1464 364 75

78 411 221 448 autem
239 400 474 462 aliquando
495 399 710 446 intuendo
733 411 775 446 et
796 402 922 445 nimis
945 399 1228 455 attendendo,
1250 401 1378 446 etiam
1401 400 1466 446 illi

77 473 152 534 qui
178 476 310 517 Deum
335 471 502 526 colunt,
524 471 739 516 fluctuant
763 481 805 516 et
823 480 996 526 nutant,
1015 472 1136 532 quasi
1159 471 1334 530 perierit
1358 487 1465 515 mer-

76 560 144 590 ces
168 559 315 588 eorum
341 559 475 604 quare
499 546 636 587 Deum
662 542 835 595 colunt,
860 557 959 587 cum
993 558 1036 586 se
1058 541 1210 587 vident
1231 543 1274 586 in
1299 542 1466 587 labori-

79 616 160 659 bus
178 650 188 669 ,
223 615 267 658 in
296 623 482 672 egestate
498 649 508 669 ,
544 614 588 657 in
625 629 819 658 :erumna
835 649 845 668 ,
871 615 916 657 in
945 613 1099 658 morbo
1121 649 1132 668 ,
1156 613 1201 657 in
1224 612 1398 667 dolore,
1421 613 1466 658 in

77 685 218 745 aliqua
238 684 503 739 necessitate,
520 693 564 728 et
584 684 736 729 vident
759 683 862 728 alios
885 683 1046 727 habere
1064 684 1292 728 sanitatem
1315 699 1469 743 corpo-

76 756 147 810 ris,
168 755 390 799 abundare
403 754 730 813 temporalibus,
745 754 1045 798 incolumitate
1063 769 1241 798 suorum
1256 755 1463 813 gaudere,

75 826 217 870 nitore
240 827 456 870 honorum
480 826 634 870 florere
656 841 728 870 eos
751 826 827 886 qui
847 841 937 870 non
957 825 1098 870 solum
1120 830 1253 869 Deum
1277 841 1366 870 non
1388 841 1466 870 co-

75 897 189 951 lunt,
215 897 290 941 sed
310 905 352 940 et
368 897 572 941 omnibus
593 897 845 941 hominibus
866 896 1166 953 adversantur,
1191 897 1467 942 attendentes

75 983 147 1013 eos
161 1003 172 1022 ,
206 976 386 1022 nutant,
417 976 460 1011 et
481 966 636 1012 dicunt
656 968 772 1027 apud
795 984 839 1012 se
862 968 982 1029 quod
1002 976 1150 1028 aperte
1168 968 1379 1028 scriptum
1403 977 1468 1013 est

77 1038 122 1082 in
143 1038 335 1099 quodam
356 1036 548 1082 Psalmo:
571 1037 836 1091 «Quomodo
853 1039 978 1083 scivit
998 1041 1128 1093 Deus,
1143 1039 1222 1083 etsi
1245 1047 1309 1082 est
1331 1038 1470 1084 scien-

81 1126 102 1150 »
138 1108 194 1154 tia
215 1109 260 1151 in
278 1107 496 1152 Altissimo
514 1109 532 1151 Ρ
554 1111 667 1152 Ecce
689 1108 768 1167 ipsi
791 1117 1037 1168 peccatores
1059 1117 1102 1152 et
1125 1107 1401 1152 abundantes
1422 1109 1468 1152 in

82 1197 102 1220 »
137 1178 294 1223 saeculo
317 1178 604 1222 obtinuerunt
621 1178 808 1223 divitias.
835 1198 852 1219 »
881 1181 937 1222 Et
956 1179 1177 1239 sequitur:
1204 1179 1470 1240 «Numquid

81 1268 101 1292 »
134 1266 245 1294 vane
258 1250 487 1310 justificavi
510 1266 586 1294 cor
607 1265 752 1294 meum
771 1285 782 1305 ,
809 1260 851 1295 et
873 1250 958 1295 lavi
980 1250 1024 1294 in
1047 1250 1355 1295 innocentibus
1373 1266 1469 1295 ma-

81 1339 101 1362 »
137 1336 217 1365 nus
244 1336 362 1365 meas
376 1323 390 1346 ¹
405 1322 423 1364 Ρ
438 1339 458 1361 »
478 1319 704 1381 Numquid
725 1320 840 1365 forte
861 1336 1000 1365 vanus
1018 1320 1098 1376 fui,
1115 1320 1191 1381 qui
1216 1321 1335 1366 volui
1351 1322 1469 1382 juste

77 1391 220 1436 vivere
236 1426 246 1445 ,
280 1400 324 1435 et
343 1391 600 1435 innocenter
625 1391 739 1435 inter
765 1392 964 1436 homines
986 1394 1265 1447 conversari,
1290 1390 1470 1452 quando

14 1469 17 1476 “
78 1462 165 1506 scio
187 1476 259 1505 eos
281 1462 357 1521 qui
390 1461 547 1506 nolunt
575 1475 744 1506 servare
773 1462 1092 1517 innocentiam,
1118 1462 1279 1506 habere
1302 1470 1469 1507 tantam

15 1535 16 1538 ’
79 1531 328 1576 felicitatem
346 1567 358 1588 ‚
383 1541 425 1576 et
442 1533 652 1576 insultare
669 1533 795 1593 justis
812 1548 890 1592 per
911 1533 1184 1593 iniquitatem
1207 1531 1355 1577 felices
1373 1535 1390 1577 Ρ

139 1606 195 1647 II.
222 1602 306 1648 Sed
329 1603 425 1663 quis
447 1599 558 1647 illud
589 1602 697 1647 dixit
728 1603 789 1647 ibi
816 1603 860 1647 in
884 1603 1091 1648 Psalmo?
1112 1604 1247 1663 Cujus
1270 1602 1470 1648 nondum

78 1684 170 1719 erat
206 1684 373 1720 rectum
410 1691 499 1720 cor.
540 1675 609 1720 Sic
643 1675 758 1719 enim
793 1675 928 1734 coepit
950 1675 1029 1719 iste
1052 1670 1276 1730 Psalmus,
1303 1675 1359 1719 de
1381 1691 1470 1736 quo

16 1795 18 1811 Ι
77 1748 210 1792 modo
242 1747 540 1814 testimonium
569 1745 770 1791 dedimus
789 1782 799 1802 ,
824 1761 915 1789 non
942 1746 1022 1791 iste
1040 1761 1172 1806 quem
1195 1746 1472 1791 consideran-

16 1846 19 1869 ;
78 1818 182 1863 dum
203 1829 246 1864 et
262 1819 539 1866 tractandum
561 1817 692 1864 modo
711 1819 993 1880 suscepimus,
1011 1817 1087 1862 sed
1102 1818 1179 1862 ubi
1193 1816 1361 1862 dictum
1379 1824 1467 1863 est:

82 1907 103 1931 «
137 1888 365 1942 Quomodo
395 1889 519 1933 scivit
553 1892 667 1933 Deus
686 1924 697 1944 ,
728 1890 807 1934 etsi
840 1898 904 1933 est
935 1888 1112 1933 scientia
1140 1888 1186 1931 in
1211 1887 1472 1933 ‘Altissimoi‘

16 1948 19 2006 ζ
81 1977 101 2001 »
136 1962 248 2004 Ecce
271 1959 351 2019 ipsi
374 1968 622 2018 peccatores
646 1967 688 2003 et
711 1959 985 2003 abundantes
1016 1959 1061 2002 in
1084 1958 1244 2003 saeculo
1267 1958 1473 2003 obtinue-

81 2047 102 2070 »
137 2036 240 2074 r'unt
261 2029 445 2074 divitias.
474 2030 698 2090 Numquid
726 2046 837 2075 vane
869 2030 1105 2091 justificavi
1132 2046 1208 2075 cor
1229 2045 1404 2086 meum,
1430 2039 1473 2074 et

81 2117 102 2141 »
136 2100 222 2144 lavi
243 2101 288 2144 in
310 2100 618 2145 innocentibus
641 2094 796 2145 manus
820 2102 968 2145 meas?
986 2119 1005 2141 »
1028 2099 1108 2144 Ille
1131 2115 1234 2159 ergo
1257 2099 1469 2156 Psalmus,

79 2170 156 2214 ubi
178 2170 330 2215 videtis
353 2171 456 2232 quia
478 2171 747 2231 periclitatur
765 2172 908 2216 anima
929 2207 939 2224 ,
964 2171 1043 2216 ubi
1066 2170 1236 2226 videtis,
1263 2171 1363 2231 quia
1384 2187 1472 2216 nu-

79 2249 174 2284 tant
195 2239 326 2299 pedes
342 2276 352 2295 ‚
385 2241 443 2285 sic
469 2243 603 2301 coepit
629 2261 637 2286 :
680 2261 698 2284 «
725 2246 862 2295 Quam
888 2243 1027 2286 bonus
1052 2244 1165 2285 Deus
1189 2241 1322 2286 Israel
1345 2242 1472 2286 rectis

84 2329 104 2353 »
139 2312 295 2356 corde?
319 2313 404 2357 Mei
427 2322 596 2367 autem,
621 2313 794 2373 inquit,
821 2329 933 2373 pene
952 2314 1160 2358 commoti
1184 2323 1287 2358 sunt
1307 2313 1441 2374 pedes
1459 2349 1470 2370 ,

83 2399 103 2423 »
140 2381 270 2441 paulo
298 2383 440 2426 minus
470 2383 595 2427 effusi
619 2392 722 2428 sunt
749 2399 917 2443 gressus
949 2385 1049 2428 mei.
1075 2402 1095 2425 »
1121 2386 1296 2437 Quare?
1323 2385 1472 2438 «Quia

83 2470 102 2493 »
138 2452 272 2496 zelavi
300 2453 344 2495 in
368 2454 671 2512 peccatoribus
690 2490 700 2509 ,
725 2469 875 2514 pacem
898 2463 1177 2515 peccatorum
1200 2455 1374 2499 intuens
1387 2457 1419 2498 ².
1449 2474 1469 2496 »

82 2522 190 2566 Inde
212 2537 314 2580 ergo
331 2521 437 2566 dixit
454 2532 694 2568 commotos
716 2523 847 2583 pedes
864 2540 963 2569 suos
981 2534 1024 2569 et
1042 2540 1151 2585 pene
1174 2525 1336 2568 effusos
1359 2540 1476 2583 gres-

81 2607 150 2636 sus
166 2628 176 2647 ,
202 2593 326 2652 lapsu
350 2592 404 2636 ad
422 2593 593 2636 ruinam
610 2609 633 2636 a
657 2597 746 2638 Deo
761 2630 772 2649 ,
799 2595 902 2655 quia
924 2596 1110 2640 intuitus
1132 2600 1196 2639 est
1223 2604 1266 2639 et
1284 2594 1472 2654 inspexit

131 2682 140 2698 ¹
161 2675 242 2708 Psal.
259 2687 353 2711 Lxxu,
378 2685 431 2718 12,
454 2677 504 2709 13.
533 2693 574 2698 —
597 2676 708 2709 ²1bid.
734 2677 829 2710 1-13.
