1815 3253
4 203 6 238 3
399 184 642 216 ENARRATIO
676 187 720 214 m
753 184 958 214 PsALMUM
989 187 1127 214 cxxix.
1337 177 1415 215 161

4 244 7 316 3
35 256 256 308 futurum,
280 253 402 314 quod
429 252 646 312 praecessit
676 252 721 295 111
750 253 951 297 Domino.
984 255 1082 296 Jam
1105 252 1220 295 enim
1246 262 1426 311 peccata

5 318 8 406 3
36 336 177 372 nostra
207 325 377 369 dimissa
399 333 502 368 sunt
519 359 529 379 ‚
565 322 641 367 sed
667 322 864 367 nondum
890 323 1212 367 resurreximus.
1239 323 1282 368 Si
1310 339 1425 368 non-

6 396 140 447 dum
173 395 507 450 resurreximus,
548 394 746 439 nondum
779 395 823 438 in
852 395 978 438 nobis
1012 392 1175 438 factum
1210 403 1274 438 est
1304 394 1427 454 quod

6 473 10 557 3
36 468 248 529 praecessit
264 466 463 525 incapite
481 474 643 509 nostro.
659 464 775 518 Quid
792 464 1008 524 praecessit
1029 465 1073 507 in
1095 465 1236 523 capite
1252 467 1427 509 nostro?
1452 455 1459 463 ’

7 518 144 606 3Quia
162 547 204 582 et
225 553 322 582 caio
340 536 473 596 ipsius
493 552 526 580 c·
520 536 643 595 ipitis
665 535 924 580 iesuiiexit:
946 535 1119 594 spiritus
1142 535 1256 579 illius
1276 536 1429 595 capitis

35 608 248 669 numquid
272 617 469 651 mortuus
488 609 580 651 est?
606 607 689 650 Sed
713 605 863 666 quod
854 622 897 649 111
920 621 971 650 eo
996 615 1219 650 mortuum
1244 616 1335 661 est,
1362 622 1431 650 re-

35 678 230 724 surrexit
264 678 516 722 Resurrexit
543 686 688 721 autem
721 677 845 721 tertia
876 677 946 720 die
975 696 982 720 :
1012 685 1055 720 et
1076 676 1268 736 quodam
1297 642 1431 722 niodo

34 751 115 794 hoc
138 749 263 793 nobis
285 747 393 792 dixit
427 747 635 792 Dominus
652 783 662 802 ,
701 747 832 800 Quod
866 747 910 790 in
935 740 1009 791 me
1035 747 1223 802 vidistis,
1261 758 1432 807 sperate

34 810 78 864 in
98 819 220 863 vobis
243 838 250 863 :
277 818 320 862 id
340 827 426 873 est,
445 819 547 878 quia
570 834 651 876 ego
674 819 885 863 resurrexi
908 853 919 872 ,
948 819 1175 877 resurgetis
1197 829 1240 863 et
1258 836 1347 864 vos,

92 893 190 934 vll.
229 888 315 934 Sed
337 898 437 932 sunt
465 889 539 948 qui
569 888 743 943 dicant,
779 892 893 933 Ecce
919 890 1151 933 resurrexit
1185 891 1396 935 Dominus
1417 928 1427 946 ‚

37 960 254 1020 numquid
276 968 506 1018 propterea
522 960 787 1017 sperandum
807 969 870 1003 est
889 969 932 1004 ct
949 976 1018 1004 mc
1032 976 1157 1020 posse
1180 977 1403 1020 resurgere
1416 965 1435 1004 ἰ)

37 1032 194 1092 Utique
211 1039 456 1090 propterea.
478 1032 529 1072 In
553 1030 635 1073 hoc
659 1030 773 1073 enim
798 1031 1029 1074 resurrexit
1047 1032 1259 1076 Dominus
1274 1066 1286 1088 ‚
1313 1032 1435 1093 quod

36 1102 89 1147 ad
120 1111 161 1146 te
192 1101 371 1160 accepit.
398 1102 496 1145 Non
519 1100 634 1143 enim
660 1110 929 1159 resurgeret,
962 1100 1043 1144 nisi
1068 1111 1266 1146 mortuus
1290 1113 1428 1147 esset:

38 1189 127 1218 non
158 1181 303 1216 autem
338 1180 535 1215 mortuus
563 1180 694 1226 esset,
732 1171 812 1215 nisi
850 1187 1024 1215 carnem
1066 1182 1274 1232 portaret.
1316 1175 1434 1228 Quid

39 1243 206 1302 accepit
231 1258 253 1286 3
271 1251 313 1286 te
333 1241 574 1286 Dominus?
592 1244 794 1286 Carnem.
820 1241 937 1295 Quid
954 1243 1072 1286 venit
1100 1243 1215 1303 ipse?
1237 1245 1436 1290 Verbum

36 1313 142 1363 Dei,
167 1311 286 1372 quod
311 1321 403 1355 erat
422 1321 521 1355 ante
544 1311 688 1355 omnia
704 1346 714 1364 ‚
746 1326 824 1370 per
846 1327 976 1371 quem
1003 1312 1117 1356 facta
1150 1324 1253 1358 sunt
1270 1316 1430 1360 onmia.

39 1383 122 1429 Sed
145 1393 195 1428 ut
228 1383 440 1442 acciperet
465 1382 540 1426 abs
572 1391 614 1425 te
643 1382 807 1441 aliquid
824 1417 834 1437 ‚
865 1401 885 1424 «
911 1383 1106 1426 Verbum
1131 1400 1230 1429 caro
1264 1385 1431 1430 factum

18 1463 117 1509 ¹est‚
144 1464 187 1498 et
207 1453 420 1497 habitavit
441 1453 487 1495 in
506 1452 673 1496 nobis¹.
690 1471 709 1493 »
735 1453 916 1512 Accepit
934 1453 1009 1497 abs
1032 1463 1089 1509 te,
1113 1455 1232 1514 quod
1253 1457 1432 1502 offerret

19 1530 110 1588 3pro
128 1534 170 1569 te
191 1544 200 1569 2
226 1523 452 1584 quomodo
477 1523 633 1581 accipit
650 1522 847 1566 sacerdos
870 1539 893 1566 a
917 1533 978 1578 te,
1006 1524 1128 1583 quod
1151 1541 1230 1585 pro
1254 1536 1296 1570 te
1319 1529 1431 1573 offe-

36 1606 120 1651 rat,
160 1595 338 1654 quando
372 1595 434 1638 vis
470 1594 642 1653 placare
683 1598 822 1638 Deum
853 1611 931 1654 pro
964 1598 1152 1654 peccatis
1191 1599 1288 1643 tuis.
1328 1603 1427 1645 ι13111

35 1665 195 1711 factum
218 1675 303 1718 est,
338 1665 396 1708 ita
421 1663 585 1708 factum
610 1673 688 1707 est.
719 1664 926 1709 Sacerdos
948 1675 1095 1710 noster
1123 1684 1144 1712 3
1168 1669 1295 1713 nobis
1310 1686 1425 1715 acce-

35 1737 110 1796 pit,
125 1735 245 1796 quod
262 1750 341 1794 pro
357 1734 483 1778 nobis
496 1734 687 1778 offerret.
708 1735 887 1793 Accepit
902 1735 1015 1779 enim
1041 1752 1063 1780 a
1077 1737 1202 1782 nobis
1222 1755 1418 1786 carnem:

35 1808 77 1850 in
97 1807 187 1865 ipsa
211 1821 339 1850 carne
356 1804 528 1849 victima
554 1803 692 1848 faetus
720 1814 805 1859 est,
831 1805 1137 1867 holocaustum
1168 1808 1307 1856 factus
1326 1823 1420 1869 est,

24 1867 286 1921 'sacrificium
321 1874 460 1919 factus
484 1884 560 1918 est.
588 1877 638 1918 ln
660 1875 857 1933 passione
886 1877 1140 1922 sacrificium
1159 1880 1301 1926 factus
1325 1894 1388 1928 est
1410 1905 1420 1931 :

25 1948 78 1991 ³in
100 1947 412 1991 resurrectione
429 1945 653 1989 innovavit
674 1945 784 1990 illud
807 1946 927 2006 quod
949 1949 1139 1993 occisum
1154 1960 1237 2006 est,
1262 1963 1305 1997 et
1327 1964 1420 2000 tan-

35 2034 163 2079 quam
196 2017 404 2077 primitias
431 2026 526 2061 tuas
554 2016 674 2060 dedit
705 2020 818 2074 De03
852 2027 896 2062 et
927 2019 984 2063 ait
1018 2020 1120 2076 tibi,
1159 2025 1419 2072 consecrata

36 2098 133 2133 sunt
148 2090 236 2148 jam
263 2087 406 2132 omnia
440 2096 540 2141 tua,
582 2086 760 2146 quando
794 2090 897 2132 tales
919 2089 1122 2147 primitiae
1150 2092 1204 2137 de
1233 2104 1272 2138 te
1304 2095 1418 2142 datae

35 2168 132 2202 sunt
156 2162 243 2201 Deo
271 2177 278 2200 :
304 2172 425 2216 spera
451 2172 553 2216 ergo
575 2166 617 2200 ct
638 2157 683 2200 in
705 2166 748 2201 te
770 2156 970 2202 futurum
988 2160 1109 2220 quod
1131 2167 1350 2222 praecessit
1370 2169 1415 2213 in

0 2267 1 2272 ,
35 2229 229 2288 primitiis
251 2228 350 2272 tuis.

0 2292 2 2307 ¹
89 2301 364 2356 V111.E1‹›0
396 2297 492 2351 ille,
539 2299 638 2357 quia
674 2314 696 2342 3
730 2298 877 2357 vioilia
909 2303 1123 2348 matutina
1161 2315 1412 2375 resurrexit3

0 2361 2 2367 Ι
37 2371 164 2430 coepit
216 2369 358 2412 anima
405 2376 547 2411 nostia
589 2384 639 2411 ex
690 2369 775 2413 hoc
821 2385 1004 2429 sperare.
1051 2376 1108 2418 Et
1150 2393 1410 2443 quousque
1398 2388 1416 2415 ‘²

41 2460 58 2483 «
93 2440 266 2501 Usque
258 2455 302 2482 m
326 2447 531 2482 noctem:
557 2456 576 2479 »
606 2454 836 2499 quousque
857 2442 1109 2488 moliamur.
1123 2448 1273 2495 Omnis
1296 2458 1411 2503 enim

84 2528 199 2558 ¹.Joan
221 2538 245 2566 1,
268 2537 279 2556 1
290 2531 318 2564 ⁴

219 2589 338 2619 cxixv
1177 2586 1220 2625 11
