1815 3253
330 222 385 261 56
709 233 742 260 s.
791 231 1021 261 nuens-rna
1053 233 1234 261 liviscor-1

330 315 350 339 »
381 295 583 355 perbisi‘»
595 295 960 356 Quandoquidem
975 296 1207 342 insultatur
1226 297 1478 342 Christianis
1501 306 1544 341 et
1568 298 1623 341 ab
1649 298 1708 342 eis

325 366 402 426 qui
425 382 514 411 non
537 365 790 422 abundant,
815 367 890 410 sed
910 383 1009 411 cum
1025 368 1109 413 sint
1129 368 1174 411 in
1193 377 1378 426 egestate
1400 377 1444 412 et
1475 367 1679 412 aerumnis
1694 402 1705 423 ,

325 453 407 482 nee
425 437 506 497 ipsi
537 446 704 482 cessant
723 436 945 482 insultare.
971 441 1099 484 Certe
1121 454 1246 497 ergo,
1283 457 1303 480 «
1323 439 1617 498 Opprobrium
1651 438 1710 483 eis

326 525 348 550 »
383 507 459 568 qui
480 507 707 551 abundant
733 526 742 552 :
767 525 788 549 »
817 524 872 552 an
897 508 1008 552 forte
1037 508 1185 553 nullus
1216 509 1457 563 invenitur,
1482 509 1559 568 qui
1580 508 1710 552 etiam

325 578 490 638 positus
507 577 553 620 in
574 576 819 622 calamitate
840 578 1044 623 insultet?
1061 579 1104 623 Si
1125 594 1215 623 non
1231 578 1455 622 insultavit
1475 577 1610 632 latro,
1636 578 1711 637 qui

326 663 426 693 cum
439 647 642 692 crucifixo
659 648 845 693 Domino
853 649 1079 693 crucifixus
1097 657 1187 692 erat
1201 650 1244 691 ¹?
1261 651 1374 705 Ergo
1391 648 1424 690 si
1443 647 1654 691 insultant
1670 656 1714 691 et

328 718 392 762 illi
413 720 489 779 qui
508 734 599 763 non
620 718 871 775 abundant,
892 734 1026 780 quare
1049 718 1244 763 Psalmus
1267 719 1348 772 ait,
1376 736 1395 759 «
1417 717 1712 777 Opprobrium
1772 751 1774 758 .

327 807 348 831 »
383 789 442 832 eis
465 789 541 848 qui
568 788 821 832 abundant?
837 807 864 832 ,»
899 790 942 834 Si
969 788 1198 846 diligenter
1230 786 1510 832 discutiamus
1529 823 1539 843 ‚
1565 797 1608 833 et
1634 788 1714 847 ipsi

327 857 571 903 abundant.
598 857 724 902 Unde
759 858 1020 902 abundant?
1049 861 1159 904 Nam
1183 859 1262 902 nisi
1299 857 1602 912 abundarent,
1638 874 1713 902 su·
1772 890 1773 927 }

322 929 448 989 perbi
466 944 556 972 non
571 937 725 972 essent.
749 927 872 973 Alius
891 929 1005 972 enim
1023 928 1219 973 abundat
1234 929 1418 988 pecunia
1431 963 1441 982 ,
1459 937 1501 972 et
1520 928 1624 972 inde
1639 943 1713 972 su-
1771 932 1773 981 ζ

324 1000 485 1059 perbus
507 1008 571 1042 est
596 1018 605 1043 :
637 998 745 1043 alius
767 999 964 1043 abundat
996 998 1237 1043 honoribus
1253 1033 1265 1054 ‚
1297 1007 1341 1042 et
1367 998 1471 1042 inde
1503 998 1715 1058 superbus
1772 989 1779 1053 ³¹

1772 0 1777 243 ξ

327 1078 391 1114 est
418 1089 428 1114 ι
457 1068 563 1113 alius
581 1069 805 1114 abundare
837 1085 881 1114 se
907 1069 1073 1130 justitia
1102 1078 1254 1129 putat,
1281 1078 1323 1113 et
1349 1068 1452 1112 inde
1490 1069 1713 1128 superbit,
1772 1099 1773 1133 3

328 1139 448 1200 quod
470 1141 591 1200 pejus
609 1148 686 1183 est.
714 1140 799 1193 Qui
820 1139 1025 1185 videntur
1048 1155 1139 1184 non
1163 1138 1389 1184 abundare
1411 1140 1613 1198 pecunia,
1623 1140 1716 1199 jus-
1771 1136 1773 1166 3

327 1211 423 1256 titia
445 1210 527 1255 sibi
551 1209 757 1255 videntur
778 1210 1002 1255 abundare
1024 1211 1228 1256 adversus
1259 1214 1421 1269 Deum3
1453 1220 1496 1254 et
1517 1211 1643 1270 positi
1670 1211 1717 1254 in

329 1281 648 1326 calamitatibus
669 1296 713 1325 se
739 1282 980 1342 justificant
997 1316 1009 1337 ‚
1035 1284 1175 1326 Deum
1197 1291 1420 1335 accusant,
1459 1290 1502 1325 et
1534 1281 1686 1325 dieunt
1702 1316 1713 1337 ,

327 1351 446 1405 Quid
467 1349 648 1406 admisi,
677 1361 752 1395 aut
773 1351 882 1412 quid
903 1351 1014 1396 feci?
1036 1354 1092 1395 Et
1112 1360 1159 1395 tu
1181 1351 1285 1396 dieis
1305 1371 1313 1396 :
1340 1352 1521 1411 Respice
1539 1387 1550 1406 ,
1571 1367 1716 1395 recor-

327 1421 430 1466 dare
445 1430 622 1481 peccata
644 1430 746 1477 tua,
782 1423 816 1466 si
849 1421 958 1466 nihil
990 1421 1146 1467 fecisti.
1186 1422 1405 1466 Titillatur
1438 1422 1713 1482 aliquantum
1770 1419 1771 1474 i

326 1491 589 1537 conscientia
606 1526 617 1546 ‚
642 1500 685 1535 et
708 1491 820 1536 redit
843 1491 897 1536 ad
919 1508 963 1536 se
979 1527 990 1547 ,
1021 1501 1065 1536 et
1084 1492 1245 1551 cogitat
1267 1490 1379 1536 facta
1409 1508 1485 1536 sua
1507 1491 1645 1549 mala3
1673 1501 1716 1536 et
1770 1494 1771 1548 g

324 1577 425 1607 cum
453 1562 705 1620 cogitaverit
733 1562 848 1606 facta
882 1577 958 1606 sua
985 1561 1098 1606 mala
1115 1597 1126 1617 ,
1167 1577 1247 1606 nec
1275 1562 1334 1606 sic
1356 1562 1452 1606 vult
1484 1562 1712 1617 confiteri,
1770 1556 1771 1598 i

324 1633 427 1692 quia
449 1630 580 1690 digna
603 1632 767 1691 patitur
793 1651 802 1677 :
823 1631 898 1675 sed
921 1631 1054 1687 dicit,
1070 1634 1183 1676 Ecce
1195 1630 1423 1676 manifeste
1445 1631 1527 1675 feci
1549 1631 1684 1676 multa
1700 1667 1712 1687 ,

324 1703 400 1746 sed
420 1700 581 1745 multos
604 1700 730 1746 video
751 1703 896 1761 pejora
919 1700 1090 1757 fecisse,
1117 1711 1159 1746 et
1180 1701 1289 1745 nihil
1310 1701 1412 1745 mali
1434 1701 1540 1761 pati.
1565 1704 1587 1745 J
1596 1711 1714 1746 ustus

326 1781 390 1816 est
416 1780 566 1816 contra
604 1774 745 1815 Deum
780 1790 790 1816 :
819 1771 1030 1816 Abundat
1052 1787 1155 1830 ergo
1178 1781 1221 1815 et
1243 1771 1356 1831 ipse,
1380 1771 1559 1830 plenum
1582 1772 1716 1816 habet

326 1852 478 1903 pectus
494 1842 659 1902 justitia
687 1863 698 1900 3
727 1842 1087 1902 quandoquidem
1109 1841 1172 1885 illi
1195 1845 1308 1885 Deus
1327 1841 1502 1886 videtur
1531 1841 1713 1886 malefa·
1768 1864 1769 1907 j

328 1929 446 1968 cere,
467 1923 510 1957 et
530 1913 621 1972 ipse
642 1913 722 1958 sibi
742 1912 916 1958 videtur
932 1914 1090 1974 injuste
1108 1914 1213 1972 pati.
1235 1914 1328 1957 Etsi
1353 1912 1551 1958 daresilli
1567 1913 1712 1958 navim
1768 1916 1769 1967 ᾖ

326 1982 682 2042 gubernandam,
706 1983 752 2026 in
774 1983 1051 2041 naufragium
1081 1984 1161 2026 iret
1183 1998 1283 2027 cum
1303 1982 1375 2026 illa
1401 1999 1409 2023 z
1441 1983 1536 2027 vult
1565 1992 1711 2027 autem

325 2057 465 2098 Deum
483 2061 683 2097 excutere
701 2053 756 2096 de
778 2053 1093 2112 gubernatione
1117 2053 1246 2112 hujus
1270 2052 1448 2107 mundi,
1474 2062 1517 2096 ct
1538 2054 1627 2112 ipse
1646 2062 1711 2097 te·
1767 2092 1768 2103 ,

325 2139 429 2168 nere
447 2123 741 2183 gubernacula
763 2133 968 2167 creaturae
983 2158 994 2178 ,
1019 2133 1062 2167 et
1081 2123 1339 2167 distribuere
1362 2123 1565 2167 omnibus
1583 2122 1710 2168 dolo·
1767 2112 1768 2127 ¹

326 2210 392 2239 res
414 2203 457 2239 et
490 2194 659 2238 laetitias
674 2229 685 2250 ,
710 2210 863 2254 poenas
884 2204 927 2239 et
943 2195 1132 2254 praemia.
1159 2192 1313 2238 Infelix
1337 2195 1507 2252 anima(
1524 2196 1576 2238 Et
1604 2193 1711 2253 quid

324 2265 610 2323 miraminiP)
645 2264 871 2319 abundat,
914 2264 989 2309 sed
1028 2263 1224 2308 abundat
1256 2264 1449 2323 nequitia
1471 2299 1482 2319 ‚
1514 2264 1709 2309 abundat

325 2335 516 2393 malitia,
540 2345 582 2380 et
616 2351 667 2380 eo
701 2335 799 2395 plus
825 2335 1019 2380 abundat
1053 2335 1273 2396 nequitia,
1301 2351 1390 2394 quo
1422 2334 1503 2378 sibi
1531 2334 1705 2379 videtur
1766 2396 1767 2401 Ἰ

325 2406 549 2451 abundare
565 2406 748 2466 justitia.

380 2479 459 2521 XI.
486 2480 542 2521 At
557 2491 660 2521 vero
683 2477 939 2523 christianus
955 2477 1088 2522 homo
1105 2491 1194 2522 non
1210 2476 1341 2520 debet
1355 2475 1579 2520 abundare
1594 2509 1605 2529 ,
1631 2474 1705 2519 sed
1765 2459 1766 2475 ¹

368 2563 376 2578 ¹
404 2562 481 2593 Luc.
496 2571 587 2600 xxm,
607 2561 662 2603 39,
685 2560 737 2602 4⁰·
