1815 3253
402 314 644 344 munuum
675 316 721 343 IN
754 312 958 343 PsALMUM
988 313 1136 341 cxxru.
1408 300 1464 339 73

17 425 19 430 ,
81 403 102 427 >1
130 382 342 445 jutorium
365 390 564 426 nostrum
586 381 632 425 in
656 380 833 425 nomine
856 379 1056 434 Domini,
1082 378 1157 439 qui
1179 376 1281 422 fecit
1304 376 1466 422 coelum

82 475 101 498 »
135 464 178 499 et
199 454 399 499 terram1.
425 470 445 493 »
482 454 586 498 Nam
614 451 648 496 si
676 451 939 512 adjutorium
975 451 1059 494 hoc
1095 464 1184 493 non
1213 457 1350 504 esset,
1375 464 1466 493 non

77 523 255 586 quidem
273 532 435 567 aeterna
456 531 652 566 maneret
665 521 931 581 muscipula,
950 520 1024 564 sed
1041 535 1143 563 cum
1161 528 1314 579 captus
1336 527 1464 573 esset,

78 604 350 642 conterretur
367 609 525 654 passer.
546 595 653 639 Nam
672 593 758 637 vita
780 594 859 638 ista
880 592 1112 637 transitura
1127 599 1208 645 est,
1225 599 1268 634 et
1281 589 1357 650 qui
1370 588 1467 633 dul·

77 666 230 713 cedine
250 667 342 727 ejus
364 665 479 726 capti
507 663 670 709 suerint
686 700 697 720 ,
723 673 767 709 et
788 679 867 724 per
890 664 1003 708 hanc
1023 661 1304 707 dulcedinem
1323 661 1467 706 offen-

74 737 220 783 derint
252 740 390 782 Deum
409 772 420 792 ,
447 752 547 781 cum
572 736 652 780 ista
682 736 768 780 vita
792 735 1057 781 transibunt.
1083 736 1192 779 Nam
1217 742 1468 778 conteretur

77 807 319 868 muscipula
334 843 345 863 ,
370 807 476 852 certi
497 815 633 852 estote
658 826 667 852 :
693 807 833 851 omnis
856 805 1045 850 dulcedo
1075 805 1176 849 vitae
1204 804 1328 848 istius
1351 819 1468 863 prae-

75 879 207 924 sentis
229 894 318 923 non
339 878 445 933 erit,
471 878 650 938 impleta
680 887 794 922 sorte
821 877 905 922 loci
936 877 1000 921 sui
1027 896 1036 921 :
1062 874 1138 920 sed
1160 890 1269 935 opus
1291 883 1355 918 est
1376 889 1468 918 non

75 950 265 1005 haerere,
304 957 355 992 ut
384 947 563 1008 quando
593 957 842 993 conteretur
870 946 1112 1007 muscipula
1130 981 1142 998 ‚
1174 955 1280 990 tune
1304 944 1470 989 exultes

79 1029 123 1065 et
140 1019 256 1064 dicas
282 1037 292 1065 t
317 1037 337 1061 «
361 1017 605 1078 Muscipula
629 1019 815 1062 contrita
839 1027 929 1074 est,
953 1027 996 1061 et
1016 1033 1093 1061 nos
1117 1017 1231 1060 eruti
1253 1031 1415 1060 sumus.
1445 1033 1466 1057 »

79 1090 163 1136 Sed
185 1106 240 1134 ne
260 1099 386 1150 putes
415 1090 499 1135 hoc
524 1089 687 1133 viribus
714 1090 794 1133 tuis
817 1098 860 1133 te
877 1105 1002 1149 posse
1020 1124 1030 1143 ,
1057 1088 1235 1132 attende
1256 1090 1382 1148 cujus
1406 1096 1470 1132 est

77 1163 185 1222 opus
213 1170 263 1206 ut
284 1161 444 1206 eruaris
463 1197 474 1217 ,
492 1171 506 1221 t
522 1176 622 1205 nam
643 1161 676 1204 si
699 1160 957 1220 superbieris
974 1195 985 1215 ,
1010 1160 1055 1203 in
1078 1157 1369 1218 muscipulam
1393 1174 1468 1203 ea-

77 1231 142 1276 dis
158 1233 202 1290 ,)
228 1240 271 1276 et
295 1230 394 1277 dic:
424 1250 445 1273 «
469 1231 749 1291 Adjutorium
773 1239 970 1275 nostrum
993 1230 1038 1274 in
1061 1229 1239 1274 nomine
1262 1228 1465 1285 Domini,

81 1322 102 1345 »
136 1302 211 1364 qui
235 1302 338 1347 fecit
360 1302 522 1348 coelum
546 1311 588 1347 et
611 1312 785 1347 terram.
812 1320 833 1344 »

135 1377 256 1420 XIV.
283 1374 478 1419 Psalmus
498 1383 707 1419 tractatus
732 1383 826 1430 est,
853 1382 896 1418 et
917 1383 1134 1434 quantum
1160 1372 1369 1417 Dominus
1392 1370 1471 1416 ad-

20 1459 22 1482 ἰ
72 1447 225 1506 juvare
246 1445 449 1505 dignatus
470 1455 554 1500 est,
579 1455 629 1490 ut
648 1455 757 1506 puto
778 1445 1011 1505 expositus.
1034 1445 1232 1490 Crastino
1251 1443 1381 1488 etiam
1399 1442 1471 1487 die

20 1518 22 1556 ὲ
78 1531 321 1561 sermonem
355 1516 502 1560 deberi
535 1516 746 1561 Charitati
769 1519 933 1560 Vestrae
957 1516 1120 1575 optime
1149 1515 1282 1559 nostis
1309 1533 1318 1559 ε
1345 1513 1471 1558 ades-

78 1596 194 1642 tote,
231 1595 273 1630 et
296 1585 499 1647 adjuvate
528 1602 606 1631 nos
634 1586 904 1631 orationibus
933 1586 1101 1631 vestris.
1140 1584 1472 1631 Pollicitationis

77 1658 193 1702 enim
216 1667 373 1702 nostrae
395 1658 641 1702 meminisse
663 1658 831 1703 debetis
857 1677 865 1702 :
892 1674 972 1702 nee
995 1659 1185 1703 dicerem
1205 1656 1313 1718 quid
1335 1672 1470 1700 essem

77 1739 354 1785 tractaturus,
372 1730 453 1774 nisi
476 1729 672 1790 adjuvari
693 1729 844 1775 volens
862 1730 1007 1774 studio
1029 1729 1132 1773 fidei
1155 1738 1198 1773 et
1220 1729 1468 1774 orationum

76 1810 332 1845 vestrarum.
361 1801 617 1845 Meministis
650 1802 764 1845 enim
797 1816 866 1845 me
899 1801 1144 1860 promisisse
1167 1800 1290 1845 vobis
1312 1799 1367 1843 de
1388 1799 1472 1844 hoc

21 1890 23 1916 i
76 1880 261 1916 tractare
283 1869 404 1931 quod
424 1869 593 1915 dictum
615 1880 678 1915 est
694 1871 741 1914 in
763 1870 1002 1929 Evangelio
1021 1889 1028 1915 :
1045 1890 1064 1912 «
1082 1874 1170 1915 Lex
1191 1885 1268 1930 per
1290 1873 1473 1928 Moysen

81 1961 100 1983 »
135 1942 236 1985 data
255 1950 350 1999 est,
385 1942 521 1999 gratia
552 1951 596 1986 et
631 1941 787 1985 veritas
814 1956 892 2000 per
923 1944 1072 1985 Jesum
1103 1941 1326 1985 Christum
1359 1939 1473 1984 facta

78 2029 100 2053 »
135 2013 246 2056 est2.
282 2030 302 2053 »
331 2011 481 2057 Solent
502 2011 619 2055 enim
642 2011 841 2055 homines
865 2011 1056 2055 haeretici
1075 2046 1085 2066 ,
1110 2010 1296 2054 >maxime
1330 2010 1474 2054 Mani-

78 2083 203 2139 chaei,
224 2083 540 2143 reprehendere
563 2086 738 2141 Legem,
755 2092 798 2127 et
820 2081 964 2126 dicere
981 2082 1084 2143 quia
1107 2085 1221 2126 Deus
1242 2081 1362 2125 illam
1382 2097 1472 2126 non

79 2152 214 2199 dedit.
250 2153 547 2214 Exponendus
574 2164 637 2198 est
671 2154 787 2198 enim
824 2154 948 2198 locus
978 2153 1057 2197 iste
1078 2189 1088 2208 ,
1114 2163 1163 2198 ut
1185 2162 1473 2212 cognoscatur

80 2224 181 2284 quia
211 2234 254 2269 et
276 2228 434 2283 Legem
457 2228 571 2269 Deus
595 2224 737 2280 dedit,
764 2234 807 2269 et
830 2228 917 2269 Lex
941 2239 1019 2284 per
1042 2228 1225 2283 Moysen
1254 2223 1354 2268 data
1378 2233 1470 2282 est3

80 2303 130 2339 ut
151 2309 241 2338 non
257 2294 454 2350 salvaret,
469 2305 648 2355 propter
671 2304 831 2340 certam
856 2311 1044 2339 causam.
1061 2298 1157 2341 Non
1173 2294 1352 2340 salvavit
1363 2298 1469 2349 Lex,

80 2373 130 2409 ut
146 2364 258 2409 lator
275 2366 400 2424 Legis
420 2366 510 2425 ipse
533 2369 776 2426 Imperator
797 2365 1131 2421 desideraretur,
1149 2367 1223 2427 qui
1242 2365 1476 2425 indulgen-

81 2435 183 2479 tiam
219 2434 342 2479 daret
372 2436 682 2495 peccantibus,
719 2446 763 2481 et
789 2435 889 2481 data
918 2437 1097 2497 quidem
1128 2440 1216 2481 Lex
1251 2445 1361 2481 esset
1397 2452 1475 2496 per

82 2507 280 2563 Moysen,
306 2506 450 2549 Gratia
474 2515 620 2550 autem
641 2515 684 2550 et
704 2506 861 2551 veritas
883 2522 960 2566 per
982 2510 1131 2551 Jesurn
1151 2506 1374 2552 Christum
1395 2507 1475 2552 fie-

81 2584 162 2620 ret.
187 2575 255 2620 Ad
274 2576 356 2620 hoc
386 2576 574 2620 intentos
599 2591 674 2621 vos
697 2575 837 2621 facere
857 2577 994 2622 volui.
1017 2577 1170 2622 Aderit
1194 2577 1364 2621 Domini
1389 2576 1473 2619 mi-

129 2666 140 2685 ¹
155 2660 235 2696 Psal.
252 2671 358 2704 cxxiii,
381 2662 413 2696 8.
430 2678 473 2685 —
499 2669 511 2686 ²
530 2664 623 2696 Joan.
643 2673 668 2704 1,
690 2673 744 2705 ¹7·
