1815 3253
402 268 644 300 ENARRATIO
676 272 722 300 m
754 268 958 300 PsALMUM
988 273 1123 300 cxx11.
1397 260 1453 301 49

70 349 216 380 sumus
231 369 242 390 ,
257 344 300 380 et
314 335 388 380 ille
409 338 593 382 Domina
610 345 687 382 est.
711 335 796 382 Sed
813 352 956 398 neque
976 337 1059 381 hoc
1082 337 1241 381 mirum
1262 337 1364 397 quia
1381 353 1456 382 an-

70 406 167 451 cilla
205 422 374 466 sumus3
419 408 608 453 Ecclesia
637 409 753 452 enim
785 424 933 453 sumus
959 427 968 454 ε
1009 424 1090 453 ncc
1117 408 1230 453 illud
1263 410 1452 466 mirum,

70 477 171 536 quia
188 486 231 521 et
249 477 337 537 ipse
359 478 543 523 Domina
566 488 630 523 est
648 499 659 536 3
681 479 816 523 virtus
838 479 955 523 enim
979 487 1102 523 estet
1124 479 1333 539 sapientia
1360 480 1453 524 Dei.

71 546 184 592 Audi
199 564 302 608 ergo
317 549 575 608 Apostolum
592 549 809 594 dicentem
827 569 835 594 ε
862 569 881 591 «
899 552 984 595 Nos
1002 559 1148 594 autem
1168 551 1458 610 praedicamus

71 619 289 664 Christum
312 621 569 665 crucifixum
587 656 597 675 ‚
624 624 646 665 J
653 620 784 665 udaeis
806 620 984 681 quidem
1005 620 1260 665 scandalum
1277 656 1287 676 ,
1311 622 1462 666 Genti-

71 689 152 733 bus
175 699 319 734 autem
343 690 592 749 stultitiam3
617 691 718 751 ipsis
735 707 838 736 vero
860 692 1022 735 vocatis
1044 692 1210 736 Judaeis
1232 701 1275 736 et
1298 693 1460 738 Graecis

72 761 292 807 Christum
311 762 386 805 Dei
401 762 604 807 virtutem
629 772 672 807 et
688 764 766 807 Dei
783 762 1077 823 sapientiam¹.
1103 781 1123 803 »
1140 766 1197 808 Ut
1205 764 1294 824 jam
1308 764 1362 809 sit
1373 780 1462 809 ser-

72 848 151 876 vus
164 831 367 891 populus,
381 841 422 876 ct
433 832 487 876 sit
498 832 652 877 ancilla
666 833 857 878 Ecclesia
871 853 880 879 ε
896 853 916 876 «
930 834 1152 879 Christum
1170 834 1244 879 Dei
1255 835 1464 880 virtutem

76 920 96 944 »
131 911 174 946 et
190 903 265 946 Dei
279 902 533 961 sapientiam
560 922 569 947 :
598 921 618 944 »
645 913 883 964 utrumque
900 903 1082 959 audisti,
1102 905 1363 949 «Christum
1387 905 1463 950 Dei

75 990 95 1013 »
131 972 335 1016 virtutem
359 981 401 1017 et
414 972 491 1016 Dei
503 973 773 1032 sapientiam.
794 993 814 1015 n
832 976 944 1019 Cum
960 989 1063 1032 ergo
1081 974 1204 1018 audis
1223 976 1461 1032 Christum,

74 1042 164 1087 leva
182 1042 329 1087 oculos
343 1051 442 1087 tuos
454 1042 500 1086 in
513 1058 666 1087 manus
681 1043 854 1088 Domini
872 1044 937 1088 tui
955 1059 962 1084 :
985 1060 1085 1088 cum
1100 1044 1222 1089 audis
1240 1045 1317 1089 Dei
1336 1047 1467 1090 virtu-

75 1121 161 1157 tem
182 1122 225 1157 et
247 1113 324 1157 Dei
346 1113 598 1173 sapientiam
615 1149 626 1169 ,
645 1113 743 1164 leva
754 1113 903 1158 oculos
921 1123 1020 1159 tuos
1037 1116 1083 1157 in
1100 1130 1255 1159 manus
1279 1115 1468 1160 dominae

75 1192 161 1228 tuae
189 1203 197 1228 :
227 1184 328 1244 quia
350 1193 393 1228 et
424 1199 570 1228 servus
593 1193 636 1228 et
664 1183 821 1229 ancilla
850 1199 917 1242 es3
942 1200 1089 1232 servus
1106 1220 1117 1240 ,
1154 1186 1255 1246 quia
1279 1187 1468 1247 populus

73 1270 116 1299 es
136 1290 147 1310 ,
173 1254 327 1299 ancilla
344 1290 354 1310 ,
377 1255 480 1315 quia
501 1254 693 1299 Ecclesia
707 1270 750 1299 es
772 1273 780 1300 :
810 1257 907 1314 Ipsa
931 1265 1076 1300 autem
1095 1256 1252 1301 ancilla
1266 1273 1471 1316 magnam

77 1324 332 1384 dignitatem
350 1326 518 1371 invenit
541 1325 659 1385 apud
676 1329 816 1370 Deum
834 1344 841 1369 :
860 1341 970 1371 uxor
993 1325 1104 1372 facta
1133 1336 1211 1372 est.
1233 1328 1317 1373 Sed
1332 1328 1472 1374 donec

8 1425 11 1433 ,
77 1395 224 1440 veniat
246 1396 301 1440 ad
324 1395 549 1456 amplexus
570 1395 667 1440 illos
690 1395 924 1456 spiritales,
949 1397 1027 1440 ubi
1049 1413 1199 1442 secure
1221 1398 1473 1458 perfruatur

79 1481 130 1510 eo
152 1482 282 1527 quem
302 1466 472 1522 dilexit,
498 1475 541 1510 et
562 1467 633 1511 cui
654 1467 885 1526 suspiravit
913 1467 960 1510 in
989 1468 1068 1512 ista
1101 1469 1311 1514 diuturna
1344 1486 1472 1530 pere-

80 1537 320 1595 grinatione
338 1571 348 1591 ,
372 1551 529 1596 sponsa
550 1545 613 1580 est
634 1555 642 1581 :
665 1545 708 1581 et
731 1536 895 1596 accepit
914 1537 1086 1582 arrham
1108 1553 1334 1597 magnam,
1370 1556 1474 1584 san-

81 1608 257 1667 guinem
278 1608 439 1667 sponsi,
469 1607 540 1652 cui
562 1623 711 1652 secura
739 1607 939 1666 suspirat.
960 1610 1050 1653 Nec
1077 1608 1139 1653 illi
1173 1609 1355 1666 dicitur,
1376 1611 1477 1656 Noli

81 1695 223 1724 amare
249 1699 258 1724 ε
284 1679 505 1740 quomodo
527 1679 688 1724 dicitur
719 1678 956 1739 aliquando
992 1680 1151 1738 virgini
1168 1682 1259 1741 jam
1282 1681 1476 1742 despon-

81 1760 182 1796 satae
197 1787 207 1806 ‚
227 1760 271 1796 et
292 1750 490 1796 nondum
509 1760 661 1812 nuptae
683 1770 692 1795 z
719 1761 763 1796 et
790 1752 907 1811 juste
931 1751 1094 1796 dicitur
1112 1787 1123 1807 ‚
1159 1752 1259 1798 Noli
1293 1770 1438 1799 amare
1460 1775 1471 1812 ς

82 1838 182 1867 cum
205 1822 317 1867 facta
337 1822 470 1867 fueris
487 1838 598 1868 uxor
615 1858 626 1878 ,
652 1833 759 1867 tunc
781 1838 877 1867 ama
917 1838 962 1867 re
977 1832 1046 1868 cte
1068 1824 1232 1868 dicitur
1246 1827 1347 1885 quia
1369 1843 1478 1887 prae-

83 1909 318 1953 properum
341 1903 385 1938 et
404 1903 718 1954 praeposterum
734 1892 999 1938 desiderium
1020 1903 1104 1950 est,
1128 1904 1170 1939 et
1183 1911 1272 1940 non
1290 1907 1474 1952 castum,

84 1980 225 2009 amare
248 1981 345 2009 eum
365 1966 436 2010 cui
452 1965 586 2009 nescit
605 1981 660 2009 an
682 1965 838 2008 nubat.
865 1968 1012 2009 Potest
1034 1965 1151 2008 enim
1175 1966 1268 2009 fieri
1293 1976 1344 2010 ut
1367 1967 1477 2012 alius

85 2045 258 2095 sponset
271 2045 313 2080 ct
328 2036 436 2080 alius
451 2037 584 2081 ducat
595 2051 790 2080 uxorem.
803 2035 915 2088 Quia
925 2050 1029 2079 vero
1042 2034 1190 2079 nullus
1199 2036 1308 2081 alius
1322 2047 1386 2082 est
1399 2039 1477 2099 qui

85 2107 256 2152 Christo
267 2117 564 2168 praeponatur,
581 2122 728 2152 secura
745 2115 860 2150 amet
878 2106 955 2150 ista
975 2124 984 2150 ε
1001 2115 1043 2150 et
1057 2115 1292 2166 antequam
1306 2108 1369 2152 illi
1379 2110 1478 2169 jun-

87 2186 225 2235 gatur,
239 2187 368 2232 amet,
384 2187 426 2222 et
441 2177 496 2222 de
512 2177 756 2238 longinquo
776 2176 961 2236 suspiret
975 2185 1018 2220 et
1029 2176 1083 2220 de
1094 2176 1333 2238 longinqua
1348 2195 1479 2239 pere-

88 2247 475 2306 grinatione.Solus
490 2247 638 2301 ducet,
650 2247 752 2308 quia
764 2246 881 2291 solus
895 2246 1025 2291 talem
1041 2248 1211 2292 arrham
1226 2248 1477 2304 dedit.Quis

88 2318 202 2362 enim
229 2328 369 2378 potest
403 2320 461 2364 sic
490 2319 650 2364 ducere
669 2354 680 2374 ,
713 2328 764 2363 ut
791 2319 1003 2363 moriatur
1031 2334 1110 2378 pro
1142 2335 1191 2364 ea
1221 2337 1353 2380 quam
1381 2323 1479 2369 vult

89 2389 272 2434 ducere?
290 2389 333 2434 Si
350 2390 465 2434 enim
481 2390 592 2435 mori
609 2405 689 2450 pro
711 2404 759 2434 ea
781 2388 990 2444 voluerit,
1016 2405 1105 2434 non
1128 2391 1210 2435 erit
1233 2392 1309 2451 qui
1328 2392 1476 2440 ducat.

92 2463 275 2506 Securus
298 2469 442 2504 autem
464 2460 537 2505 ille
558 2476 638 2520 pro
661 2476 818 2520 sponsa
845 2469 1045 2505 mortuus
1069 2470 1154 2516 est,
1179 2478 1309 2521 quam
1335 2480 1479 2510 resur-

91 2545 192 2590 gens
213 2541 305 2576 erat
325 2531 553 2575 ducturus.
578 2533 890 2575 Verumtamen
905 2564 916 2585 ‚
943 2529 1096 2575 fratres
1112 2565 1123 2586 ‚
1154 2532 1325 2577 interim
1347 2536 1478 2582 simus

140 2624 148 2640 ¹
175 2630 186 2650 1
207 2620 278 2650 Cor.
296 2630 318 2656 ι,
339 2617 395 2660 23,
413 2616 469 2659 25.

227 2682 350 2711 cxix.
1242 2672 1266 2711 '4
