1815 3253
343 225 424 263 358
773 237 806 263 s.
841 234 1071 264 Aucusnm
1102 238 1284 266 EPISCOPI

342 302 505 361 quippe
527 301 606 344 iste
628 310 692 344 est
708 315 855 345 sensus
872 336 882 356 ‚
908 301 1110 356 Custodi,
1135 304 1317 348 Domine
1337 317 1384 346 os
1419 317 1567 346 meum
1584 303 1718 362 janua
1749 295 1753 298 ’
1776 341 1779 347 .
1808 325 1813 332 ·

339 370 528 430 quadam
550 379 593 414 et
615 371 722 414 ostio
745 371 950 430 praecepti
981 371 1067 426 tui,
1092 381 1141 416 ut
1166 372 1212 416 in
1243 372 1376 417 verba
1405 372 1594 430 maligna
1628 387 1720 416 non

336 439 580 484 declinetur
600 455 675 485 cor
691 455 854 484 meum.
879 443 988 493 Quoe
1008 441 1140 485 verba
1160 441 1378 501 maligna?
1395 442 1565 494 Quibus
1586 457 1720 485 excu-

341 520 490 555 santur
508 519 682 569 peccata
694 545 705 565 ,
724 512 788 555 Ne
804 545 815 564 ,
832 510 976 570 inquit
992 546 1003 566 ‚
1028 520 1202 570 peccata
1219 527 1313 556 mea
1336 511 1482 556 malim
1499 527 1718 568 excusare,
1740 561 1744 566 v

342 596 474 641 quam
491 595 704 624 accusare.
727 582 830 623 Haec
849 579 981 624 verba
1011 580 1057 623 in
1087 580 1228 639 ipsum
1257 582 1489 626 Dominum
1524 590 1723 626 nostrum
1776 596 1778 617 ³

342 654 491 701 ‚Iesum
514 650 733 695 Christum
751 665 841 700 non
861 649 1039 694 cadunt.
1056 654 1161 703 Quae
1182 651 1297 694 enim
1317 650 1387 695 illc
1408 661 1582 710 peccata
1603 666 1725 695 com·
1774 682 1778 708 'i

341 722 486 776 misit,
521 737 620 780 quae
642 721 837 765 confiteri
859 721 1004 779 potius
1039 736 1171 780 quam
1205 720 1439 766 defendere
1472 721 1724 765 debuisset?
1775 759 1777 774 Ι

340 793 495 835 Nostra
517 790 648 833 verba
674 790 754 833 ista
776 799 877 833 sunt
903 809 911 834 :
932 799 1047 833 certe
1069 791 1264 835 Christus
1280 790 1501 849 loquitur:
1524 790 1557 833 si
1580 798 1726 834 nostra

345 861 478 906 verba
501 869 602 904 sunt
616 895 626 913 ‚
652 859 875 919 quomodo
897 861 1092 905 Christus
1113 860 1338 920 loquitur?
1359 863 1415 905 Et
1439 861 1516 904 ubi
1538 869 1601 904 est
1622 861 1727 904 cha-
1806 873 1807 877 ’

344 933 445 975 ritas
468 930 522 974 de
544 947 630 990 qua
651 931 896 990 loquebar?
919 931 1095 976 Nescitis
1118 932 1220 991 quia
1242 932 1330 991 ipsa
1352 947 1491 975 unum
1514 947 1592 975 nos
1626 930 1730 974 fecit
1774 927 1776 979 ᾗ

346 1003 392 1045 in
426 1001 627 1046 Christo?
650 1001 845 1047 Charitas
868 1002 1026 1046 elamat
1053 1002 1106 1046 ad
1129 1003 1349 1047 Christum
1372 1001 1426 1046 de
1447 1002 1596 1056 nobis,
1621 1002 1726 1046 cha-

345 1074 447 1116 ritas
469 1072 627 1116 clamat
647 1070 703 1115 de
725 1071 896 1116 Christo
918 1088 997 1130 pro
1016 1073 1155 1117 nobis.
1181 1072 1411 1126 Quomodo
1432 1072 1616 1116 charitas
1639 1070 1728 1115 cla·

346 1153 435 1188 mat
456 1143 511 1187 ad
528 1144 748 1187 Christum
772 1142 826 1186 de
849 1143 999 1187 nobis?
1024 1162 1042 1184 «
1069 1147 1124 1187 Et
1145 1144 1227 1187 erit
1242 1179 1253 1198 ,
1288 1145 1426 1188 omnis
1448 1144 1523 1202 qui
1550 1143 1729 1187 invoca÷
1773 1133 1776 1168 l

348 1232 369 1255 n
404 1214 515 1258 verit
537 1228 698 1261 nomen
721 1213 913 1267 Domini,
938 1213 1079 1258 salvus
1095 1214 1176 1257 erit
1193 1216 1224 1257 1.
1254 1233 1273 1254 »
1295 1213 1527 1266 Quomodo
1543 1213 1727 1259 charitas
1772 1250 1776 1273 ³

348 1283 403 1327 de
428 1283 600 1327 Christo
622 1297 701 1340 pro
738 1282 898 1325 nohis?
927 1301 946 1323 «
975 1281 1128 1332 Saule,
1168 1282 1294 1326 Saule
1311 1317 1321 1336 ,
1355 1282 1463 1342 quid
1491 1297 1560 1326 me
1582 1297 1730 1340 perse÷=
1772 1287 1775 1308 ³

352 1371 372 1395 »
407 1353 551 1413 queris
567 1354 615 1393 2⁶?
639 1370 659 1392 »
681 1354 766 1395 Vos
781 1386 792 1406 ,
813 1351 956 1410 inquit
983 1351 1216 1410 Apostolus
1232 1387 1242 1407 ,
1269 1352 1368 1396 estis
1395 1367 1551 1411 corpus
1572 1351 1732 1399 Christi
1772 1373 1775 1410 ς
1813 1391 1815 1396 ,

355 1442 375 1465 »
411 1432 454 1466 et
475 1423 670 1466 membra
686 1423 718 1465 3.
754 1439 774 1462 »
817 1422 859 1467 Si
881 1437 984 1480 ergo
1014 1421 1087 1465 ille
1109 1432 1266 1481 caput,
1293 1438 1372 1466 nos
1405 1438 1588 1481 corpus,
1620 1437 1733 1465 unus
1813 1434 1815 1486 ]

349 1495 483 1539 homo
500 1493 695 1552 loquitur
711 1513 722 1549 3
738 1492 980 1551 sive-eaput
1000 1492 1206 1553 loquatur
1221 1528 1232 1548 ‚
1263 1493 1350 1537 sive
1373 1493 1566 1537 membra
1584 1528 1595 1547 ,
1620 1507 1734 1537 unus
1771 1497 1779 1544 ἲ,
1810 1483 1815 1491 „

350 1565 547 1611 Christus
567 1564 777 1624 loquitur.
804 1566 860 1607 Et
882 1564 1032 1623 capitis
1053 1574 1116 1608 est
1132 1564 1357 1624 proprium
1378 1563 1501 1623 loqui
1532 1565 1660 1607 etiam
1689 1564 1735 1607 in
1772 1571 1776 1623 j

347 1650 534 1695 persona
555 1635 867 1678 membrorum.
892 1636 1035 1694 Ipsam
1064 1645 1257 1678 nostram
1279 1633 1639 1679 consuetudinem
1659 1632 1737 1682 ad-.

351 1707 520 1751 vertite.
548 1705 693 1749 Primo
714 1705 937 1765 quomodo
954 1705 1076 1764 loqui
1097 1705 1142 1748 in
1163 1705 1369 1748 membris
1387 1705 1542 1749 nostris
1556 1720 1644 1749 non
1661 1719 1739 1763 po-÷
1770 1698 1778 1752 ζ

354 1785 439 1821 test
471 1775 553 1819 nisi
573 1785 720 1834 caput.
748 1778 947 1819 Jamvero
965 1784 1097 1834 caput
1115 1784 1310 1819 nostrum
1335 1775 1557 1835 quomodo
1581 1774 1738 1834 loqua-
1771 1775 1772 1778 ’

352 1846 479 1890 turin
497 1860 678 1904 persona
691 1845 887 1888 omnium
906 1846 1203 1888 membrorum
1215 1879 1224 1896 ‚
1242 1844 1467 1888 advertite.
1486 1847 1537 1888 In
1556 1853 1739 1902 angusto

354 1916 434 1961 tihi
458 1915 613 1974 pedem
633 1914 785 1974 aliquis
802 1914 940 1958 calcat
966 1934 975 1959 ι
1001 1913 1149 1958 Calcas
1171 1930 1263 1968 me,
1285 1914 1389 1959 dicit
1402 1924 1548 1973 caput.
1573 1913 1741 1957 thlne-
1768 1971 1769 1974 Ἴ

357 1985 468 2030 ravit
490 1985 570 2027 tibi
593 1984 746 2043 aliquis
768 1999 946 2028 manum
967 2003 975 2028 :
1002 1983 1250 2030 Vulnerasti
1268 1999 1351 2039 me,
1369 1983 1474 2028 dicit
1490 1993 1635 2042 caput.
1657 1985 1742 2028 Ca-

356 2065 438 2117 put
463 2064 587 2099 tuum
610 2054 756 2098 nullus
776 2055 916 2111 tetigit
932 2089 942 2108 ‚
973 2054 1049 2098 sed
1076 2053 1272 2113 loquitur
1303 2054 1445 2098 unitas
1478 2054 1742 2112 compaginis

357 2125 549 2184 corporis
569 2126 643 2168 tui,
669 2125 876 2168 Omnium
895 2123 1189 2167 membrorum
1209 2132 1385 2166 tuorum
1404 2138 1630 2182 personam
1649 2122 1738 2179 illaff

356 2211 456 2255 quae
478 2195 524 2237 in
541 2195 681 2253 capite
699 2203 778 2245 est,
792 2192 941 2250 lingua
961 2193 1169 2250 suscepit,
1190 2194 1280 2251 ipsa
1293 2208 1371 2251 pro
1389 2193 1591 2237 omnibus
1605 2194 1741 2240 verbo
1769 2224 1770 2230 =

355 2264 571 2321 fungitur.
606 2263 673 2307 Sic
697 2278 799 2320 ergo
836 2261 1062 2305 audiamus
1091 2262 1311 2306 Christum
1342 2262 1597 2322 loquentem
1631 2282 1640 2307 2
1665 2261 1742 2310 sed

356 2333 658 2393 unusquisque
676 2341 881 2391 agnoscat
908 2332 969 2375 ibi
990 2347 1140 2375 vocem
1164 2347 1309 2386 suam,
1340 2342 1547 2392 tanquam
1572 2333 1740 2381 haerens
1774 2351 1776 2357 ’

355 2405 400 2448 in
422 2403 581 2448 Christi
593 2418 789 2462 corpore.
811 2401 1060 2462 Aliquando
1083 2402 1200 2445 enim
1222 2401 1418 2446 dicturus
1437 2411 1499 2446 est
1515 2402 1670 2456 verba,
1694 2402 1741 2450 in
1769 2431 1771 2437 η
1794 2407 1795 2410 ’

356 2475 513 2536 quibus
533 2473 679 2518 nullus
700 2482 896 2518 nostrum
920 2473 1111 2517 inveniat
1134 2488 1361 2532 personam
1397 2488 1518 2517 suam
1535 2507 1546 2527 ‚
1577 2472 1652 2523 sed
1687 2471 1742 2516 ad

409 2560 418 2576 ¹
437 2559 517 2590 Joel.
541 2569 577 2597 11,
597 2559 651 2590 32.
675 2574 716 2580 —-
733 2565 745 2580 ²
764 2560 836 2589 Act.
857 2567 903 2597 1x‚
927 2556 958 2597 4.
981 2574 1022 2578 -
1044 2555 1056 2579 3
1080 2568 1091 2587 1
1120 2559 1193 2588 Cor.
1212 2568 1268 2595 xn,
1284 2566 1340 2598 27.
