1815 3253
479 238 722 271 umanum
752 243 799 271 m
830 239 1034 273 PsALMUM
1065 244 1208 272 chv1.
1448 231 1531 281 503

207 309 266 352 VI
271 308 306 351 1.
342 310 448 361 Quae
464 315 567 352 sunt
586 306 862 366 alligamenta
883 308 1223 353 contritionum?
1242 308 1361 354 Sicut
1377 309 1535 353 medici

147 376 327 437 alligant
350 377 575 423 fracturas.
602 377 852 438 Aliquando
869 379 1002 434 enim,
1028 377 1244 437 intelligat
1257 387 1300 422 et
1316 379 1400 423 hoc
1419 379 1537 424 Cha-

146 448 250 494 ritas
277 451 451 504 Vestra,
476 458 520 493 et
542 458 698 494 notum
720 458 784 494 est
806 449 865 494 eis
885 450 960 509 qui
984 448 1402 504 animadverterunt,
1422 449 1492 495 vel
1512 454 1556 494 a'

146 519 326 564 medicis
349 520 582 565 audierunt
607 540 616 566 :
648 519 883 581 aliquando
907 535 1038 580 prave
1065 529 1109 564 et
1131 520 1312 585 distorte
1334 521 1503 565 firmata
1521 557 1532 575 ,

145 600 196 636 ut
216 592 435 650 corrigant
456 592 629 647 medici,
657 591 882 652 frangunt,
908 601 952 637 et
979 590 1146 636 faciunt
1167 591 1327 636 vulnus
1346 606 1507 636 novum
1523 627 1533 647 ‚

145 663 249 723 quia
287 662 400 706 mala
433 672 524 707 erat
556 664 713 708 sanitas
746 679 894 724 prava.
936 683 956 706 «
1004 663 1072 709 Sic
1105 678 1207 722 ergo
1241 672 1371 708 rectae
1403 672 1533 717 sunt,

148 752 168 776 »
205 733 348 793 inquit
388 734 636 793 Scriptura,
676 735 758 780 viae
795 736 991 791 Domini,
1036 735 1112 780 sed
1152 734 1451 795 pravicordius
1492 735 1535 778 in

147 821 168 845 »
204 802 287 848 illis
310 804 689 850 scandalizabitur.
718 824 739 847 »
766 805 879 859 Quid
900 815 964 850 est
985 805 1309 866 pravicordius?
1328 806 1539 856 Torticor-

143 874 258 929 dius,
298 883 464 919 tortum
503 891 578 919 cor
615 876 798 920 habens.
830 880 962 921 Putat
997 885 1111 921 torta
1144 891 1234 921 esse
1267 876 1412 921 omnia
1440 892 1540 936 quae

144 944 353 990 dicuntur
382 962 406 990 a
428 949 541 1001 Deo,
573 956 700 1006 putat
721 963 853 1007 prava
875 963 965 992 esse
988 948 1135 993 omnia
1152 963 1252 1008 quae
1273 946 1377 992 fecit
1399 950 1536 1002 Deus,

143 1025 187 1060 et
209 1016 441 1076 displicent
460 1016 527 1061 illi
550 1017 695 1062 omnia
714 1017 880 1077 judicia
899 1018 992 1074 Dei,
1017 1018 1291 1078 maximeque
1308 1019 1354 1061 in
1379 1017 1539 1077 quibus

142 1087 234 1146 ipse
261 1087 521 1146 corripitur,
548 1097 591 1131 et
621 1088 759 1143 sedet,
797 1098 842 1133 et
873 1088 1066 1148 disputat
1099 1105 1234 1149 quam
1263 1088 1378 1132 male
1410 1087 1540 1132 faciat

143 1160 286 1213 Deus,
313 1157 415 1218 quia
438 1173 528 1202 non
550 1172 630 1217 pro
661 1158 751 1218 ejus
771 1157 999 1203 voluntate
1021 1157 1141 1203 facit.
1168 1159 1408 1203 Distortum
1437 1174 1537 1211 cor,

143 1243 298 1288 parum
320 1238 383 1273 est
405 1228 527 1289 quod
556 1244 646 1274 non
667 1244 712 1273 se
738 1229 916 1288 corrigit
949 1228 1004 1273 ad
1027 1232 1189 1286 Deum3
1215 1237 1259 1273 et
1281 1232 1422 1273 Deum
1445 1229 1540 1274 vult

143 1299 415 1360 distorquere
449 1298 505 1343 ad
525 1314 584 1343 se.
611 1298 726 1352 Quid
747 1314 849 1358 ergo
878 1299 984 1344 dicit
1006 1303 1120 1344 Deus
1143 1299 1355 1360 desuper?
1378 1302 1534 1344 Tortus

143 1385 209 1425 es,
245 1384 396 1430 aequus
427 1384 540 1413 sum.
581 1369 624 1414 Si
651 1378 700 1414 tu
728 1378 871 1414 rectus
904 1385 1030 1426 esses,
1073 1371 1252 1415 sentires
1285 1371 1537 1431 aequitatem

145 1455 304 1484 meam.
331 1438 712 1494 Quemadmodum
740 1440 773 1484 si
807 1441 853 1484 in
885 1441 1135 1500 pavimento
1168 1439 1327 1501 aequali
1361 1455 1543 1500 poneres

143 1511 377 1556 distortum
409 1511 602 1570 lignum,
636 1527 728 1556 non
756 1511 1073 1568 collocaretur,
1108 1511 1304 1572 undique
1334 1521 1538 1567 nutaret,

143 1581 340 1642 undique
368 1582 629 1641 agitaretur3
653 1581 778 1642 quod
803 1598 894 1627 non
916 1582 1001 1627 loci
1031 1582 1326 1643 inaequalitas,
1351 1582 1427 1628 sed
1449 1583 1540 1627 dis-

71 1690 81 1693 .⁷
144 1653 274 1698 tortio
305 1652 414 1712 ligni
449 1652 554 1697 facit
592 1672 601 1697 z
642 1653 754 1697 sicut
785 1654 844 1697 ait
876 1653 1126 1713 Scriptura,
1167 1673 1189 1696 «
1220 1656 1361 1707 Quam
1396 1653 1538 1697 bonus

146 1742 166 1765 »
202 1723 335 1768 Israe'l
370 1727 484 1768 Deus
508 1723 634 1768 rectis
670 1723 802 1768 corde
839 1727 872 1767 2.
901 1741 921 1765 »
948 1724 1066 1777 Quid
1098 1740 1227 1783 ergo,
1263 1733 1430 1768 tortum
1462 1739 1537 1768 cor

143 1795 367 1857 quomodo
398 1795 626 1854 dirigitur,
652 1798 708 1840 Et
729 1804 895 1840 tortum
918 1804 1004 1851 est,
1030 1804 1074 1840 et
1095 1794 1259 1839 durum
1290 1814 1300 1840 ε
1319 1796 1413 1856 jam
1436 1810 1540 1854 ergo

143 1875 309 1911 tortum
331 1875 375 1910 et
396 1866 557 1910 durum
580 1865 823 1925 frangatur,
849 1876 1117 1922 conteratur,
1142 1875 1193 1911 ut
1218 1866 1446 1925 dirigatur.
1475 1869 1540 1910 Tu

142 1937 329 1996 dirigere
346 1952 420 1982 cor
435 1946 561 1981 tuum
581 1953 670 1981 non
693 1946 816 1996 potes
843 1956 851 1982 ι
872 1946 921 1982 tu
936 1937 1106 1997 frange,
1131 1937 1205 1981 ille
1225 1937 1397 1996 dirigat.
1420 1939 1541 1991 Quo—

142 2008 275 2053 modo
297 2018 346 2052 tu
367 2006 556 2066 frangis?
576 2007 800 2068 quomodo
831 2017 878 2052 tu
900 2008 1115 2052 conteris?
1137 2007 1424 2066 Confitendo,
1451 2023 1537 2067 pu-

143 2079 305 2122 niendo
333 2086 509 2138 peccata
537 2087 628 2121 tua.
655 2077 772 2131 Quid
794 2077 914 2121 aliud
939 2078 1151 2136 significat
1173 2087 1400 2137 pectorum
1432 2086 1539 2122 tun-

143 2152 230 2194 sio?
252 2149 342 2195 Nisi
364 2148 476 2193 forte
498 2158 702 2208 putamus
729 2164 823 2193 ossa
840 2157 986 2193 nostra
1009 2148 1175 2209 aliquid
1192 2164 1391 2208 peccasse
1405 2184 1416 2204 ,
1437 2164 1538 2193 cum

143 2221 352 2266 caedimus
369 2229 538 2279 pectus.
563 2219 648 2264 Sed
669 2220 960 2279 significamus
982 2235 1060 2265 nos
1083 2236 1159 2265 cor
1180 2229 1427 2276 conterere,
1448 2229 1499 2264 ut
1516 2236 1540 2264 a

144 2293 330 2338 Domino
348 2292 575 2351 dirigatur.

203 2366 325 2407 VIII.
365 2382 386 2405 «
414 2365 546 2407 Sanat
567 2376 670 2421 ergo
689 2362 898 2407 contritos
920 2361 1073 2417 corde,
1098 2379 1119 2403 »
1140 2370 1184 2406 et
1205 2362 1443 2406 contritum
1465 2377 1539 2407 cor

144 2433 355 2478 hahentes
376 2453 384 2478 ;
409 2436 466 2477 Et
488 2433 645 2477 sanitas
666 2432 799 2492 ipsius
814 2433 956 2478 cordis
977 2442 1084 2477 tunc
1106 2433 1189 2477 erit
1210 2431 1417 2492 perfecta,
1438 2448 1539 2477 cum

145 2514 189 2549 et
209 2505 402 2564 corporis
420 2503 638 2563 reparatio
659 2502 931 2563 implebitur,
959 2519 1060 2564 quae
1079 2504 1285 2563 promissa
1310 2512 1388 2548 est.
1415 2505 1542 2549 Nunc

194 2597 202 2613 ¹
225 2592 314 2623 Oseae
328 2600 394 2632 xiv,
422 2600 472 2622 10.
495 2605 536 2612 —-·
561 2596 574 2612 ²
596 2588 679 2621 Psal.
698 2599 795 2631 mxxii,
813 2600 842 2621 1.
