1815 3253
372 237 454 276 298
808 245 844 276 s.
877 245 1108 282 Amissum
1138 249 1320 280 nmscom

371 327 500 372 super
520 311 566 361 id
586 313 708 373 quod
736 313 844 358 mihi
865 323 1046 372 possunt
1071 313 1212 358 facere
1242 314 1420 371 inimici,
1444 323 1494 360 tu
1520 316 1747 367 extendisti

369 397 548 429 manum
565 390 700 427 tuam.
721 385 818 428 Non
835 383 950 427 enim
964 383 1125 430 inimici
1142 393 1321 443 possunt
1337 400 1407 428 me
1423 400 1619 445 separare
1633 402 1657 430 a
1670 395 1714 433 te
1733 406 1743 434 z

368 461 419 497 tu
443 461 588 500 autem
604 452 788 512 amplius
809 453 1023 508 vindicaS‚
1048 454 1150 514 quia
1170 453 1313 499 adhuc
1335 455 1483 499 differs
1500 471 1569 500 me
1589 475 1598 501 :
1625 475 1646 499 «
1672 459 1749 502 Su.-

370 541 391 567 »
426 539 503 583 per
523 524 629 568 iram
653 524 928 569 inimicorum
947 539 1144 573 meorum
1165 525 1392 570 extendisti
1413 542 1590 571 manum
1607 535 1745 574 tuam.

369 595 525 645 Saeviat
548 603 762 654 quantum
783 603 926 653 potest
946 594 1170 649 inimicus,
1195 610 1283 644 non
1306 611 1375 640 me
1404 606 1572 656 separat
1594 612 1618 641 a
1640 600 1744 646 Deo,

368 668 431 709 Tu
451 674 597 709 autem
612 699 624 719 ,
650 664 854 719 Domine,
877 664 1020 709 adhuc
1040 679 1110 708 me
1130 680 1220 715 non
1240 666 1415 724 recipis,
1450 666 1593 711 adhuc
1613 682 1683 711 me
1703 667 1749 711 in

365 735 711 794 peregrinatione
745 734 932 779 conteris
947 769 958 790 ‚
983 733 1126 779 adhuc
1155 735 1363 792 gaudium
1384 735 1749 797 dulcedinemque

365 815 485 855 tuam
503 821 594 850 non
614 806 782 865 praebes
808 826 817 850 :
842 807 1039 855 nondum
1060 807 1280 857 inebriasti
1302 807 1356 850 ab
1375 808 1573 852 ubertate
1595 806 1749 852 domus

364 885 469 931 tuae,
494 885 536 922 et
558 885 751 922 torrente
771 876 1007 936 voluptatis
1035 885 1123 926 tuae
1151 876 1348 927 nondum
1370 877 1543 936 potasti.
1572 896 1593 925 (ς
1616 877 1749 936 Apud

368 963 389 987 »
423 955 466 990 te
487 946 604 994 enim
627 955 691 990 est
715 944 812 995 sons
833 946 931 990 vitae
947 980 958 1000 ,
983 955 1027 990 et
1047 946 1092 989 in
1113 946 1278 995 lumine
1299 955 1376 991 tuo
1403 946 1646 990 videbimus
1678 945 1749 994 lu-,

367 1033 388 1057 »
423 1030 524 1064 men
548 1017 578 1065 ²,
609 1033 629 1056 »
657 1015 742 1060 Sed
762 1031 862 1060 ecce
883 1014 984 1060 dedi
1007 1016 1215 1075 primitias
1243 1016 1434 1075 spiritus,
1454 1024 1496 1060 et
1518 1014 1682 1059 credidi
1703 1016 1748 1064 in

365 1095 430 1141 te,
462 1095 506 1132 et
541 1086 680 1136 servio
714 1095 859 1133 mente
885 1086 971 1145 legi
993 1087 1069 1136 Dei
1102 1090 1119 1113 ²
1151 1106 1159 1131 :
1192 1096 1336 1136 tamen
1368 1087 1413 1130 in
1435 1086 1748 1145 nobismetipsis

365 1155 509 1200 adhuc
543 1157 883 1214 ingemiscimus,
913 1156 1190 1215 adoptionem
1217 1165 1512 1216 expectantes,
1544 1155 1748 1215 redemp÷

364 1226 525 1275 >tionem
554 1227 745 1286 corporis
774 1227 910 1270 nostri
938 1228 969 1270 ³.
1004 1229 1128 1277 Hanc
1155 1227 1287 1273 vitam
1315 1226 1439 1270 nobis
1467 1226 1748 1285 peccantibus

365 1294 486 1346 dedit
509 1298 643 1349 Deus,
669 1297 747 1339 ubi
768 1297 896 1340 etiam
918 1311 1091 1345 necesse
1113 1305 1177 1340 est
1193 1304 1244 1339 ut
1265 1304 1515 1347 conteratur
1536 1295 1675 1346 Adam
1702 1296 1749 1347 in

365 1365 523 1409 sudore
544 1375 587 1410 et
604 1366 755 1410 labore
771 1366 918 1412 vultus
941 1365 1034 1421 sui,
1063 1380 1163 1417 curn
1185 1374 1297 1413 terra
1320 1366 1360 1411 ei
1383 1365 1565 1410 tribulos
1588 1373 1644 1409 et·
1658 1366 1747 1425 spi-

364 1451 440 1479 nas
473 1435 584 1495 parit
613 1436 645 1487 4,
680 1435 904 1496 Numquid
937 1435 1091 1495 aliquis
1121 1435 1322 1479 inimicus
1343 1434 1441 1494 plus
1476 1435 1618 1494 potuit
1643 1450 1748 1493 pro-,-
1773 1443 1775 1446 '

363 1509 545 1557 curare?
586 1526 606 1553 ι(
650 1509 786 1567 Super
823 1508 930 1551 iram
967 1507 1241 1558 inimicorum
1281 1521 1478 1554 meorum
1520 1506 1748 1556 extendisti

367 1594 388 1618 ι)
422 1592 602 1624 manum
633 1586 754 1621 tuam
787 1595 797 1621 ε
841 1597 857 1617 »
893 1577 968 1620 sed
1002 1586 1150 1621 tamen
1177 1592 1266 1626 non
1299 1575 1354 1625 ad
1385 1575 1744 1635 desperationem.

366 1646 572 1706 Sequitur
593 1647 724 1701 enim,
754 1665 774 1688 «
799 1649 855 1691 Et
871 1645 1038 1691 salvum
1056 1661 1126 1690 me
1144 1637 1244 1690 fecit
1261 1645 1437 1697 dextera
1459 1655 1549 1689 tua.
1578 1664 1599 1686 »

424 1717 544 1759 XIV.
570 1719 716 1760 Potest
742 1724 785 1758 et
806 1716 865 1759 sic
890 1714 1100 1774 intelligi,
1130 1733 1150 1757 «
1184 1717 1321 1774 Super
1342 1715 1450 1759 iram
1469 1714 1747 1765 inimicorum

366 1804 387 1827 η
417 1802 615 1831 meorum
637 1786 866 1831 extendisti
887 1792 1065 1830 manum
1087 1795 1209 1830 tuam
1240 1805 1249 1830 2
1287 1804 1307 1826 »
1339 1786 1634 1838 irascebantur
1661 1786 1747 1835 ini--=

364 1856 491 1911 mici,
530 1856 757 1906 vindicasti
792 1872 861 1900 me
894 1855 949 1900 de
978 1856 1175 1900 inimicis.
1215 1875 1234 1898 «
1271 1859 1476 1906 Peccator
1501 1856 1668 1907 videbit
1703 1865 1746 1905 et

365 1944 386 1968 »
421 1927 643 1984 irascetur,
662 1927 867 1979 dentibus
881 1928 967 1970 suis
984 1925 1157 1970 frendet
1176 1936 1214 1970 et
1231 1927 1422 1977 tabescet
1441 1929 1472 1970 ⁵.
1501 1944 1520 1968 n
1542 1926 1626 1976 Ubi
1644 1935 1746 1976 sunt

362 1997 438 2056 qui
474 1997 702 2052 dicebant,
744 2001 896 2042 Pereat
931 2012 1092 2041 nomen
1128 1996 1475 2043 Christianorum
1510 1996 1565 2040 de
1601 1997 1745 2043 terra?

361 2068 490 2116 Certe
514 2077 588 2120 aut
608 2068 856 2120 moriuntur
871 2102 882 2122 ‚
907 2076 983 2111 aut
1007 2075 1338 2116 convertuntur,
1375 2069 1513 2124 Ergo,
1549 2085 1566 2105 «
1607 2067 1746 2125 Super

1795 2095 1815 2135 l²>

366 2156 386 2179 »
420 2138 527 2186 iram
571 2139 847 2188 inimicorum
880 2136 1107 2182 extendisti
1144 2152 1324 2188 manum
1362 2146 1506 2190 tuam,
1547 2135 1744 2195 quandiu
1797 2152 1815 2195 j„

361 2208 578 2252 diceretur
594 2209 714 2269 quod
737 2209 944 2268 scriptum
966 2217 1051 2261 est,
1074 2227 1095 2250 «
1117 2208 1286 2252 Inimici
1303 2208 1387 2251 mei
1409 2208 1614 2252 dixerunt
1631 2206 1744 2251 mala
1785 2224 1812 2266 w]

363 2296 383 2319 »
419 2278 525 2327 mihi
557 2297 566 2323 ;
601 2278 787 2331 Quando
822 2278 1031 2322 morietur
1062 2287 1105 2322 et
1140 2278 1298 2337 peribit
1332 2293 1492 2341 nomen
1522 2278 1612 2337 ejus
1642 2278 1682 2334 ⁶3
1723 2297 1740 2318 »
1788 2296 1815 2337 ΜΞ

358 2346 536 2408 quando
567 2347 785 2394 delebitur
815 2363 974 2401 nomen
997 2348 1342 2397 Christianorum
1375 2347 1429 2391 de
1459 2349 1597 2399 terra?
1629 2349 1741 2392 Cum
1788 2362 1815 2406 ιχ

344 2416 513 2462 dicunt
535 2418 635 2473 ista,
659 2419 816 2477 partim
838 2417 1141 2473 crediderunt,
1166 2419 1320 2478 partim
1345 2418 1591 2477 perierunt,
1616 2416 1743 2476 pauci
1789 2431 1815 2477 im

411 2519 419 2535 ¹
442 2513 520 2546 Psal.
537 2523 623 2547 xxxv
639 2537 648 2554 ,
668 2524 711 2556 9,
729 2523 780 2548 ιο.
799 2530 842 2536 -
858 2520 870 2535 ²
886 2515 976 2545 Rom.
996 2524 1040 2546 vu
1054 2538 1063 2554 ‚
1084 2513 1139 2545 25.
1159 2530 1200 2536 —
1220 2511 1234 2542 ἓ
1254 2514 1300 2545 Id.
1320 2524 1373 2545 vui
1390 2538 1398 2552 ,
1413 2511 1468 2545 23.
1494 2529 1536 2541 .·-.-
1550 2510 1567 2542 ⁴
1584 2514 1664 2546 Gen.
1685 2523 1716 2544 in
1731 2537 1740 2552 ,
1801 2531 1815 2561 ‘3¹

368 2568 419 2610 18,
443 2580 492 2611 19-
514 2586 555 2592 —-
576 2568 591 2592 ⁵
606 2570 685 2601 Psal.
705 2580 771 2612 cxl,
789 2580 837 2602 10.
857 2586 899 2591 —
916 2567 931 2591 6
949 2569 995 2602 ld.
1015 2580 1068 2615 xt,
1082 2569 1115 2602 6.
1752 2596 1755 2635 Ι
1794 2559 1815 2616 2„
