<?xml version="1.0" encoding="UTF-8"?>
<!DOCTYPE html PUBLIC "-//W3C//DTD XHTML 1.0 Transitional//EN"
    "http://www.w3.org/TR/xhtml1/DTD/xhtml1-transitional.dtd">
<html xmlns="http://www.w3.org/1999/xhtml" xml:lang="en" lang="en">
 <head>
  <title>
</title>
<meta http-equiv="Content-Type" content="text/html;charset=utf-8" />
  <meta name='ocr-system' content='tesseract 3.04.00' />
  <meta name='ocr-capabilities' content='ocr_page ocr_carea ocr_par ocr_line ocrx_word'/>
</head>
<body>
  <div class='ocr_page' id='page_1' title='image "./operaomniaaccura12auguuoft_0403.png"; bbox 0 0 1815 3253; ppageno 0'>
   <div class='ocr_carea' id='block_1_1' title="bbox 7 395 67 2590">
    <p class='ocr_par' dir='ltr' id='par_1_1' title="bbox 7 395 67 2590">
     <span class='ocr_line' id='line_1_1' title="bbox 7 395 24 679; baseline 0 -145"><span class='ocrx_word' id='word_1_1' title='bbox 7 395 24 679; x_wconf 95' lang='lat' dir='ltr'>    </span> 
     </span>
     <span class='ocr_line' id='line_1_2' title="bbox 8 679 24 890; baseline 0 -69"><span class='ocrx_word' id='word_1_2' title='bbox 8 679 24 890; x_wconf 95' lang='lat' dir='ltr'>   </span> 
     </span>
     <span class='ocr_line' id='line_1_3' title="bbox 9 890 25 962; baseline 0 2291"><span class='ocrx_word' id='word_1_3' title='bbox 9 890 25 962; x_wconf 95' lang='lat' dir='ltr'> </span> 
     </span>
     <span class='ocr_line' id='line_1_4' title="bbox 10 962 25 1034; baseline 0 2219"><span class='ocrx_word' id='word_1_4' title='bbox 10 962 25 1034; x_wconf 95' lang='lat' dir='ltr'> </span> 
     </span>
     <span class='ocr_line' id='line_1_5' title="bbox 10 1034 25 1104; baseline 0 2149"><span class='ocrx_word' id='word_1_5' title='bbox 10 1034 25 1104; x_wconf 95' lang='lat' dir='ltr'> </span> 
     </span>
     <span class='ocr_line' id='line_1_6' title="bbox 10 1104 26 1175; baseline 0 2078"><span class='ocrx_word' id='word_1_6' title='bbox 10 1104 26 1175; x_wconf 95' lang='lat' dir='ltr'> </span> 
     </span>
     <span class='ocr_line' id='line_1_7' title="bbox 10 1175 26 1246; baseline 0 2007"><span class='ocrx_word' id='word_1_7' title='bbox 10 1175 26 1246; x_wconf 95' lang='lat' dir='ltr'> </span> 
     </span>
     <span class='ocr_line' id='line_1_8' title="bbox 10 1246 26 1318; baseline 0 1935"><span class='ocrx_word' id='word_1_8' title='bbox 10 1246 26 1318; x_wconf 95' lang='lat' dir='ltr'> </span> 
     </span>
     <span class='ocr_line' id='line_1_9' title="bbox 11 1318 26 1389; baseline 0 1864"><span class='ocrx_word' id='word_1_9' title='bbox 11 1318 26 1389; x_wconf 95' lang='lat' dir='ltr'> </span> 
     </span>
     <span class='ocr_line' id='line_1_10' title="bbox 11 1389 27 1459; baseline 0 1794"><span class='ocrx_word' id='word_1_10' title='bbox 11 1389 27 1459; x_wconf 95' lang='lat' dir='ltr'> </span> 
     </span>
     <span class='ocr_line' id='line_1_11' title="bbox 11 1459 29 1528; baseline 0 1725"><span class='ocrx_word' id='word_1_11' title='bbox 11 1459 29 1528; x_wconf 95' lang='lat' dir='ltr'> </span> 
     </span>
     <span class='ocr_line' id='line_1_12' title="bbox 11 1528 29 1601; baseline 0 1652"><span class='ocrx_word' id='word_1_12' title='bbox 11 1528 29 1601; x_wconf 95' lang='lat' dir='ltr'> </span> 
     </span>
     <span class='ocr_line' id='line_1_13' title="bbox 12 1601 29 1814; baseline 0 -71"><span class='ocrx_word' id='word_1_13' title='bbox 12 1601 29 1814; x_wconf 95' lang='lat' dir='ltr'>    </span> 
     </span>
     <span class='ocr_line' id='line_1_14' title="bbox 17 1814 25 1954; baseline 0 0"><span class='ocrx_word' id='word_1_14' title='bbox 17 1814 25 1954; x_wconf 95' lang='lat' dir='ltr'>  </span> 
     </span>
     <span class='ocr_line' id='line_1_15' title="bbox 18 1954 25 2024; baseline 0 1229"><span class='ocrx_word' id='word_1_15' title='bbox 18 1954 25 2024; x_wconf 95' lang='lat' dir='ltr'> </span> 
     </span>
     <span class='ocr_line' id='line_1_16' title="bbox 18 2024 25 2097; baseline 0 1156"><span class='ocrx_word' id='word_1_16' title='bbox 18 2024 25 2097; x_wconf 95' lang='lat' dir='ltr'> </span> 
     </span>
     <span class='ocr_line' id='line_1_17' title="bbox 19 2097 25 2164; baseline 0 1089"><span class='ocrx_word' id='word_1_17' title='bbox 19 2097 25 2164; x_wconf 95' lang='lat' dir='ltr'> </span> 
     </span>
     <span class='ocr_line' id='line_1_18' title="bbox 19 2164 26 2237; baseline 0 1016"><span class='ocrx_word' id='word_1_18' title='bbox 19 2164 26 2237; x_wconf 95' lang='lat' dir='ltr'> </span> 
     </span>
     <span class='ocr_line' id='line_1_19' title="bbox 19 2237 26 2305; baseline 0 948"><span class='ocrx_word' id='word_1_19' title='bbox 19 2237 26 2305; x_wconf 95' lang='lat' dir='ltr'> </span> 
     </span>
     <span class='ocr_line' id='line_1_20' title="bbox 16 2305 67 2590; baseline 0 0"><span class='ocrx_word' id='word_1_20' title='bbox 16 2305 67 2590; x_wconf 95' lang='lat' dir='ltr'>    </span> 
     </span>
    </p>
   </div>
   <div class='ocr_carea' id='block_1_2' title="bbox 386 227 1431 268">
    <p class='ocr_par' dir='ltr' id='par_1_2' title="bbox 386 227 1431 268">
     <span class='ocr_line' id='line_1_21' title="bbox 386 227 1431 268; baseline -0.001 -1"><span class='ocrx_word' id='word_1_21' title='bbox 386 237 628 267; x_wconf 74' lang='lat' dir='ltr'><strong>ENARRATIO</strong></span> <span class='ocrx_word' id='word_1_22' title='bbox 661 239 713 267; x_wconf 73' lang='lat' dir='ltr'>m</span> <span class='ocrx_word' id='word_1_23' title='bbox 740 237 944 268; x_wconf 76' lang='lat' dir='ltr'>PsALMUM</span> <span class='ocrx_word' id='word_1_24' title='bbox 975 240 1090 267; x_wconf 73' lang='lat' dir='ltr'>exn.</span> <span class='ocrx_word' id='word_1_25' title='bbox 1347 227 1431 266; x_wconf 87' lang='grc'>393</span> 
     </span>
    </p>
   </div>
   <div class='ocr_carea' id='block_1_3' title="bbox 0 302 1435 2559">
    <p class='ocr_par' dir='ltr' id='par_1_3' title="bbox 39 302 1434 505">
     <span class='ocr_line' id='line_1_22' title="bbox 41 302 1434 364; baseline -0.001 -15"><span class='ocrx_word' id='word_1_26' title='bbox 41 303 199 349; x_wconf 85' lang='lat' dir='ltr'>insidet</span> <span class='ocrx_word' id='word_1_27' title='bbox 220 304 460 360; x_wconf 86' lang='lat' dir='ltr'>Dominus,</span> <span class='ocrx_word' id='word_1_28' title='bbox 483 313 527 348; x_wconf 88' lang='lat' dir='ltr'>et</span> <span class='ocrx_word' id='word_1_29' title='bbox 546 303 680 348; x_wconf 85' lang='lat' dir='ltr'>ducet</span> <span class='ocrx_word' id='word_1_30' title='bbox 700 312 743 348; x_wconf 91' lang='lat' dir='ltr'>te</span> <span class='ocrx_word' id='word_1_31' title='bbox 766 319 844 364; x_wconf 83' lang='lat' dir='ltr'>per</span> <span class='ocrx_word' id='word_1_32' title='bbox 865 304 954 348; x_wconf 84' lang='lat' dir='ltr'>vias</span> <span class='ocrx_word' id='word_1_33' title='bbox 972 304 1110 347; x_wconf 84' lang='lat' dir='ltr'>suas¹.</span> <span class='ocrx_word' id='word_1_34' title='bbox 1136 302 1302 361; x_wconf 87' lang='lat' dir='ltr'>Diriget</span> <span class='ocrx_word' id='word_1_35' title='bbox 1318 302 1434 347; x_wconf 87' lang='lat' dir='ltr'>enim</span> 
     </span>
     <span class='ocr_line' id='line_1_23' title="bbox 39 374 1432 435; baseline 0 -16"><span class='ocrx_word' id='word_1_36' title='bbox 39 376 162 419; x_wconf 87' lang='lat' dir='ltr'>mites</span> <span class='ocrx_word' id='word_1_37' title='bbox 180 375 225 419; x_wconf 90' lang='lat' dir='ltr'>in</span> <span class='ocrx_word' id='word_1_38' title='bbox 242 375 408 435; x_wconf 88' lang='lat' dir='ltr'>judicio</span> <span class='ocrx_word' id='word_1_39' title='bbox 423 411 434 430; x_wconf 87' lang='lat'>,</span> <span class='ocrx_word' id='word_1_40' title='bbox 456 374 632 420; x_wconf 83' lang='lat' dir='ltr'>docebit</span> <span class='ocrx_word' id='word_1_41' title='bbox 660 385 908 420; x_wconf 85' lang='lat' dir='ltr'>mansuetos</span> <span class='ocrx_word' id='word_1_42' title='bbox 938 374 1028 419; x_wconf 89' lang='lat' dir='ltr'>vias</span> <span class='ocrx_word' id='word_1_43' title='bbox 1050 389 1163 418; x_wconf 88' lang='lat' dir='ltr'>suas.</span> <span class='ocrx_word' id='word_1_44' title='bbox 1193 392 1214 415; x_wconf 89' lang='lat'>»</span> <span class='ocrx_word' id='word_1_45' title='bbox 1244 377 1309 418; x_wconf 87' lang='lat' dir='ltr'>Tu</span> <span class='ocrx_word' id='word_1_46' title='bbox 1330 390 1432 433; x_wconf 81' lang='lat' dir='ltr'>ergo</span> 
     </span>
     <span class='ocr_line' id='line_1_24' title="bbox 41 446 728 505; baseline 0 -18"><span class='ocrx_word' id='word_1_47' title='bbox 41 463 62 488; x_wconf 73' lang='grc' dir='ltr'><strong>υ</strong></span> <span class='ocrx_word' id='word_1_48' title='bbox 97 446 338 505; x_wconf 81' lang='lat' dir='ltr'>cognovisti</span> <span class='ocrx_word' id='word_1_49' title='bbox 354 446 526 490; x_wconf 83' lang='lat' dir='ltr'>semitas</span> <span class='ocrx_word' id='word_1_50' title='bbox 548 462 678 491; x_wconf 90' lang='lat' dir='ltr'>meas.</span> <span class='ocrx_word' id='word_1_51' title='bbox 708 465 728 488; x_wconf 90' lang='lat'>»</span> 
     </span>
    </p>

    <p class='ocr_par' dir='ltr' id='par_1_4' title="bbox 0 513 1435 2559">
     <span class='ocr_line' id='line_1_25' title="bbox 97 513 1433 577; baseline -0.001 -17"><span class='ocrx_word' id='word_1_52' title='bbox 97 518 175 560; x_wconf 85' lang='lat' dir='ltr'>lx.</span> <span class='ocrx_word' id='word_1_53' title='bbox 200 536 220 558; x_wconf 86' lang='lat'>«</span> <span class='ocrx_word' id='word_1_54' title='bbox 248 519 298 560; x_wconf 91' lang='lat' dir='ltr'>In</span> <span class='ocrx_word' id='word_1_55' title='bbox 314 516 382 561; x_wconf 88' lang='lat' dir='ltr'>via</span> <span class='ocrx_word' id='word_1_56' title='bbox 406 517 486 561; x_wconf 84' lang='lat' dir='ltr'>hac</span> <span class='ocrx_word' id='word_1_57' title='bbox 503 552 514 572; x_wconf 91' lang='lat'>,</span> <span class='ocrx_word' id='word_1_58' title='bbox 547 533 634 577; x_wconf 86' lang='lat' dir='ltr'>qua</span> <span class='ocrx_word' id='word_1_59' title='bbox 651 516 949 575; x_wconf 81' lang='lat' dir='ltr'>ingrediebar,</span> <span class='ocrx_word' id='word_1_60' title='bbox 984 513 1433 559; x_wconf 87' lang='lat' dir='ltr'>absconderuntmihi</span> 
     </span>
     <span class='ocr_line' id='line_1_26' title="bbox 0 585 1429 648; baseline 0 -18"><span class='ocrx_word' id='word_1_61' title='bbox 0 598 6 614; x_wconf 76' lang='lat'>⁵</span> <span class='ocrx_word' id='word_1_62' title='bbox 36 585 340 646; x_wconf 84' lang='lat' dir='ltr'>muscipulam.</span> <span class='ocrx_word' id='word_1_63' title='bbox 368 605 388 628; x_wconf 90' lang='lat'>»</span> <span class='ocrx_word' id='word_1_64' title='bbox 414 586 494 631; x_wconf 87' lang='lat' dir='ltr'>Via</span> <span class='ocrx_word' id='word_1_65' title='bbox 517 588 610 632; x_wconf 77' lang='lat' dir='ltr'>haec</span> <span class='ocrx_word' id='word_1_66' title='bbox 630 603 716 648; x_wconf 87' lang='lat' dir='ltr'>qua</span> <span class='ocrx_word' id='word_1_67' title='bbox 748 585 1090 646; x_wconf 80' lang='lat' dir='ltr'>ingrediebatur,</span> <span class='ocrx_word' id='word_1_68' title='bbox 1116 585 1315 630; x_wconf 89' lang='lat' dir='ltr'>Christus</span> <span class='ocrx_word' id='word_1_69' title='bbox 1333 595 1396 629; x_wconf 87' lang='lat' dir='ltr'>est</span> <span class='ocrx_word' id='word_1_70' title='bbox 1421 605 1429 630; x_wconf 77' lang='grc' dir='ltr'>ε</span> 
     </span>
     <span class='ocr_line' id='line_1_27' title="bbox 36 656 1434 718; baseline -0.002 -15"><span class='ocrx_word' id='word_1_71' title='bbox 36 657 96 703; x_wconf 92' lang='lat' dir='ltr'>ibi</span> <span class='ocrx_word' id='word_1_72' title='bbox 118 656 180 701; x_wconf 87' lang='lat' dir='ltr'>illi</span> <span class='ocrx_word' id='word_1_73' title='bbox 215 656 541 703; x_wconf 83' lang='lat' dir='ltr'>absconderunt</span> <span class='ocrx_word' id='word_1_74' title='bbox 576 658 863 718; x_wconf 82' lang='lat' dir='ltr'>muscipulam</span> <span class='ocrx_word' id='word_1_75' title='bbox 877 693 888 712; x_wconf 91' lang='lat'>,</span> <span class='ocrx_word' id='word_1_76' title='bbox 921 658 997 718; x_wconf 87' lang='lat' dir='ltr'>qui</span> <span class='ocrx_word' id='word_1_77' title='bbox 1035 666 1360 718; x_wconf 86' lang='lat' dir='ltr'>persequuntur</span> <span class='ocrx_word' id='word_1_78' title='bbox 1389 658 1434 701; x_wconf 88' lang='lat' dir='ltr'>in</span> 
     </span>
     <span class='ocr_line' id='line_1_28' title="bbox 36 728 1435 790; baseline -0.001 -16"><span class='ocrx_word' id='word_1_79' title='bbox 36 729 225 784; x_wconf 90' lang='lat' dir='ltr'>Christo,</span> <span class='ocrx_word' id='word_1_80' title='bbox 248 739 426 790; x_wconf 87' lang='lat' dir='ltr'>propter</span> <span class='ocrx_word' id='word_1_81' title='bbox 448 746 610 775; x_wconf 87' lang='lat' dir='ltr'>nomen</span> <span class='ocrx_word' id='word_1_82' title='bbox 632 730 808 775; x_wconf 85' lang='lat' dir='ltr'>Christi.</span> <span class='ocrx_word' id='word_1_83' title='bbox 836 730 903 773; x_wconf 91' lang='lat' dir='ltr'>Ibi</span> <span class='ocrx_word' id='word_1_84' title='bbox 926 744 1028 787; x_wconf 81' lang='lat' dir='ltr'>ergo</span> <span class='ocrx_word' id='word_1_85' title='bbox 1055 749 1074 771; x_wconf 88' lang='lat'>«</span> <span class='ocrx_word' id='word_1_86' title='bbox 1093 728 1435 774; x_wconf 78' lang='lat' dir='ltr'>Absconderunt</span> 
     </span>
     <span class='ocr_line' id='line_1_29' title="bbox 37 799 1435 860; baseline 0.001 -19"><span class='ocrx_word' id='word_1_87' title='bbox 37 816 58 841; x_wconf 83' lang='lat'>»</span> <span class='ocrx_word' id='word_1_88' title='bbox 92 800 383 859; x_wconf 82' lang='lat' dir='ltr'>muscipulam</span> <span class='ocrx_word' id='word_1_89' title='bbox 394 801 516 845; x_wconf 89' lang='lat' dir='ltr'>mihi.</span> <span class='ocrx_word' id='word_1_90' title='bbox 533 800 678 854; x_wconf 86' lang='lat' dir='ltr'>»Quid</span> <span class='ocrx_word' id='word_1_91' title='bbox 689 800 734 844; x_wconf 90' lang='lat' dir='ltr'>in</span> <span class='ocrx_word' id='word_1_92' title='bbox 750 815 819 844; x_wconf 90' lang='lat' dir='ltr'>me</span> <span class='ocrx_word' id='word_1_93' title='bbox 833 800 975 844; x_wconf 85' lang='lat' dir='ltr'>zelant</span> <span class='ocrx_word' id='word_1_94' title='bbox 991 802 1008 841; x_wconf 63' lang='grc' dir='ltr'>ἶ)</span> <span class='ocrx_word' id='word_1_95' title='bbox 1023 799 1131 860; x_wconf 89' lang='lat' dir='ltr'>quid</span> <span class='ocrx_word' id='word_1_96' title='bbox 1146 800 1191 842; x_wconf 93' lang='lat' dir='ltr'>in</span> <span class='ocrx_word' id='word_1_97' title='bbox 1205 815 1275 843; x_wconf 90' lang='lat' dir='ltr'>me</span> <span class='ocrx_word' id='word_1_98' title='bbox 1291 814 1435 858; x_wconf 87' lang='lat' dir='ltr'>perse-</span> 
     </span>
     <span class='ocr_line' id='line_1_30' title="bbox 34 872 1428 932; baseline 0.001 -18"><span class='ocrx_word' id='word_1_99' title='bbox 34 872 397 932; x_wconf 86' lang='lat' dir='ltr'>quuntur‘?Quod</span> <span class='ocrx_word' id='word_1_100' title='bbox 410 873 680 917; x_wconf 72' lang='lat' dir='ltr'>Christianus</span> <span class='ocrx_word' id='word_1_101' title='bbox 692 888 804 917; x_wconf 86' lang='lat' dir='ltr'>sum.</span> <span class='ocrx_word' id='word_1_102' title='bbox 820 872 863 917; x_wconf 90' lang='lat' dir='ltr'>Si</span> <span class='ocrx_word' id='word_1_103' title='bbox 877 873 1073 931; x_wconf 84' lang='lat' dir='ltr'>ergohoc</span> <span class='ocrx_word' id='word_1_104' title='bbox 1085 881 1428 931; x_wconf 87' lang='lat' dir='ltr'>persequuntur,</span> 
     </span>
     <span class='ocr_line' id='line_1_31' title="bbox 34 941 1435 1003; baseline 0.001 -19"><span class='ocrx_word' id='word_1_105' title='bbox 34 941 154 1002; x_wconf 90' lang='lat' dir='ltr'>quod</span> <span class='ocrx_word' id='word_1_106' title='bbox 171 941 443 986; x_wconf 86' lang='lat' dir='ltr'>Christianus</span> <span class='ocrx_word' id='word_1_107' title='bbox 460 958 554 986; x_wconf 90' lang='lat' dir='ltr'>sum</span> <span class='ocrx_word' id='word_1_108' title='bbox 574 978 586 998; x_wconf 87' lang='lat'>‚</span> <span class='ocrx_word' id='word_1_109' title='bbox 617 962 636 985; x_wconf 87' lang='lat'>«</span> <span class='ocrx_word' id='word_1_110' title='bbox 654 946 704 987; x_wconf 90' lang='lat' dir='ltr'>In</span> <span class='ocrx_word' id='word_1_111' title='bbox 728 943 819 998; x_wconf 85' lang='lat' dir='ltr'>via,</span> <span class='ocrx_word' id='word_1_112' title='bbox 843 958 929 1003; x_wconf 89' lang='lat' dir='ltr'>qua</span> <span class='ocrx_word' id='word_1_113' title='bbox 952 941 1228 1002; x_wconf 81' lang='lat' dir='ltr'>ingrediebar</span> <span class='ocrx_word' id='word_1_114' title='bbox 1249 941 1435 986; x_wconf 81' lang='lat' dir='ltr'>abscon-</span> 
     </span>
     <span class='ocr_line' id='line_1_32' title="bbox 36 1011 1432 1073; baseline 0 -17"><span class='ocrx_word' id='word_1_115' title='bbox 36 1029 57 1055; x_wconf 82' lang='grc'>»</span> <span class='ocrx_word' id='word_1_116' title='bbox 76 1011 237 1057; x_wconf 86' lang='lat' dir='ltr'>derunt</span> <span class='ocrx_word' id='word_1_117' title='bbox 250 1013 356 1057; x_wconf 90' lang='lat' dir='ltr'>mihi</span> <span class='ocrx_word' id='word_1_118' title='bbox 369 1013 934 1073; x_wconf 85' lang='lat' dir='ltr'>muscipulam.»Quantum</span> <span class='ocrx_word' id='word_1_119' title='bbox 947 1014 991 1057; x_wconf 91' lang='lat' dir='ltr'>in</span> <span class='ocrx_word' id='word_1_120' title='bbox 1003 1014 1104 1073; x_wconf 89' lang='lat' dir='ltr'>ipsis</span> <span class='ocrx_word' id='word_1_121' title='bbox 1113 1023 1192 1067; x_wconf 88' lang='lat' dir='ltr'>est,</span> <span class='ocrx_word' id='word_1_122' title='bbox 1205 1013 1251 1056; x_wconf 91' lang='lat' dir='ltr'>in</span> <span class='ocrx_word' id='word_1_123' title='bbox 1261 1013 1328 1057; x_wconf 88' lang='lat' dir='ltr'>via</span> <span class='ocrx_word' id='word_1_124' title='bbox 1345 1029 1432 1073; x_wconf 85' lang='lat' dir='ltr'>qua</span> 
     </span>
     <span class='ocr_line' id='line_1_33' title="bbox 32 1084 1429 1145; baseline -0.001 -16"><span class='ocrx_word' id='word_1_125' title='bbox 32 1084 322 1144; x_wconf 84' lang='lat' dir='ltr'>ingrediebar,</span> <span class='ocrx_word' id='word_1_126' title='bbox 337 1085 416 1145; x_wconf 90' lang='lat' dir='ltr'>ipsi</span> <span class='ocrx_word' id='word_1_127' title='bbox 429 1084 752 1130; x_wconf 84' lang='lat' dir='ltr'>absconderunt</span> <span class='ocrx_word' id='word_1_128' title='bbox 766 1085 1054 1145; x_wconf 87' lang='lat' dir='ltr'>muscipulam</span> <span class='ocrx_word' id='word_1_129' title='bbox 1069 1085 1175 1128; x_wconf 90' lang='lat' dir='ltr'>mihi</span> <span class='ocrx_word' id='word_1_130' title='bbox 1190 1104 1198 1129; x_wconf 72' lang='grc' dir='ltr'>ε</span> <span class='ocrx_word' id='word_1_131' title='bbox 1214 1094 1429 1144; x_wconf 86' lang='lat' dir='ltr'>quantum</span> 
     </span>
     <span class='ocr_line' id='line_1_34' title="bbox 33 1155 1433 1216; baseline -0.001 -16"><span class='ocrx_word' id='word_1_132' title='bbox 33 1155 88 1200; x_wconf 88' lang='lat' dir='ltr'>ad</span> <span class='ocrx_word' id='word_1_133' title='bbox 108 1171 260 1200; x_wconf 89' lang='lat' dir='ltr'>eorum</span> <span class='ocrx_word' id='word_1_134' title='bbox 279 1155 563 1216; x_wconf 84' lang='lat' dir='ltr'>cupiditatem</span> <span class='ocrx_word' id='word_1_135' title='bbox 582 1157 790 1216; x_wconf 87' lang='lat' dir='ltr'>pertinet,</span> <span class='ocrx_word' id='word_1_136' title='bbox 814 1165 1030 1216; x_wconf 86' lang='lat' dir='ltr'>quantum</span> <span class='ocrx_word' id='word_1_137' title='bbox 1049 1156 1104 1199; x_wconf 90' lang='lat' dir='ltr'>ad</span> <span class='ocrx_word' id='word_1_138' title='bbox 1125 1170 1275 1199; x_wconf 88' lang='lat' dir='ltr'>eorum</span> <span class='ocrx_word' id='word_1_139' title='bbox 1301 1170 1433 1199; x_wconf 90' lang='lat' dir='ltr'>cona-</span> 
     </span>
     <span class='ocr_line' id='line_1_35' title="bbox 32 1224 1434 1287; baseline -0.001 -16"><span class='ocrx_word' id='word_1_140' title='bbox 32 1235 142 1281; x_wconf 89' lang='lat' dir='ltr'>tum,</span> <span class='ocrx_word' id='word_1_141' title='bbox 161 1236 378 1287; x_wconf 89' lang='lat' dir='ltr'>quantum</span> <span class='ocrx_word' id='word_1_142' title='bbox 403 1227 459 1272; x_wconf 91' lang='lat' dir='ltr'>ad</span> <span class='ocrx_word' id='word_1_143' title='bbox 482 1243 633 1272; x_wconf 90' lang='lat' dir='ltr'>eorum</span> <span class='ocrx_word' id='word_1_144' title='bbox 654 1236 822 1281; x_wconf 89' lang='lat' dir='ltr'>votum,</span> <span class='ocrx_word' id='word_1_145' title='bbox 847 1226 893 1270; x_wconf 91' lang='lat' dir='ltr'>in</span> <span class='ocrx_word' id='word_1_146' title='bbox 908 1227 997 1286; x_wconf 85' lang='lat' dir='ltr'>ipsa</span> <span class='ocrx_word' id='word_1_147' title='bbox 1022 1226 1089 1270; x_wconf 88' lang='lat' dir='ltr'>via</span> <span class='ocrx_word' id='word_1_148' title='bbox 1103 1241 1173 1269; x_wconf 91' lang='lat' dir='ltr'>me</span> <span class='ocrx_word' id='word_1_149' title='bbox 1196 1224 1434 1270; x_wconf 85' lang='lat' dir='ltr'>voluerunt</span> 
     </span>
     <span class='ocr_line' id='line_1_36' title="bbox 31 1296 1431 1358; baseline -0.001 -17"><span class='ocrx_word' id='word_1_150' title='bbox 31 1296 192 1348; x_wconf 83' lang='lat' dir='ltr'>habere</span> <span class='ocrx_word' id='word_1_151' title='bbox 204 1297 509 1357; x_wconf 86' lang='lat' dir='ltr'>muscipulam,</span> <span class='ocrx_word' id='word_1_152' title='bbox 525 1313 610 1358; x_wconf 85' lang='lat' dir='ltr'>qua</span> <span class='ocrx_word' id='word_1_153' title='bbox 623 1312 813 1357; x_wconf 87' lang='lat' dir='ltr'>caperer.</span> <span class='ocrx_word' id='word_1_154' title='bbox 831 1315 850 1338; x_wconf 93' lang='lat'>«</span> <span class='ocrx_word' id='word_1_155' title='bbox 865 1296 949 1341; x_wconf 90' lang='lat' dir='ltr'>Sed</span> <span class='ocrx_word' id='word_1_156' title='bbox 962 1297 1083 1340; x_wconf 89' lang='lat' dir='ltr'>novit</span> <span class='ocrx_word' id='word_1_157' title='bbox 1096 1296 1307 1340; x_wconf 89' lang='lat' dir='ltr'>Dominus</span> <span class='ocrx_word' id='word_1_158' title='bbox 1316 1297 1431 1340; x_wconf 88' lang='lat' dir='ltr'>viam</span> 
     </span>
     <span class='ocr_line' id='line_1_37' title="bbox 35 1366 1432 1428; baseline -0.001 -18"><span class='ocrx_word' id='word_1_159' title='bbox 35 1385 56 1410; x_wconf 87' lang='lat'>»</span> <span class='ocrx_word' id='word_1_160' title='bbox 69 1368 316 1428; x_wconf 67' lang='lat' dir='ltr'>justorum‘2</span> <span class='ocrx_word' id='word_1_161' title='bbox 331 1388 339 1413; x_wconf 75' lang='grc' dir='ltr'>ε</span> <span class='ocrx_word' id='word_1_162' title='bbox 355 1387 374 1409; x_wconf 92' lang='lat'>»</span> <span class='ocrx_word' id='word_1_163' title='bbox 387 1377 446 1423; x_wconf 85' lang='lat' dir='ltr'>et,</span> <span class='ocrx_word' id='word_1_164' title='bbox 466 1388 485 1410; x_wconf 61' lang='grc' dir='ltr'>(ι</span> <span class='ocrx_word' id='word_1_165' title='bbox 506 1371 571 1412; x_wconf 92' lang='lat' dir='ltr'>Tu</span> <span class='ocrx_word' id='word_1_166' title='bbox 588 1367 829 1427; x_wconf 83' lang='lat' dir='ltr'>cognovisti</span> <span class='ocrx_word' id='word_1_167' title='bbox 845 1367 1016 1411; x_wconf 87' lang='lat' dir='ltr'>semitas</span> <span class='ocrx_word' id='word_1_168' title='bbox 1031 1382 1162 1410; x_wconf 88' lang='lat' dir='ltr'>meas.</span> <span class='ocrx_word' id='word_1_169' title='bbox 1189 1385 1208 1408; x_wconf 84' lang='lat'>»</span> <span class='ocrx_word' id='word_1_170' title='bbox 1230 1369 1325 1411; x_wconf 94' lang='lat' dir='ltr'>Hoc</span> <span class='ocrx_word' id='word_1_171' title='bbox 1339 1366 1432 1426; x_wconf 84' lang='lat' dir='ltr'>qui-</span> 
     </span>
     <span class='ocr_line' id='line_1_38' title="bbox 32 1438 1430 1498; baseline -0.001 -16"><span class='ocrx_word' id='word_1_172' title='bbox 32 1438 130 1482; x_wconf 90' lang='lat' dir='ltr'>dem</span> <span class='ocrx_word' id='word_1_173' title='bbox 147 1439 211 1484; x_wconf 91' lang='lat' dir='ltr'>illi</span> <span class='ocrx_word' id='word_1_174' title='bbox 223 1438 461 1484; x_wconf 89' lang='lat' dir='ltr'>voluerunt</span> <span class='ocrx_word' id='word_1_175' title='bbox 482 1459 491 1484; x_wconf 93' lang='lat'>:</span> <span class='ocrx_word' id='word_1_176' title='bbox 514 1438 589 1484; x_wconf 86' lang='lat' dir='ltr'>sed</span> <span class='ocrx_word' id='word_1_177' title='bbox 605 1449 654 1483; x_wconf 89' lang='lat' dir='ltr'>tu</span> <span class='ocrx_word' id='word_1_178' title='bbox 672 1454 743 1483; x_wconf 88' lang='lat' dir='ltr'>eos</span> <span class='ocrx_word' id='word_1_179' title='bbox 766 1454 855 1483; x_wconf 90' lang='lat' dir='ltr'>non</span> <span class='ocrx_word' id='word_1_180' title='bbox 877 1438 1090 1498; x_wconf 88' lang='lat' dir='ltr'>permittis</span> <span class='ocrx_word' id='word_1_181' title='bbox 1117 1438 1164 1481; x_wconf 89' lang='lat' dir='ltr'>in</span> <span class='ocrx_word' id='word_1_182' title='bbox 1194 1446 1238 1481; x_wconf 88' lang='lat' dir='ltr'>te</span> <span class='ocrx_word' id='word_1_183' title='bbox 1267 1453 1430 1497; x_wconf 85' lang='lat' dir='ltr'>ponere</span> 
     </span>
     <span class='ocr_line' id='line_1_39' title="bbox 31 1508 1429 1570; baseline -0.001 -16"><span class='ocrx_word' id='word_1_184' title='bbox 31 1508 300 1565; x_wconf 83' lang='lat' dir='ltr'>scandalum,</span> <span class='ocrx_word' id='word_1_185' title='bbox 321 1510 422 1570; x_wconf 87' lang='lat' dir='ltr'>quia</span> <span class='ocrx_word' id='word_1_186' title='bbox 440 1519 490 1554; x_wconf 86' lang='lat' dir='ltr'>tu</span> <span class='ocrx_word' id='word_1_187' title='bbox 512 1525 555 1553; x_wconf 91' lang='lat' dir='ltr'>es</span> <span class='ocrx_word' id='word_1_188' title='bbox 573 1509 640 1553; x_wconf 92' lang='lat' dir='ltr'>via</span> <span class='ocrx_word' id='word_1_189' title='bbox 654 1525 765 1553; x_wconf 86' lang='lat' dir='ltr'>mea.</span> <span class='ocrx_word' id='word_1_190' title='bbox 795 1511 904 1554; x_wconf 84' lang='lat' dir='ltr'>Nam</span> <span class='ocrx_word' id='word_1_191' title='bbox 921 1518 964 1552; x_wconf 91' lang='lat' dir='ltr'>et</span> <span class='ocrx_word' id='word_1_192' title='bbox 978 1508 1170 1552; x_wconf 76' lang='lat' dir='ltr'>haeretici</span> <span class='ocrx_word' id='word_1_193' title='bbox 1189 1508 1235 1551; x_wconf 90' lang='lat' dir='ltr'>in</span> <span class='ocrx_word' id='word_1_194' title='bbox 1251 1508 1429 1552; x_wconf 91' lang='lat' dir='ltr'>nomine</span> 
     </span>
     <span class='ocr_line' id='line_1_40' title="bbox 30 1577 1430 1639; baseline -0.003 -13"><span class='ocrx_word' id='word_1_195' title='bbox 30 1581 189 1626; x_wconf 85' lang='lat' dir='ltr'>Christi</span> <span class='ocrx_word' id='word_1_196' title='bbox 202 1581 327 1626; x_wconf 89' lang='lat' dir='ltr'>nobis</span> <span class='ocrx_word' id='word_1_197' title='bbox 343 1581 502 1626; x_wconf 87' lang='lat' dir='ltr'>volunt</span> <span class='ocrx_word' id='word_1_198' title='bbox 523 1580 791 1626; x_wconf 82' lang='lat' dir='ltr'>abscondere</span> <span class='ocrx_word' id='word_1_199' title='bbox 809 1579 1082 1635; x_wconf 89' lang='lat' dir='ltr'>scandalum,</span> <span class='ocrx_word' id='word_1_200' title='bbox 1108 1588 1151 1623; x_wconf 92' lang='lat' dir='ltr'>et</span> <span class='ocrx_word' id='word_1_201' title='bbox 1168 1579 1249 1639; x_wconf 91' lang='lat' dir='ltr'>ipsi</span> <span class='ocrx_word' id='word_1_202' title='bbox 1263 1577 1430 1622; x_wconf 88' lang='lat' dir='ltr'>fallun-</span> 
     </span>
     <span class='ocr_line' id='line_1_41' title="bbox 31 1652 1431 1713; baseline 0 -17"><span class='ocrx_word' id='word_1_203' title='bbox 31 1660 114 1696; x_wconf 89' lang='lat' dir='ltr'>tur.</span> <span class='ocrx_word' id='word_1_204' title='bbox 127 1652 259 1706; x_wconf 87' lang='lat' dir='ltr'>Quod</span> <span class='ocrx_word' id='word_1_205' title='bbox 268 1669 312 1697; x_wconf 91' lang='lat' dir='ltr'>se</span> <span class='ocrx_word' id='word_1_206' title='bbox 323 1653 369 1697; x_wconf 92' lang='lat' dir='ltr'>in</span> <span class='ocrx_word' id='word_1_207' title='bbox 383 1653 450 1697; x_wconf 89' lang='lat' dir='ltr'>via</span> <span class='ocrx_word' id='word_1_208' title='bbox 461 1662 620 1713; x_wconf 88' lang='lat' dir='ltr'>putant</span> <span class='ocrx_word' id='word_1_209' title='bbox 633 1668 718 1712; x_wconf 80' lang='lat' dir='ltr'>pon</span> <span class='ocrx_word' id='word_1_210' title='bbox 726 1668 813 1707; x_wconf 87' lang='lat' dir='ltr'>ere,</span> <span class='ocrx_word' id='word_1_211' title='bbox 826 1661 944 1696; x_wconf 80' lang='lat' dir='ltr'>extra</span> <span class='ocrx_word' id='word_1_212' title='bbox 955 1652 1069 1696; x_wconf 84' lang='lat' dir='ltr'>viam</span> <span class='ocrx_word' id='word_1_213' title='bbox 1080 1660 1267 1711; x_wconf 88' lang='lat' dir='ltr'>ponunt,</span> <span class='ocrx_word' id='word_1_214' title='bbox 1279 1652 1380 1711; x_wconf 87' lang='lat' dir='ltr'>quia</span> <span class='ocrx_word' id='word_1_215' title='bbox 1389 1661 1431 1696; x_wconf 91' lang='lat' dir='ltr'>et</span> 
     </span>
     <span class='ocr_line' id='line_1_42' title="bbox 29 1721 1430 1783; baseline -0.004 -12"><span class='ocrx_word' id='word_1_216' title='bbox 29 1723 109 1782; x_wconf 88' lang='lat' dir='ltr'>ipsi</span> <span class='ocrx_word' id='word_1_217' title='bbox 121 1733 241 1768; x_wconf 80' lang='lat' dir='ltr'>extra</span> <span class='ocrx_word' id='word_1_218' title='bbox 259 1725 371 1768; x_wconf 86' lang='lat' dir='ltr'>viam</span> <span class='ocrx_word' id='word_1_219' title='bbox 395 1733 512 1768; x_wconf 88' lang='lat' dir='ltr'>sunt.</span> <span class='ocrx_word' id='word_1_220' title='bbox 534 1722 826 1783; x_wconf 82' lang='lat' dir='ltr'>Muscipulam</span> <span class='ocrx_word' id='word_1_221' title='bbox 848 1737 1012 1782; x_wconf 84' lang='lat' dir='ltr'>ponere</span> <span class='ocrx_word' id='word_1_222' title='bbox 1030 1737 1119 1765; x_wconf 87' lang='lat' dir='ltr'>non</span> <span class='ocrx_word' id='word_1_223' title='bbox 1135 1730 1334 1781; x_wconf 85' lang='lat' dir='ltr'>possunt,</span> <span class='ocrx_word' id='word_1_224' title='bbox 1351 1721 1430 1765; x_wconf 87' lang='lat' dir='ltr'>ubi</span> 
     </span>
     <span class='ocr_line' id='line_1_43' title="bbox 28 1791 1428 1853; baseline -0.001 -16"><span class='ocrx_word' id='word_1_225' title='bbox 28 1793 106 1853; x_wconf 89' lang='lat' dir='ltr'>ipsi</span> <span class='ocrx_word' id='word_1_226' title='bbox 128 1809 217 1838; x_wconf 93' lang='lat' dir='ltr'>non</span> <span class='ocrx_word' id='word_1_227' title='bbox 231 1803 347 1838; x_wconf 88' lang='lat' dir='ltr'>sunt.</span> <span class='ocrx_word' id='word_1_228' title='bbox 364 1794 448 1839; x_wconf 91' lang='lat' dir='ltr'>Sed</span> <span class='ocrx_word' id='word_1_229' title='bbox 474 1793 643 1838; x_wconf 89' lang='lat' dir='ltr'>dictum</span> <span class='ocrx_word' id='word_1_230' title='bbox 664 1803 728 1838; x_wconf 89' lang='lat' dir='ltr'>est</span> <span class='ocrx_word' id='word_1_231' title='bbox 757 1794 841 1838; x_wconf 92' lang='lat' dir='ltr'>hoc</span> <span class='ocrx_word' id='word_1_232' title='bbox 867 1792 1111 1837; x_wconf 89' lang='lat' dir='ltr'>secundum</span> <span class='ocrx_word' id='word_1_233' title='bbox 1140 1791 1428 1852; x_wconf 85' lang='lat' dir='ltr'>cupiditatem</span> 
     </span>
     <span class='ocr_line' id='line_1_44' title="bbox 29 1863 1430 1924; baseline -0.002 -16"><span class='ocrx_word' id='word_1_234' title='bbox 29 1863 240 1924; x_wconf 86' lang='lat' dir='ltr'>ipsorum,</span> <span class='ocrx_word' id='word_1_235' title='bbox 270 1865 515 1909; x_wconf 89' lang='lat' dir='ltr'>secundum</span> <span class='ocrx_word' id='word_1_236' title='bbox 530 1873 686 1908; x_wconf 89' lang='lat' dir='ltr'>votum</span> <span class='ocrx_word' id='word_1_237' title='bbox 705 1873 748 1907; x_wconf 84' lang='lat' dir='ltr'>et</span> <span class='ocrx_word' id='word_1_238' title='bbox 764 1864 1016 1923; x_wconf 89' lang='lat' dir='ltr'>opinionem</span> <span class='ocrx_word' id='word_1_239' title='bbox 1036 1878 1185 1906; x_wconf 89' lang='lat' dir='ltr'>eorum</span> <span class='ocrx_word' id='word_1_240' title='bbox 1206 1882 1214 1907; x_wconf 92' lang='lat'>:</span> <span class='ocrx_word' id='word_1_241' title='bbox 1237 1878 1338 1905; x_wconf 88' lang='lat' dir='ltr'>nam</span> <span class='ocrx_word' id='word_1_242' title='bbox 1361 1877 1430 1905; x_wconf 77' lang='lat' dir='ltr'>ex-</span> 
     </span>
     <span class='ocr_line' id='line_1_45' title="bbox 27 1933 1429 1994; baseline -0.002 -16"><span class='ocrx_word' id='word_1_243' title='bbox 27 1949 171 1994; x_wconf 87' lang='lat' dir='ltr'>presse</span> <span class='ocrx_word' id='word_1_244' title='bbox 192 1934 295 1979; x_wconf 87' lang='lat' dir='ltr'>alibi</span> <span class='ocrx_word' id='word_1_245' title='bbox 309 1934 477 1979; x_wconf 90' lang='lat' dir='ltr'>dictum</span> <span class='ocrx_word' id='word_1_246' title='bbox 489 1943 598 1988; x_wconf 89' lang='lat' dir='ltr'>est,«</span> <span class='ocrx_word' id='word_1_247' title='bbox 613 1937 743 1978; x_wconf 82' lang='lat' dir='ltr'>Juxta</span> <span class='ocrx_word' id='word_1_248' title='bbox 756 1934 928 1978; x_wconf 87' lang='lat' dir='ltr'>semitas</span> <span class='ocrx_word' id='word_1_249' title='bbox 956 1933 1160 1978; x_wconf 86' lang='lat' dir='ltr'>scandala</span> <span class='ocrx_word' id='word_1_250' title='bbox 1186 1941 1429 1992; x_wconf 89' lang='lat' dir='ltr'>posuerunt</span> 
     </span>
     <span class='ocr_line' id='line_1_46' title="bbox 30 2001 1430 2065; baseline -0.001 -18"><span class='ocrx_word' id='word_1_251' title='bbox 30 2021 50 2047; x_wconf 70' lang='grc' dir='ltr'><strong>υ</strong></span> <span class='ocrx_word' id='word_1_252' title='bbox 68 2005 343 2049; x_wconf 76' lang='lat' dir='ltr'>mihi³.»Hoc</span> <span class='ocrx_word' id='word_1_253' title='bbox 358 2004 480 2065; x_wconf 90' lang='lat' dir='ltr'>quod</span> <span class='ocrx_word' id='word_1_254' title='bbox 499 2005 666 2049; x_wconf 85' lang='lat' dir='ltr'>dictum</span> <span class='ocrx_word' id='word_1_255' title='bbox 683 2013 762 2059; x_wconf 87' lang='lat' dir='ltr'>est,</span> <span class='ocrx_word' id='word_1_256' title='bbox 774 2023 792 2046; x_wconf 90' lang='lat'>«</span> <span class='ocrx_word' id='word_1_257' title='bbox 806 2007 857 2048; x_wconf 90' lang='lat' dir='ltr'>In</span> <span class='ocrx_word' id='word_1_258' title='bbox 869 2004 954 2059; x_wconf 86' lang='lat' dir='ltr'>via,</span> <span class='ocrx_word' id='word_1_259' title='bbox 970 2022 990 2045; x_wconf 87' lang='lat'>»</span> <span class='ocrx_word' id='word_1_260' title='bbox 1004 2002 1246 2048; x_wconf 88' lang='lat' dir='ltr'>secundum</span> <span class='ocrx_word' id='word_1_261' title='bbox 1262 2001 1430 2062; x_wconf 88' lang='lat' dir='ltr'>cupidi-</span> 
     </span>
     <span class='ocr_line' id='line_1_47' title="bbox 27 2073 1425 2134; baseline 0 -16"><span class='ocrx_word' id='word_1_262' title='bbox 27 2083 162 2124; x_wconf 83' lang='lat' dir='ltr'>tatem</span> <span class='ocrx_word' id='word_1_263' title='bbox 177 2090 329 2119; x_wconf 87' lang='lat' dir='ltr'>eorum</span> <span class='ocrx_word' id='word_1_264' title='bbox 344 2084 388 2118; x_wconf 88' lang='lat' dir='ltr'>et</span> <span class='ocrx_word' id='word_1_265' title='bbox 400 2084 554 2120; x_wconf 89' lang='lat' dir='ltr'>votum</span> <span class='ocrx_word' id='word_1_266' title='bbox 584 2074 751 2119; x_wconf 89' lang='lat' dir='ltr'>dictum</span> <span class='ocrx_word' id='word_1_267' title='bbox 769 2084 832 2118; x_wconf 85' lang='lat' dir='ltr'>est</span> <span class='ocrx_word' id='word_1_268' title='bbox 855 2094 862 2118; x_wconf 94' lang='lat'>:</span> <span class='ocrx_word' id='word_1_269' title='bbox 882 2073 994 2118; x_wconf 85' lang='lat' dir='ltr'>illud</span> <span class='ocrx_word' id='word_1_270' title='bbox 1022 2073 1144 2134; x_wconf 86' lang='lat' dir='ltr'>quod</span> <span class='ocrx_word' id='word_1_271' title='bbox 1163 2074 1329 2118; x_wconf 88' lang='lat' dir='ltr'>dictum</span> <span class='ocrx_word' id='word_1_272' title='bbox 1345 2082 1425 2129; x_wconf 90' lang='lat' dir='ltr'>est,</span> 
     </span>
     <span class='ocr_line' id='line_1_48' title="bbox 27 2143 1428 2206; baseline -0.001 -17"><span class='ocrx_word' id='word_1_273' title='bbox 27 2145 141 2206; x_wconf 79' lang='lat' dir='ltr'>juxta</span> <span class='ocrx_word' id='word_1_274' title='bbox 152 2146 284 2200; x_wconf 90' lang='lat' dir='ltr'>viam,</span> <span class='ocrx_word' id='word_1_275' title='bbox 297 2144 342 2188; x_wconf 90' lang='lat' dir='ltr'>id</span> <span class='ocrx_word' id='word_1_276' title='bbox 351 2154 430 2200; x_wconf 90' lang='lat' dir='ltr'>est,</span> <span class='ocrx_word' id='word_1_277' title='bbox 438 2146 561 2205; x_wconf 75' lang='lat' dir='ltr'>juxta</span> <span class='ocrx_word' id='word_1_278' title='bbox 572 2145 761 2200; x_wconf 83' lang='lat' dir='ltr'>semitas,</span> <span class='ocrx_word' id='word_1_279' title='bbox 773 2144 1249 2188; x_wconf 86' lang='lat' dir='ltr'>secundumveritatem</span> <span class='ocrx_word' id='word_1_280' title='bbox 1260 2143 1428 2188; x_wconf 85' lang='lat' dir='ltr'>dictum</span> 
     </span>
     <span class='ocr_line' id='line_1_49' title="bbox 28 2215 1428 2275; baseline -0.001 -15"><span class='ocrx_word' id='word_1_281' title='bbox 28 2224 104 2265; x_wconf 76' lang='lat' dir='ltr'>est.</span> <span class='ocrx_word' id='word_1_282' title='bbox 129 2219 297 2260; x_wconf 87' lang='lat' dir='ltr'>Revera</span> <span class='ocrx_word' id='word_1_283' title='bbox 326 2216 444 2259; x_wconf 90' lang='lat' dir='ltr'>enim</span> <span class='ocrx_word' id='word_1_284' title='bbox 483 2231 572 2260; x_wconf 90' lang='lat' dir='ltr'>non</span> <span class='ocrx_word' id='word_1_285' title='bbox 600 2216 834 2275; x_wconf 88' lang='lat' dir='ltr'>ponuntin</span> <span class='ocrx_word' id='word_1_286' title='bbox 856 2215 1007 2259; x_wconf 88' lang='lat' dir='ltr'>semita</span> <span class='ocrx_word' id='word_1_287' title='bbox 1024 2250 1034 2270; x_wconf 92' lang='lat'>,</span> <span class='ocrx_word' id='word_1_288' title='bbox 1068 2230 1158 2259; x_wconf 91' lang='lat' dir='ltr'>non</span> <span class='ocrx_word' id='word_1_289' title='bbox 1187 2224 1360 2274; x_wconf 90' lang='lat' dir='ltr'>ponunt</span> <span class='ocrx_word' id='word_1_290' title='bbox 1381 2215 1428 2258; x_wconf 90' lang='lat' dir='ltr'>in</span> 
     </span>
     <span class='ocr_line' id='line_1_50' title="bbox 27 2285 1423 2346; baseline 0 -16"><span class='ocrx_word' id='word_1_291' title='bbox 27 2285 115 2346; x_wconf 88' lang='lat' dir='ltr'>ipsa</span> <span class='ocrx_word' id='word_1_292' title='bbox 139 2287 221 2341; x_wconf 86' lang='lat' dir='ltr'>via,</span> <span class='ocrx_word' id='word_1_293' title='bbox 237 2286 339 2346; x_wconf 88' lang='lat' dir='ltr'>quia</span> <span class='ocrx_word' id='word_1_294' title='bbox 352 2286 554 2331; x_wconf 87' lang='lat' dir='ltr'>Christus</span> <span class='ocrx_word' id='word_1_295' title='bbox 571 2295 636 2330; x_wconf 85' lang='lat' dir='ltr'>est</span> <span class='ocrx_word' id='word_1_296' title='bbox 647 2286 743 2331; x_wconf 75' lang='lat' dir='ltr'>via⁴</span> <span class='ocrx_word' id='word_1_297' title='bbox 765 2305 774 2331; x_wconf 75' lang='grc' dir='ltr'>ς</span> <span class='ocrx_word' id='word_1_298' title='bbox 796 2302 897 2330; x_wconf 89' lang='lat' dir='ltr'>sane</span> <span class='ocrx_word' id='word_1_299' title='bbox 913 2287 1036 2346; x_wconf 84' lang='lat' dir='ltr'>juxta</span> <span class='ocrx_word' id='word_1_300' title='bbox 1048 2286 1218 2329; x_wconf 83' lang='lat' dir='ltr'>semitas</span> <span class='ocrx_word' id='word_1_301' title='bbox 1233 2295 1423 2345; x_wconf 87' lang='lat' dir='ltr'>ponunt.</span> 
     </span>
     <span class='ocr_line' id='line_1_51' title="bbox 27 2357 1427 2417; baseline -0.001 -15"><span class='ocrx_word' id='word_1_302' title='bbox 27 2358 122 2406; x_wconf 82' lang='lat' dir='ltr'>Non</span> <span class='ocrx_word' id='word_1_303' title='bbox 143 2373 214 2402; x_wconf 87' lang='lat' dir='ltr'>eos</span> <span class='ocrx_word' id='word_1_304' title='bbox 244 2358 440 2403; x_wconf 90' lang='lat' dir='ltr'>Christus</span> <span class='ocrx_word' id='word_1_305' title='bbox 464 2357 565 2401; x_wconf 90' lang='lat' dir='ltr'>sinit</span> <span class='ocrx_word' id='word_1_306' title='bbox 588 2373 751 2417; x_wconf 83' lang='lat' dir='ltr'>ponere</span> <span class='ocrx_word' id='word_1_307' title='bbox 778 2358 826 2401; x_wconf 90' lang='lat' dir='ltr'>in</span> <span class='ocrx_word' id='word_1_308' title='bbox 850 2358 945 2412; x_wconf 88' lang='lat' dir='ltr'>via,</span> <span class='ocrx_word' id='word_1_309' title='bbox 968 2373 1023 2401; x_wconf 91' lang='lat' dir='ltr'>ne</span> <span class='ocrx_word' id='word_1_310' title='bbox 1052 2373 1142 2401; x_wconf 92' lang='lat' dir='ltr'>non</span> <span class='ocrx_word' id='word_1_311' title='bbox 1169 2357 1222 2400; x_wconf 87' lang='lat' dir='ltr'>sit</span> <span class='ocrx_word' id='word_1_312' title='bbox 1243 2373 1331 2417; x_wconf 88' lang='lat' dir='ltr'>qua</span> <span class='ocrx_word' id='word_1_313' title='bbox 1353 2373 1427 2401; x_wconf 90' lang='lat' dir='ltr'>ea-</span> 
     </span>
     <span class='ocr_line' id='line_1_52' title="bbox 51 2427 1424 2488; baseline 0 -17"><span class='ocrx_word' id='word_1_314' title='bbox 51 2443 120 2476; x_wconf 66' lang='lat' dir='ltr'>vus</span> <span class='ocrx_word' id='word_1_315' title='bbox 142 2447 151 2473; x_wconf 88' lang='grc'>;</span> <span class='ocrx_word' id='word_1_316' title='bbox 171 2428 272 2472; x_wconf 73' lang='lat' dir='ltr'>sinit</span> <span class='ocrx_word' id='word_1_317' title='bbox 294 2438 442 2472; x_wconf 86' lang='lat' dir='ltr'>tamen</span> <span class='ocrx_word' id='word_1_318' title='bbox 475 2443 548 2473; x_wconf 90' lang='lat' dir='ltr'>eos</span> <span class='ocrx_word' id='word_1_319' title='bbox 570 2443 733 2488; x_wconf 85' lang='lat' dir='ltr'>ponere</span> <span class='ocrx_word' id='word_1_320' title='bbox 758 2429 882 2488; x_wconf 81' lang='lat' dir='ltr'>juxta</span> <span class='ocrx_word' id='word_1_321' title='bbox 904 2428 1020 2473; x_wconf 89' lang='lat' dir='ltr'>viam</span> <span class='ocrx_word' id='word_1_322' title='bbox 1038 2463 1048 2482; x_wconf 93' lang='lat'>,</span> <span class='ocrx_word' id='word_1_323' title='bbox 1078 2436 1127 2471; x_wconf 93' lang='lat' dir='ltr'>ut</span> <span class='ocrx_word' id='word_1_324' title='bbox 1164 2427 1219 2471; x_wconf 91' lang='lat' dir='ltr'>de</span> <span class='ocrx_word' id='word_1_325' title='bbox 1241 2428 1310 2472; x_wconf 90' lang='lat' dir='ltr'>via</span> <span class='ocrx_word' id='word_1_326' title='bbox 1332 2443 1424 2471; x_wconf 88' lang='lat' dir='ltr'>non</span> 
     </span>
     <span class='ocr_line' id='line_1_53' title="bbox 28 2497 1422 2559; baseline -0.001 -16"><span class='ocrx_word' id='word_1_327' title='bbox 28 2497 305 2544; x_wconf 89' lang='lat' dir='ltr'>declinemus.</span> <span class='ocrx_word' id='word_1_328' title='bbox 332 2502 383 2543; x_wconf 90' lang='lat' dir='ltr'>In</span> <span class='ocrx_word' id='word_1_329' title='bbox 411 2499 479 2544; x_wconf 90' lang='lat' dir='ltr'>via</span> <span class='ocrx_word' id='word_1_330' title='bbox 511 2515 555 2543; x_wconf 92' lang='lat' dir='ltr'>se</span> <span class='ocrx_word' id='word_1_331' title='bbox 578 2507 706 2559; x_wconf 85' lang='lat' dir='ltr'>putat</span> <span class='ocrx_word' id='word_1_332' title='bbox 735 2513 894 2558; x_wconf 89' lang='lat' dir='ltr'>ponere</span> <span class='ocrx_word' id='word_1_333' title='bbox 917 2498 1173 2543; x_wconf 87' lang='lat' dir='ltr'>scandalum</span> <span class='ocrx_word' id='word_1_334' title='bbox 1198 2502 1422 2557; x_wconf 81' lang='lat' dir='ltr'>Paganus,</span> 
     </span>
    </p>
   </div>
   <div class='ocr_carea' id='block_1_4' title="bbox 73 2580 1303 2625">
    <p class='ocr_par' dir='ltr' id='par_1_5' title="bbox 73 2580 1303 2625">
     <span class='ocr_line' id='line_1_54' title="bbox 73 2580 1303 2625; baseline -0.002 -10"><span class='ocrx_word' id='word_1_335' title='bbox 73 2589 82 2605; x_wconf 91' lang='lat'>¹</span> <span class='ocrx_word' id='word_1_336' title='bbox 99 2582 178 2617; x_wconf 85' lang='lat' dir='ltr'>Psal.</span> <span class='ocrx_word' id='word_1_337' title='bbox 197 2594 287 2625; x_wconf 78' lang='lat' dir='ltr'>xxiv,</span> <span class='ocrx_word' id='word_1_338' title='bbox 301 2595 334 2625; x_wconf 89' lang='lat'>9.</span> <span class='ocrx_word' id='word_1_339' title='bbox 358 2600 399 2607; x_wconf 89' lang='lat'>—</span> <span class='ocrx_word' id='word_1_340' title='bbox 427 2590 440 2607; x_wconf 82' lang='lat'><em>2</em></span> <span class='ocrx_word' id='word_1_341' title='bbox 458 2583 505 2616; x_wconf 84' lang='lat' dir='ltr'>Id.</span> <span class='ocrx_word' id='word_1_342' title='bbox 526 2595 552 2625; x_wconf 88' lang='lat'>1,</span> <span class='ocrx_word' id='word_1_343' title='bbox 567 2583 599 2617; x_wconf 87' lang='grc'>6,</span> <span class='ocrx_word' id='word_1_344' title='bbox 623 2600 664 2607; x_wconf 93' lang='grc'>--</span> <span class='ocrx_word' id='word_1_345' title='bbox 685 2580 761 2616; x_wconf 63' lang='lat'>³111.</span> <span class='ocrx_word' id='word_1_346' title='bbox 777 2593 908 2624; x_wconf 79' lang='lat' dir='ltr'>cxxxix,</span> <span class='ocrx_word' id='word_1_347' title='bbox 935 2583 966 2615; x_wconf 92' lang='lat'>6.</span> <span class='ocrx_word' id='word_1_348' title='bbox 989 2600 1030 2607; x_wconf 86' lang='lat'><em>-</em></span> <span class='ocrx_word' id='word_1_349' title='bbox 1049 2581 1066 2612; x_wconf 76' lang='lat'>4</span> <span class='ocrx_word' id='word_1_350' title='bbox 1083 2585 1178 2615; x_wconf 84' lang='lat' dir='ltr'>Joan.</span> <span class='ocrx_word' id='word_1_351' title='bbox 1196 2594 1266 2624; x_wconf 72' lang='grc' dir='ltr'>ΧΠ,</span> <span class='ocrx_word' id='word_1_352' title='bbox 1281 2583 1303 2613; x_wconf 63' lang='grc' dir='ltr'>(ι</span> 
     </span>
    </p>
   </div>
  </div>
 </body>
</html>
