1815 3253
371 229 453 266 ⁶288
804 241 835 266 s.
872 238 1102 268 Auens'nm
1134 241 1315 269 muscom

367 307 424 348 Et
441 304 474 348 si
496 303 731 363 hospitium
748 303 816 348 vel
839 303 1017 349 domum
1043 309 1132 350 Deo
1152 306 1504 366 praeparavimus,
1524 307 1586 351 ibi
1606 306 1750 369 loqui-
1768 312 1771 314 ’

366 389 465 417 mur
480 409 490 429 ,
512 373 573 418 ibi
594 373 864 418 exaudimur.
890 378 987 421 Non
1009 375 1124 419 enim
1146 386 1210 421 est
1229 376 1301 420 ille
1328 375 1456 434 longe
1475 378 1528 421 ab
1546 393 1749 439 unoquo-

365 459 451 503 que
474 452 669 488 nostrum
697 444 875 504 positus,
905 464 923 487 «
951 448 1002 489 In
1024 461 1111 505 quo
1133 446 1337 501 vivimus,
1362 461 1588 491 movemur
1610 457 1652 492 et
1672 464 1747 493 su-

367 531 386 554 »
423 529 519 558 mus
542 517 572 558 1.
604 533 622 555 »
649 518 795 573 Longe
824 524 866 559 te
890 532 910 559 a
935 521 1018 559 Deo
1040 531 1128 560 non
1150 516 1273 572 facit,
1299 517 1381 561 nisi
1408 517 1610 578 iniquitas
1637 519 1741 563 sola.

362 585 504 645 Dejiee
522 585 712 629 medium
735 586 940 644 parietem
962 587 1149 645 peccati,
1170 596 1213 630 et
1234 603 1333 632 eum
1356 587 1431 631 illo
1453 604 1496 632 es
1520 605 1651 648 quem
1674 605 1745 634 ro-

362 671 450 715 gas.
476 676 496 699 «
530 656 716 712 Audisti,
742 657 900 717 inquit,
928 657 1060 701 verba
1082 658 1165 702 oris
1182 659 1266 702 mei
1292 678 1300 704 :
1327 659 1570 703 confitebor
1590 660 1684 704 tibi.
1719 680 1739 703 »

418 730 499 771 III.
526 746 542 768 «
579 731 636 772 Et
657 743 801 772 eoram
821 728 995 787 Angelis
1017 728 1196 788 psallam
1211 729 1305 774 tibi.
1329 748 1349 770 »
1375 733 1472 775 Non
1492 746 1637 775 eoram
1659 731 1742 776 ho-

357 798 548 842 minibus
566 798 767 858 psallam,
794 798 869 842 sed
888 814 1032 843 eoram
1055 798 1230 858 Angelis
1254 798 1450 859 psallam.
1484 800 1742 846 Psalterium

356 883 525 924 meum,
552 868 757 926 gaudium
790 885 951 914 meum<
979 870 1061 914 Sed
1086 869 1290 928 gaudium
1311 886 1458 914 meum
1484 871 1539 915 de
1562 871 1742 917 inferio-

355 940 473 984 ribus
488 976 498 996 ,
519 956 662 985 coram
683 941 932 985 hominibus
954 951 1042 999 est3
1069 941 1275 1000 gaudium
1298 958 1444 986 meum
1467 942 1522 987 de
1543 945 1740 1003 superio-

354 1011 490 1065 ribus,
516 1027 660 1056 coram
677 1011 851 1071 Angelis
873 1021 950 1056 est.
971 1015 1067 1057 Non
1083 1012 1196 1056 enim
1219 1013 1338 1057 novit
1353 1013 1510 1073 impius
1528 1014 1740 1073 gaudium

347 1082 453 1141 justi
481 1102 488 1126 :
519 1101 536 1123 «
559 1085 655 1127 Non
669 1092 732 1126 est
749 1082 1107 1142 gaudereimpiis,
1131 1083 1235 1127 dicit
1253 1084 1459 1128 Dominus
1479 1086 1509 1127 2.
1531 1103 1550 1125 »
1569 1085 1739 1131 Gaudet

353 1152 528 1213 iniquus
548 1153 591 1196 in
605 1153 780 1212 popina,
801 1152 961 1211 gaudet
976 1157 1142 1212 Martyr
1155 1154 1199 1197 in
1215 1163 1379 1198 catena.
1399 1154 1626 1207 Quomodo
1639 1172 1738 1215 gau-

352 1223 485 1268 debat
514 1233 659 1268 sancta
687 1226 766 1267 ista
795 1223 1011 1283 Crispina,
1039 1225 1161 1284 cujus
1184 1224 1316 1268 hodie
1343 1224 1590 1270 solemnitas
1624 1226 1737 1271 cele--

351 1293 503 1337 bratur
536 1296 581 1336 ³⁶?
618 1293 845 1338 Gaudebat
886 1309 984 1338 eum
1023 1294 1275 1350 tenebatur,
1312 1309 1413 1338 cum
1455 1294 1509 1338 ad
1543 1295 1736 1355 judicem

350 1365 608 1420 ducebatur,
625 1381 723 1409 cum
738 1365 784 1408 in
798 1381 1009 1410 carcerem
1026 1366 1297 1421 mittebatur,
1316 1381 1414 1410 cum
1430 1365 1558 1425 ligata
1576 1367 1736 1426 produ-

349 1436 544 1491 cebatur,
573 1451 672 1480 cum
694 1435 740 1479 in
761 1444 919 1480 catasta
942 1435 1191 1492 levabatur,
1216 1452 1313 1480 cum
1334 1436 1615 1493 audiebatur,
1634 1454 1734 1483 cum

348 1506 635 1552 damnabatur
654 1527 661 1552 :
684 1507 730 1551 in
743 1507 808 1551 his
824 1507 1027 1551 omnibus
1046 1508 1289 1566 gaudebat3
1315 1516 1357 1551 et
1374 1524 1468 1552 eam
1489 1508 1632 1553 miseri
1658 1510 1734 1553 mi·

346 1593 483 1622 seram
506 1578 741 1638 putabant,
767 1594 867 1638 quse
893 1593 1036 1621 eoram
1064 1578 1237 1636 Angelis
1267 1577 1500 1636 gaudebat.

402 1651 477 1692 IV.
515 1667 534 1690 «
570 1648 772 1692 Adorabo
800 1647 855 1691 ad
887 1647 1097 1706 templum
1119 1657 1316 1692 sanetum
1339 1657 1465 1692 tuum
1489 1649 1520 1692 4.
1560 1669 1577 1690 »
1605 1648 1730 1702 Quod

346 1718 558 1778 templum
583 1728 779 1763 sanctum
804 1720 959 1762 tuum?
982 1717 1066 1762 Ubi
1090 1718 1403 1773 habitabimus,
1429 1718 1506 1762 ubi
1529 1717 1731 1763 adorabi-

345 1805 455 1833 mus.
488 1790 713 1835 Currimus
735 1790 873 1843 enim,
908 1798 958 1832 ut
990 1789 1234 1832 adoremus.
1262 1788 1496 1833 Gravidum
1526 1804 1601 1834 cor
1629 1805 1730 1835 nos-

345 1870 460 1904 trum
490 1860 699 1920 parturit,
736 1869 779 1904 et
800 1859 877 1903 ubi
900 1859 1038 1918 pariat
1071 1859 1241 1919 quaerit.
1278 1859 1383 1912 Quis
1411 1868 1475 1903 est.
1504 1859 1577 1903 ille
1607 1859 1728 1904 locus

343 1932 419 1975 ubi
449 1931 695 1976 adorandus
724 1940 787 1974 est
806 1932 947 1974 Deus?
974 1930 1050 1990 qui
1072 1929 1293 1973 mundus?
1316 1929 1436 1990 quod
1463 1929 1728 1974 aedificium?

342 2019 440 2060 quse
463 2001 652 2062 denique
674 2002 794 2045 sedes
815 2001 860 2044 iu
887 2000 999 2044 coelo
1024 2009 1065 2044 et
1086 2000 1200 2044 inter
1223 1999 1395 2044 stellas?
1412 2001 1652 2053 Quaerimus
1680 2001 1725 2045 in

344 2075 572 2133 Scripturis
614 2073 771 2117 sanetis
789 2107 799 2124 ,
838 2082 881 2116 et
918 2071 1162 2117 invenimus
1198 2072 1243 2114 in
1281 2071 1422 2115 verbis
1463 2072 1721 2130 Sapientiae,

344 2164 363 2187 «
400 2148 506 2202 Ego,
532 2143 690 2204 inquit,
717 2158 833 2186 eram
856 2157 956 2186 eum
978 2141 1075 2198 illo,
1101 2156 1180 2199 ego
1201 2157 1317 2185 eram
1338 2138 1393 2186 ad
1415 2157 1547 2202 quam
1565 2142 1724 2201 adgau-

342 2234 362 2257 »
399 2216 530 2259 debat
551 2213 759 2275 quotidie.
791 2232 810 2254 »
837 2216 893 2257 Et
913 2212 1019 2257 dicit
1041 2228 1170 2271 opera
1192 2213 1299 2272 ejus,
1325 2223 1368 2257 et
1390 2214 1565 2272 exponit
1596 2213 1721 2259 nobis

339 2284 484 2330 sedem
506 2286 654 2345 ipsius.
683 2286 845 2337 Quam?
878 2303 897 2325 «
931 2281 1115 2335 Quando
1137 2282 1315 2338 validas,
1347 2284 1511 2344 inquit,
1534 2284 1721 2329 faciebat
1761 2319 1763 2329 Α
1787 2332 1803 2351 3?

339 2374 359 2398 »
395 2357 439 2400 in
462 2370 631 2400 summo
663 2354 822 2409 nubes,
848 2352 1024 2414 quando
1052 2353 1198 2396 sedem
1224 2369 1345 2397 suam
1367 2355 1618 2413 segregabat
1646 2371 1720 2399 su·
1760 2375 1766 2397 2·

384 2478 391 2494 ¹
414 2473 485 2503 Act.
512 2481 599 2511 xvir,
627 2479 682 2512 27,
701 2469 756 2500 28.
777 2485 817 2490 -—-
838 2474 850 2490 2
875 2469 947 2499 Isa'i'.
973 2478 1085 2508 xtvur,
1112 2475 1176 2508 22,
1203 2471 1236 2499 et
1255 2479 1330 2507 Lvu,
1359 2477 1414 2500 21.
1434 2485 1475 2490 —
1495 2466 1508 2491 3
1526 2468 1715 2501 Solemnitas

335 2528 367 2557 S.
390 2526 561 2568 Crispina),
590 2526 621 2557 in
651 2525 740 2566 cujus
764 2523 860 2556 natali
888 2523 1017 2555 babitus
1049 2526 1096 2554 est
1121 2524 1231 2556 Sermo
1261 2524 1292 2554 iu
1322 2523 1400 2556 Psal.
1430 2535 1503 2556 cxx.
1525 2541 1566 2547 —
1591 2523 1605 2553 4
1632 2523 1711 2557 Psal.

333 2594 450 2625 cxxvii,
471 2591 501 2615 2.
