1815 3253
329 198 412 237 236
760 210 791 236 s.
829 207 1057 238 Aucus'nm
1088 211 1269 238 1⁴:1³1scom

329 274 488 318 ducere
509 288 597 318 non
620 274 763 333 potuit
789 293 797 319 :
822 283 866 318 et
887 284 1110 319 enumeret
1126 274 1326 336 quaedam
1348 289 1448 334 quae
1468 274 1539 319 hic
1561 275 1708 319 Domi-

330 360 411 388 nus
432 345 558 402 fecit3
582 353 633 388 ut
654 354 697 389 et
718 344 864 400 nobis,
895 346 971 405 qui
992 345 1336 404 magnitudinem
1358 344 1473 388 illius
1505 347 1616 388 sicut
1635 343 1708 389 ille

329 413 475 458 videre
507 431 596 459 non
628 430 877 474 possumus,
912 414 1132 460 dulcescat
1157 431 1209 459 ex
1241 414 1444 474 operibus
1473 414 1579 469 suis,
1611 430 1709 474 quae

329 500 481 544 capere
503 501 744 544 possumus.
775 504 795 527 «
820 485 1034 538 Quoniam
1063 500 1163 543 ego,
1197 485 1361 546 inquit,
1387 485 1570 543 cognovi
1592 484 1711 544 quod

333 573 353 596 »
388 570 568 613 magnus
583 565 644 599 est
660 555 882 610 Dominus,
904 564 947 598 et
964 558 1076 598 Deus
1085 564 1227 600 noster
1240 571 1369 614 super
1385 570 1534 598 omnes
1550 555 1666 598 deos.
1690 574 1707 595 »

331 628 449 679 Quos
471 626 599 670 deos?
625 626 743 670 Sicut
762 626 869 669 dicit
896 625 1122 685 Apostolus
1137 661 1147 680 ‚
1177 645 1196 668 «
1227 626 1320 670 Etsi
1339 635 1440 670 sunt
1462 626 1537 685 qui
1561 625 1712 669 dican-

338 715 355 735 »
391 705 463 739 tur
484 695 544 740 dii
571 697 616 739 in
638 695 750 740 coelo
782 705 824 740 et
843 696 887 739 in
910 705 1022 739 terra
1039 731 1049 750 ‚
1076 695 1186 740 sicut
1204 704 1305 739 sunt
1332 694 1391 738 dii
1412 694 1539 738 multi
1560 703 1602 738 et
1631 694 1712 738 do-

335 784 353 807 »
389 767 496 809 mini
528 767 682 815 multi:
717 767 842 811 nobis
879 776 1023 811 tamen
1059 783 1174 811 unus
1201 770 1337 822 Deus,
1377 769 1503 810 Pater
1540 781 1591 810 ex
1625 781 1713 826 quo

335 854 355 877 »
391 838 559 892 omnia,
586 847 628 882 et
653 854 730 882 nos
753 839 798 881 in
826 839 941 898 ipso,
973 848 1016 882 et
1045 854 1157 882 unus
1179 839 1389 883 Dominus
1420 847 1566 882 noster
1594 840 1716 882 Jesus

335 925 354 947 >›
390 907 612 963 Christus,
635 924 712 967 per
737 924 869 968 quem
903 909 1045 953 omnia
1061 944 1072 964 ‚
1098 918 1139 953 et
1171 924 1248 953 nos
1273 925 1348 968 per
1370 909 1512 967 ipsum
1536 910 1566 952 ¹.
1595 926 1615 949 »
1641 909 1716 952 Di-

333 987 487 1022 cantur
509 978 568 1022 dii
584 980 794 1023 homines.
820 981 993 1024 Dictum
1012 989 1074 1024 est
1095 980 1226 1035 enim,
1252 1000 1271 1022 «
1307 984 1419 1025 Deus
1438 980 1555 1024 stetit
1575 980 1619 1022 in
1642 995 1716 1036 sy·-

335 1065 356 1088 »
392 1064 558 1106 nagoga
581 1048 778 1092 deorum.
811 1068 830 1091 »
860 1051 1031 1094 Dictum
1053 1058 1141 1104 est,
1171 1053 1300 1108 «Ego
1323 1050 1433 1105 dixi,
1459 1049 1525 1093 Dii
1546 1049 1644 1093 estis
1674 1057 1716 1092 et

337 1136 355 1158 »
391 1117 468 1162 filii
491 1118 697 1163 Altissirni
719 1135 865 1164 omnes
894 1124 911 1146 2
936 1139 945 1165 ε
987 1139 1005 1161 »
1032 1136 1178 1165 nonne
1206 1135 1335 1179 super
1357 1120 1553 1163 homines
1576 1120 1718 1163 Deus?
1767 1153 1769 1175 ἱ

336 1188 420 1232 Sed
443 1188 550 1248 quid
572 1205 779 1247 magnum
801 1191 834 1233 si
857 1205 985 1249 super
1007 1186 1204 1234 homines
1230 1192 1374 1234 Deus?
1395 1192 1452 1233 Et
1473 1204 1601 1248 super
1629 1191 1719 1232 An-

335 1257 451 1315 gelos
482 1261 594 1302 Deus
633 1278 641 1302 z
676 1260 776 1318 quia
808 1259 961 1316 Angeli
988 1276 1076 1304 non
1109 1259 1307 1304 fecerunt
1334 1264 1496 1314 Deum,
1535 1257 1719 1317 Angelos
1766 1294 1767 1302 ,

337 1325 439 1370 fecit
461 1331 599 1384 Deus3
625 1337 667 1371 et
690 1344 861 1372 necesse
884 1341 947 1374 est
964 1345 1092 1389 super
1114 1331 1258 1374 omnia
1281 1346 1381 1390 quae
1409 1328 1533 1384 fecit,
1555 1329 1610 1373 sit
1630 1329 1720 1388 ipse

337 1397 412 1456 qui
434 1396 552 1440 fecit.
574 1399 848 1456 Cognoscens
873 1414 976 1458 ergo
998 1399 1342 1457 magnitudinem
1361 1399 1533 1443 Domini
1553 1399 1632 1443 iste
1648 1434 1658 1453 ‚
1680 1407 1722 1441 et.
1764 1392 1767 1425 ³¹

336 1467 486 1511 videns
515 1484 616 1511 eum
648 1484 776 1527 super
804 1485 978 1513 omnem
1013 1486 1100 1514 esse
1129 1479 1392 1523 creaturam,
1430 1484 1520 1513 non
1552 1477 1720 1512 tantum

339 1538 624 1596 corporalem,
648 1538 724 1582 sed
746 1539 873 1583 etiam
890 1540 1125 1599 spiritalem
1150 1559 1158 1584 :
1184 1558 1203 1581 «
1229 1543 1320 1583 Rex
1338 1554 1536 1597 magnus,
1561 1539 1719 1598 inquit,
1763 1574 1765 1588 ,

342 1626 362 1648 »
398 1624 527 1667 super
549 1625 697 1652 omnes
720 1609 837 1654 deos.
869 1630 886 1651 »
914 1614 1008 1670 Ipse
1036 1620 1099 1655 est
1120 1626 1312 1654 summus
1336 1614 1471 1664 Deus,
1498 1609 1574 1669 qui
1596 1624 1723 1668 super

339 1694 383 1722 se
405 1680 644 1724 nonhabet
670 1683 820 1724 Deum.
843 1683 982 1739 Opera
1011 1683 1104 1742 ejus
1128 1682 1258 1735 dicat,
1285 1682 1375 1740 ipsa
1398 1680 1645 1739 capiuntur.

400 1753 454 1793 X.
485 1769 504 1792 (t
539 1750 695 1795 Omnia
714 1767 1003 1811 quaecumque
1024 1750 1163 1795 voluit
1186 1751 1406 1805 Dominus,
1432 1750 1594 1794 fecitin
1612 1748 1724 1793 coelo
1760 1746 1763 1780 ¹³
1812 1784 1815 1793 s

343 1838 362 1859 »
398 1829 440 1863 ct
471 1820 517 1863 in
539 1829 679 1875 terra,
711 1822 756 1864 in
786 1822 892 1865 mari
922 1830 965 1865 et
990 1823 1034 1865 in,
1062 1821 1265 1865 omnibus
1296 1821 1462 1878 abyssis
1487 1822 1517 1864 ³.
1567 1839 1586 1861 »
1620 1819 1724 1872 Quis
1813 1854 1815 1864 ,

341 1898 483 1933 autem
510 1890 852 1950 comprehendat
871 1892 994 1936 haec?
1018 1892 1121 1945 Quis
1152 1901 1376 1935 enumeret
1398 1907 1527 1950 opera
1555 1889 1726 1934 Domini

342 1960 387 2003 in
404 1960 517 2005 coelo
535 1970 577 2004 et
599 1962 643 2003 in
667 1970 795 2015 terra,
821 1962 866 2004 in
883 1963 989 2005 mari
1009 1972 1051 2006 et
1073 1963 1118 2005 in
1133 1962 1336 2006 omnibus
1358 1961 1535 2018 abyssis.
1564 1963 1725 2003 Tamen

341 2030 375 2073 si
407 2030 775 2089 comprehendere
798 2032 943 2075 omnia
965 2047 1054 2075 non
1076 2047 1324 2091 possumus,
1356 2030 1608 2074 inconcusse
1631 2044 1726 2073 cre·-

342 2100 443 2143 dere
467 2110 508 2144 et
528 2109 674 2144 tenere
691 2101 923 2155 debemus,
951 2103 1155 2160 quoniam
1180 2101 1397 2160 quidquid
1430 2110 1724 2144 creaturarum
1756 2155 1757 2164 ἵ
1813 2125 1814 2136 ¹

343 2170 387 2213 in
411 2170 522 2213 coelo
539 2205 549 2224 ‚
580 2170 797 2230 quidquid
826 2171 871 2213 in
895 2181 1027 2224 terra,
1053 2170 1269 2230 quidquid
1293 2173 1334 2213 in
1359 2171 1463 2214 mari
1493 2180 1536 2214 et
1557 2171 1601 2214 in
1631 2185 1725 2214 om-
1756 2165 1758 2179 ¹

347 2241 476 2284 nibus
503 2241 665 2297 abyssis
682 2276 692 2295 ‚
730 2257 752 2284 a
776 2242 960 2285 Domino
985 2240 1146 2285 factum
1170 2250 1260 2285 est:
1288 2242 1389 2301 quia
1414 2259 1434 2282 «
1459 2241 1614 2284 Omnia
1629 2255 1726 2300 quae
1754 2232 1757 2258 ⁵

348 2329 367 2351 »
405 2310 565 2364 voluit,
586 2310 687 2354 fecit
706 2311 748 2353 in
771 2310 883 2354 coelo
904 2320 947 2355 et
967 2311 1011 2354 in
1030 2320 1141 2354 terra
1155 2346 1166 2365 ,
1198 2311 1241 2354 in
1266 2311 1372 2354 mari
1396 2319 1438 2354 et
1458 2310 1502 2353 in
1529 2310 1728 2353 omnibus

347 2399 366 2421 »
402 2381 589 2438 abyssis,
619 2399 638 2421 »
675 2381 786 2424 sicut
801 2383 891 2440 jam
923 2381 1121 2425 diximus.
1158 2383 1254 2425 Non
1284 2381 1430 2425 omnia
1464 2396 1563 2440 quae
1599 2379 1725 2435 fecit,
1752 2379 1755 2444 ξ

343 2460 516 2495 coactus
534 2460 597 2494 est
613 2450 770 2507 lacere,
786 2451 861 2496 sed
883 2470 903 2493 (ι
922 2452 1077 2495 Omnia
1095 2466 1387 2511 quaecumque
1404 2450 1543 2495 voluit
1560 2449 1675 2494 fecit.
1705 2467 1724 2490 »

397 2531 403 2546 ¹
427 2536 438 2556 1
456 2527 528 2556 Cor.
551 2536 615 2565 vni,
636 2525 668 2566 Γ),
687 2525 719 2557 6.
737 2542 774 2547 -
795 2532 807 2547 ²
830 2525 909 2558 Psal.
932 2535 949 2556 L
964 2536 1027 2565 xxi,
1052 2536 1061 2556 1
1086 2529 1118 2558 et
1135 2523 1168 2556 6.
1190 2541 1231 2547 -
1251 2522 1328 2559 31il.
1351 2534 1477 2565 czxxiv,
1500 2523 1534 2556 (3.
