<?xml version="1.0" encoding="UTF-8"?>
<!DOCTYPE html PUBLIC "-//W3C//DTD XHTML 1.0 Transitional//EN"
    "http://www.w3.org/TR/xhtml1/DTD/xhtml1-transitional.dtd">
<html xmlns="http://www.w3.org/1999/xhtml" xml:lang="en" lang="en">
 <head>
  <title>
</title>
<meta http-equiv="Content-Type" content="text/html;charset=utf-8" />
  <meta name='ocr-system' content='tesseract 3.04.00' />
  <meta name='ocr-capabilities' content='ocr_page ocr_carea ocr_par ocr_line ocrx_word'/>
</head>
<body>
  <div class='ocr_page' id='page_1' title='image "./operaomniaaccura12auguuoft_0093.png"; bbox 0 0 1815 3253; ppageno 0'>
   <div class='ocr_carea' id='block_1_1' title="bbox 0 0 10 116">
    <p class='ocr_par' dir='ltr' id='par_1_1' title="bbox 0 0 10 245">
     <span class='ocr_line' id='line_1_1' title="bbox 0 0 10 116; baseline 0 120"><span class='ocrx_word' id='word_1_1' title='bbox 0 0 10 116; x_wconf 69' lang='lat'>¹</span> 
     </span>
    </p>
   </div>
   <div class='ocr_carea' id='block_1_2' title="bbox 16 1428 25 2225">
    <p class='ocr_par' dir='ltr' id='par_1_2' title="bbox 16 1428 25 2225">
     <span class='ocr_line' id='line_1_2' title="bbox 16 1428 25 2225; baseline 0 0"><span class='ocrx_word' id='word_1_2' title='bbox 16 1428 25 2225; x_wconf 95' lang='lat' dir='ltr'> </span> 
     </span>
    </p>
   </div>
   <div class='ocr_carea' id='block_1_3' title="bbox 0 2018 5 2252">
    <p class='ocr_par' dir='ltr' id='par_1_3' title="bbox 0 2018 5 2252">
     <span class='ocr_line' id='line_1_3' title="bbox 0 2018 4 2039; baseline 0 0"><span class='ocrx_word' id='word_1_3' title='bbox 0 2018 4 2039; x_wconf 63' lang='lat' dir='ltr'>t</span> 
     </span>
     <span class='ocr_line' id='line_1_4' title="bbox 0 2093 3 2111; baseline 0 0"><span class='ocrx_word' id='word_1_4' title='bbox 0 2093 3 2111; x_wconf 84' lang='grc' dir='ltr'>ι</span> 
     </span>
     <span class='ocr_line' id='line_1_5' title="bbox 0 2154 4 2181; baseline 0 0"><span class='ocrx_word' id='word_1_5' title='bbox 0 2154 4 2181; x_wconf 94' lang='grc' dir='ltr'>Ι</span> 
     </span>
     <span class='ocr_line' id='line_1_6' title="bbox 0 2233 5 2252; baseline 0 0"><span class='ocrx_word' id='word_1_6' title='bbox 0 2233 5 2252; x_wconf 67' lang='lat'><strong>³</strong></span> 
     </span>
    </p>
   </div>
   <div class='ocr_carea' id='block_1_4' title="bbox 0 2279 27 2471">
    <p class='ocr_par' dir='ltr' id='par_1_4' title="bbox 0 2279 27 2471">
     <span class='ocr_line' id='line_1_7' title="bbox 0 2279 27 2471; baseline 0.222 -6"><span class='ocrx_word' id='word_1_7' title='bbox 0 2279 27 2471; x_wconf 71' lang='lat' dir='ltr'>{l</span> 
     </span>
    </p>
   </div>
   <div class='ocr_carea' id='block_1_5' title="bbox 0 2473 27 2547">
    <p class='ocr_par' dir='ltr' id='par_1_5' title="bbox 0 2473 27 2547">
     <span class='ocr_line' id='line_1_8' title="bbox 0 2473 27 2547; baseline 0 0"><span class='ocrx_word' id='word_1_8' title='bbox 0 2507 9 2536; x_wconf 81' lang='lat' dir='ltr'>e</span> <span class='ocrx_word' id='word_1_9' title='bbox 24 2473 27 2547; x_wconf 95' lang='grc' dir='ltr'>Ι</span> 
     </span>
    </p>
   </div>
   <div class='ocr_carea' id='block_1_6' title="bbox 2 2589 9 2598">
    <p class='ocr_par' dir='ltr' id='par_1_6' title="bbox 2 2554 29 2783">
     <span class='ocr_line' id='line_1_9' title="bbox 2 2589 9 2598; baseline 0 185"><span class='ocrx_word' id='word_1_10' title='bbox 2 2589 9 2598; x_wconf 81' lang='grc'><strong>’</strong></span> 
     </span>
    </p>
   </div>
   <div class='ocr_carea' id='block_1_7' title="bbox 376 297 1439 341">
    <p class='ocr_par' dir='ltr' id='par_1_7' title="bbox 376 297 1439 341">
     <span class='ocr_line' id='line_1_10' title="bbox 376 297 1439 341; baseline -0.005 -1"><span class='ocrx_word' id='word_1_11' title='bbox 376 310 618 341; x_wconf 70' lang='lat' dir='ltr'>ENARRATm</span> <span class='ocrx_word' id='word_1_12' title='bbox 650 314 697 341; x_wconf 64' lang='lat' dir='ltr'>nv</span> <span class='ocrx_word' id='word_1_13' title='bbox 728 309 933 340; x_wconf 74' lang='lat' dir='ltr'>PsALMUM</span> <span class='ocrx_word' id='word_1_14' title='bbox 964 311 1110 338; x_wconf 84' lang='lat' dir='ltr'>cxx1v.</span> <span class='ocrx_word' id='word_1_15' title='bbox 1385 297 1439 336; x_wconf 85' lang='lat'>83</span> 
     </span>
    </p>
   </div>
   <div class='ocr_carea' id='block_1_8' title="bbox 54 372 1443 722">
    <p class='ocr_par' dir='ltr' id='par_1_8' title="bbox 54 372 1443 722">
     <span class='ocr_line' id='line_1_11' title="bbox 55 372 1442 435; baseline -0.005 -11"><span class='ocrx_word' id='word_1_16' title='bbox 55 393 144 424; x_wconf 79' lang='lat' dir='ltr'>VOS.</span> <span class='ocrx_word' id='word_1_17' title='bbox 170 379 394 431; x_wconf 89' lang='lat' dir='ltr'>Quantum</span> <span class='ocrx_word' id='word_1_18' title='bbox 428 377 593 422; x_wconf 88' lang='lat' dir='ltr'>debent</span> <span class='ocrx_word' id='word_1_19' title='bbox 615 377 770 423; x_wconf 90' lang='lat' dir='ltr'>divites</span> <span class='ocrx_word' id='word_1_20' title='bbox 793 377 987 431; x_wconf 88' lang='lat' dir='ltr'>Christo,</span> <span class='ocrx_word' id='word_1_21' title='bbox 1013 375 1089 435; x_wconf 87' lang='lat' dir='ltr'>qui</span> <span class='ocrx_word' id='word_1_22' title='bbox 1110 372 1194 418; x_wconf 86' lang='lat' dir='ltr'>illis</span> <span class='ocrx_word' id='word_1_23' title='bbox 1216 373 1442 432; x_wconf 85' lang='lat' dir='ltr'>componit</span> 
     </span>
     <span class='ocr_line' id='line_1_12' title="bbox 56 444 1442 503; baseline -0.005 -9"><span class='ocrx_word' id='word_1_24' title='bbox 56 449 260 494; x_wconf 75' lang='lat' dir='ltr'>domum?</span> <span class='ocrx_word' id='word_1_25' title='bbox 283 451 340 494; x_wconf 90' lang='lat' dir='ltr'>Ut</span> <span class='ocrx_word' id='word_1_26' title='bbox 368 449 402 493; x_wconf 89' lang='lat' dir='ltr'>si</span> <span class='ocrx_word' id='word_1_27' title='bbox 431 448 516 493; x_wconf 83' lang='lat' dir='ltr'>fuit</span> <span class='ocrx_word' id='word_1_28' title='bbox 537 450 598 493; x_wconf 92' lang='lat' dir='ltr'>ibi</span> <span class='ocrx_word' id='word_1_29' title='bbox 629 464 777 495; x_wconf 86' lang='lat' dir='ltr'>servus</span> <span class='ocrx_word' id='word_1_30' title='bbox 808 447 1016 503; x_wconf 86' lang='lat' dir='ltr'>infidelis,</span> <span class='ocrx_word' id='word_1_31' title='bbox 1054 453 1280 491; x_wconf 88' lang='lat' dir='ltr'>convertat</span> <span class='ocrx_word' id='word_1_32' title='bbox 1314 444 1442 488; x_wconf 86' lang='lat' dir='ltr'>illum</span> 
     </span>
     <span class='ocr_line' id='line_1_13' title="bbox 54 511 1442 575; baseline -0.005 -10"><span class='ocrx_word' id='word_1_33' title='bbox 54 519 247 565; x_wconf 88' lang='lat' dir='ltr'>Christus</span> <span class='ocrx_word' id='word_1_34' title='bbox 273 538 282 564; x_wconf 74' lang='lat' dir='ltr'><em>z</em></span> <span class='ocrx_word' id='word_1_35' title='bbox 307 529 351 564; x_wconf 88' lang='lat' dir='ltr'>et</span> <span class='ocrx_word' id='word_1_36' title='bbox 370 535 459 564; x_wconf 92' lang='lat' dir='ltr'>non</span> <span class='ocrx_word' id='word_1_37' title='bbox 483 520 519 563; x_wconf 89' lang='lat' dir='ltr'>ei</span> <span class='ocrx_word' id='word_1_38' title='bbox 549 519 665 564; x_wconf 86' lang='lat' dir='ltr'>dicat</span> <span class='ocrx_word' id='word_1_39' title='bbox 681 555 691 574; x_wconf 92' lang='lat'>,</span> <span class='ocrx_word' id='word_1_40' title='bbox 726 518 904 563; x_wconf 79' lang='lat' dir='ltr'><strong>Dimitte</strong></span> <span class='ocrx_word' id='word_1_41' title='bbox 926 511 1154 562; x_wconf 88' lang='lat' dir='ltr'>dominum</span> <span class='ocrx_word' id='word_1_42' title='bbox 1177 525 1331 570; x_wconf 82' lang='lat' dir='ltr'>tuum,</span> <span class='ocrx_word' id='word_1_43' title='bbox 1350 516 1442 575; x_wconf 87' lang='lat' dir='ltr'>jam</span> 
     </span>
     <span class='ocr_line' id='line_1_14' title="bbox 54 585 1443 650; baseline -0.004 -16"><span class='ocrx_word' id='word_1_44' title='bbox 54 589 292 649; x_wconf 83' lang='lat' dir='ltr'>cognovisti</span> <span class='ocrx_word' id='word_1_45' title='bbox 314 605 413 633; x_wconf 91' lang='lat' dir='ltr'>eum</span> <span class='ocrx_word' id='word_1_46' title='bbox 435 589 511 650; x_wconf 86' lang='lat' dir='ltr'>qui</span> <span class='ocrx_word' id='word_1_47' title='bbox 534 605 661 635; x_wconf 89' lang='lat' dir='ltr'>verus</span> <span class='ocrx_word' id='word_1_48' title='bbox 683 599 747 634; x_wconf 89' lang='lat' dir='ltr'>est</span> <span class='ocrx_word' id='word_1_49' title='bbox 768 589 976 634; x_wconf 82' lang='lat' dir='ltr'>Dominus</span> <span class='ocrx_word' id='word_1_50' title='bbox 1003 607 1012 632; x_wconf 69' lang='grc' dir='ltr'>ε</span> <span class='ocrx_word' id='word_1_51' title='bbox 1039 587 1112 631; x_wconf 88' lang='lat' dir='ltr'>ille</span> <span class='ocrx_word' id='word_1_52' title='bbox 1140 586 1254 631; x_wconf 85' lang='lat' dir='ltr'>forte</span> <span class='ocrx_word' id='word_1_53' title='bbox 1284 585 1443 646; x_wconf 89' lang='lat' dir='ltr'>impius</span> 
     </span>
     <span class='ocr_line' id='line_1_15' title="bbox 55 657 1443 722; baseline -0.003 -17"><span class='ocrx_word' id='word_1_54' title='bbox 55 670 118 705; x_wconf 90' lang='lat' dir='ltr'>est</span> <span class='ocrx_word' id='word_1_55' title='bbox 137 670 179 705; x_wconf 91' lang='lat' dir='ltr'>et</span> <span class='ocrx_word' id='word_1_56' title='bbox 201 661 399 721; x_wconf 87' lang='lat' dir='ltr'>iniquus,</span> <span class='ocrx_word' id='word_1_57' title='bbox 430 670 479 705; x_wconf 89' lang='lat' dir='ltr'>tu</span> <span class='ocrx_word' id='word_1_58' title='bbox 499 662 590 722; x_wconf 86' lang='lat' dir='ltr'>jam</span> <span class='ocrx_word' id='word_1_59' title='bbox 612 660 750 705; x_wconf 80' lang='lat' dir='ltr'>fidelis</span> <span class='ocrx_word' id='word_1_60' title='bbox 773 670 816 705; x_wconf 90' lang='lat' dir='ltr'>et</span> <span class='ocrx_word' id='word_1_61' title='bbox 838 665 1008 721; x_wconf 72' lang='lat' dir='ltr'>justus,</span> <span class='ocrx_word' id='word_1_62' title='bbox 1031 657 1261 716; x_wconf 83' lang='lat' dir='ltr'>indignum</span> <span class='ocrx_word' id='word_1_63' title='bbox 1292 667 1357 702; x_wconf 85' lang='lat' dir='ltr'>est</span> <span class='ocrx_word' id='word_1_64' title='bbox 1392 666 1443 702; x_wconf 86' lang='lat' dir='ltr'>ut</span> 
     </span>
    </p>
   </div>
   <div class='ocr_carea' id='block_1_9' title="bbox 49 728 1439 792">
    <p class='ocr_par' dir='ltr' id='par_1_9' title="bbox 49 728 1439 792">
     <span class='ocr_line' id='line_1_16' title="bbox 49 728 1439 792; baseline -0.004 -16"><span class='ocrx_word' id='word_1_65' title='bbox 49 733 190 792; x_wconf 86' lang='lat' dir='ltr'>justus</span> <span class='ocrx_word' id='word_1_66' title='bbox 212 741 255 776; x_wconf 90' lang='lat' dir='ltr'>et</span> <span class='ocrx_word' id='word_1_67' title='bbox 276 730 414 776; x_wconf 88' lang='lat' dir='ltr'>fidelis</span> <span class='ocrx_word' id='word_1_68' title='bbox 431 732 587 777; x_wconf 87' lang='lat' dir='ltr'>serviat</span> <span class='ocrx_word' id='word_1_69' title='bbox 604 732 754 792; x_wconf 82' lang='lat' dir='ltr'>iniquo</span> <span class='ocrx_word' id='word_1_70' title='bbox 772 730 1008 775; x_wconf 88' lang='lat' dir='ltr'>etinfideli.</span> <span class='ocrx_word' id='word_1_71' title='bbox 1026 731 1125 775; x_wconf 92' lang='lat' dir='ltr'>Non</span> <span class='ocrx_word' id='word_1_72' title='bbox 1141 730 1226 773; x_wconf 87' lang='lat' dir='ltr'>hoc</span> <span class='ocrx_word' id='word_1_73' title='bbox 1251 728 1289 772; x_wconf 91' lang='lat' dir='ltr'>ei</span> <span class='ocrx_word' id='word_1_74' title='bbox 1309 728 1439 783; x_wconf 86' lang='lat' dir='ltr'>dixit,</span> 
     </span>
    </p>
   </div>
   <div class='ocr_carea' id='block_1_10' title="bbox 53 799 1444 1428">
    <p class='ocr_par' dir='ltr' id='par_1_10' title="bbox 53 799 1444 1428">
     <span class='ocr_line' id='line_1_17' title="bbox 53 799 1436 862; baseline -0.002 -16"><span class='ocrx_word' id='word_1_75' title='bbox 53 803 128 847; x_wconf 90' lang='lat' dir='ltr'>sed</span> <span class='ocrx_word' id='word_1_76' title='bbox 149 803 284 862; x_wconf 84' lang='lat' dir='ltr'>magis</span> <span class='ocrx_word' id='word_1_77' title='bbox 299 838 310 858; x_wconf 82' lang='lat'>,</span> <span class='ocrx_word' id='word_1_78' title='bbox 346 804 479 848; x_wconf 88' lang='lat' dir='ltr'>Servi.</span> <span class='ocrx_word' id='word_1_79' title='bbox 505 807 562 848; x_wconf 87' lang='lat' dir='ltr'>Et</span> <span class='ocrx_word' id='word_1_80' title='bbox 583 813 632 849; x_wconf 92' lang='lat' dir='ltr'>ut</span> <span class='ocrx_word' id='word_1_81' title='bbox 659 804 962 849; x_wconf 84' lang='lat' dir='ltr'>corroboraret</span> <span class='ocrx_word' id='word_1_82' title='bbox 979 816 1151 846; x_wconf 88' lang='lat' dir='ltr'>servum</span> <span class='ocrx_word' id='word_1_83' title='bbox 1167 836 1178 856; x_wconf 93' lang='lat'>,</span> <span class='ocrx_word' id='word_1_84' title='bbox 1198 801 1283 845; x_wconf 91' lang='lat' dir='ltr'>hoc</span> <span class='ocrx_word' id='word_1_85' title='bbox 1304 799 1436 855; x_wconf 84' lang='lat' dir='ltr'>dixit,</span> 
     </span>
     <span class='ocr_line' id='line_1_18' title="bbox 53 867 1441 933; baseline -0.002 -16"><span class='ocrx_word' id='word_1_86' title='bbox 53 873 262 933; x_wconf 86' lang='lat' dir='ltr'>Exemplo</span> <span class='ocrx_word' id='word_1_87' title='bbox 287 888 384 917; x_wconf 89' lang='lat' dir='ltr'>meo</span> <span class='ocrx_word' id='word_1_88' title='bbox 405 874 515 918; x_wconf 89' lang='lat' dir='ltr'>servi</span> <span class='ocrx_word' id='word_1_89' title='bbox 534 909 543 928; x_wconf 91' lang='lat'>,</span> <span class='ocrx_word' id='word_1_90' title='bbox 577 874 695 933; x_wconf 89' lang='lat' dir='ltr'>prior</span> <span class='ocrx_word' id='word_1_91' title='bbox 715 867 877 919; x_wconf 71' lang='lat' dir='ltr'>servivi</span> <span class='ocrx_word' id='word_1_92' title='bbox 892 873 1067 933; x_wconf 88' lang='lat' dir='ltr'>iniquis.</span> <span class='ocrx_word' id='word_1_93' title='bbox 1089 872 1300 916; x_wconf 88' lang='lat' dir='ltr'>Dominus</span> <span class='ocrx_word' id='word_1_94' title='bbox 1322 871 1441 915; x_wconf 90' lang='lat' dir='ltr'>enim</span> 
     </span>
     <span class='ocr_line' id='line_1_19' title="bbox 53 942 1441 1005; baseline -0.002 -17"><span class='ocrx_word' id='word_1_95' title='bbox 53 953 172 988; x_wconf 87' lang='lat' dir='ltr'>tanta</span> <span class='ocrx_word' id='word_1_96' title='bbox 184 945 228 987; x_wconf 90' lang='lat' dir='ltr'>in</span> <span class='ocrx_word' id='word_1_97' title='bbox 245 944 439 1003; x_wconf 74' lang='lat' dir='ltr'>passione</span> <span class='ocrx_word' id='word_1_98' title='bbox 452 945 682 1000; x_wconf 84' lang='lat' dir='ltr'>sustinens,</span> <span class='ocrx_word' id='word_1_99' title='bbox 702 945 895 1005; x_wconf 87' lang='lat' dir='ltr'>aquibus</span> <span class='ocrx_word' id='word_1_100' title='bbox 910 943 1115 988; x_wconf 84' lang='lat' dir='ltr'>sustinuit</span> <span class='ocrx_word' id='word_1_101' title='bbox 1131 943 1212 987; x_wconf 92' lang='lat' dir='ltr'>nisi</span> <span class='ocrx_word' id='word_1_102' title='bbox 1229 942 1441 986; x_wconf 89' lang='lat' dir='ltr'>Dominus</span> 
     </span>
     <span class='ocr_line' id='line_1_20' title="bbox 54 1012 1444 1075; baseline -0.001 -16"><span class='ocrx_word' id='word_1_103' title='bbox 54 1030 77 1059; x_wconf 92' lang='lat' dir='ltr'>a</span> <span class='ocrx_word' id='word_1_104' title='bbox 99 1014 252 1059; x_wconf 80' lang='lat' dir='ltr'>servis?</span> <span class='ocrx_word' id='word_1_105' title='bbox 266 1017 322 1059; x_wconf 91' lang='lat' dir='ltr'>Et</span> <span class='ocrx_word' id='word_1_106' title='bbox 344 1031 365 1059; x_wconf 88' lang='lat' dir='ltr'>a</span> <span class='ocrx_word' id='word_1_107' title='bbox 383 1016 544 1075; x_wconf 85' lang='lat' dir='ltr'>quibus</span> <span class='ocrx_word' id='word_1_108' title='bbox 558 1051 569 1069; x_wconf 85' lang='lat'>,</span> <span class='ocrx_word' id='word_1_109' title='bbox 592 1017 676 1060; x_wconf 89' lang='lat' dir='ltr'>nisi</span> <span class='ocrx_word' id='word_1_110' title='bbox 700 1032 721 1059; x_wconf 86' lang='lat' dir='ltr'>a</span> <span class='ocrx_word' id='word_1_111' title='bbox 742 1016 865 1060; x_wconf 85' lang='lat' dir='ltr'>malis</span> <span class='ocrx_word' id='word_1_112' title='bbox 882 1015 1046 1060; x_wconf 71' lang='lat' dir='ltr'>servis?</span> <span class='ocrx_word' id='word_1_113' title='bbox 1073 1017 1183 1060; x_wconf 83' lang='lat' dir='ltr'>Nam</span> <span class='ocrx_word' id='word_1_114' title='bbox 1204 1013 1239 1057; x_wconf 89' lang='lat' dir='ltr'>si</span> <span class='ocrx_word' id='word_1_115' title='bbox 1261 1012 1444 1058; x_wconf 88' lang='lat' dir='ltr'>fuissent</span> 
     </span>
     <span class='ocr_line' id='line_1_21' title="bbox 53 1083 1444 1145; baseline -0.002 -15"><span class='ocrx_word' id='word_1_116' title='bbox 53 1085 157 1130; x_wconf 88' lang='lat' dir='ltr'>boni</span> <span class='ocrx_word' id='word_1_117' title='bbox 189 1086 297 1130; x_wconf 89' lang='lat' dir='ltr'>servi</span> <span class='ocrx_word' id='word_1_118' title='bbox 315 1121 326 1139; x_wconf 90' lang='lat'><strong>‚</strong></span> <span class='ocrx_word' id='word_1_119' title='bbox 362 1087 630 1130; x_wconf 78' lang='lat' dir='ltr'>honorarent</span> <span class='ocrx_word' id='word_1_120' title='bbox 652 1087 903 1131; x_wconf 89' lang='lat' dir='ltr'>Dominum.</span> <span class='ocrx_word' id='word_1_121' title='bbox 938 1085 1022 1131; x_wconf 90' lang='lat' dir='ltr'>Sed</span> <span class='ocrx_word' id='word_1_122' title='bbox 1058 1085 1160 1145; x_wconf 87' lang='lat' dir='ltr'>quia</span> <span class='ocrx_word' id='word_1_123' title='bbox 1191 1083 1295 1128; x_wconf 87' lang='lat' dir='ltr'>mali</span> <span class='ocrx_word' id='word_1_124' title='bbox 1333 1084 1444 1128; x_wconf 85' lang='lat' dir='ltr'>servi</span> 
     </span>
     <span class='ocr_line' id='line_1_22' title="bbox 54 1153 1443 1216; baseline -0.001 -17"><span class='ocrx_word' id='word_1_125' title='bbox 54 1165 197 1210; x_wconf 82' lang='lat' dir='ltr'>erant,</span> <span class='ocrx_word' id='word_1_126' title='bbox 218 1156 547 1215; x_wconf 85' lang='lat' dir='ltr'>injuriaverunt.</span> <span class='ocrx_word' id='word_1_127' title='bbox 575 1156 654 1200; x_wconf 86' lang='lat' dir='ltr'>Ille</span> <span class='ocrx_word' id='word_1_128' title='bbox 676 1156 784 1216; x_wconf 86' lang='lat' dir='ltr'>quid</span> <span class='ocrx_word' id='word_1_129' title='bbox 807 1164 973 1200; x_wconf 86' lang='lat' dir='ltr'>contra.</span> <span class='ocrx_word' id='word_1_130' title='bbox 1006 1153 1216 1199; x_wconf 83' lang='lat' dir='ltr'>Reddidit</span> <span class='ocrx_word' id='word_1_131' title='bbox 1243 1153 1443 1198; x_wconf 87' lang='lat' dir='ltr'>dilectio-</span> 
     </span>
     <span class='ocr_line' id='line_1_23' title="bbox 54 1225 1442 1286; baseline 0 -17"><span class='ocrx_word' id='word_1_132' title='bbox 54 1241 154 1270; x_wconf 89' lang='lat' dir='ltr'>nem</span> <span class='ocrx_word' id='word_1_133' title='bbox 167 1242 245 1285; x_wconf 90' lang='lat' dir='ltr'>pro</span> <span class='ocrx_word' id='word_1_134' title='bbox 266 1226 379 1271; x_wconf 90' lang='lat' dir='ltr'>odio.</span> <span class='ocrx_word' id='word_1_135' title='bbox 404 1227 476 1270; x_wconf 86' lang='lat' dir='ltr'>Ait</span> <span class='ocrx_word' id='word_1_136' title='bbox 497 1227 613 1270; x_wconf 84' lang='lat' dir='ltr'>enim</span> <span class='ocrx_word' id='word_1_137' title='bbox 630 1262 640 1282; x_wconf 85' lang='lat'>,</span> <span class='ocrx_word' id='word_1_138' title='bbox 671 1247 690 1269; x_wconf 93' lang='lat'>«</span> <span class='ocrx_word' id='word_1_139' title='bbox 708 1230 835 1271; x_wconf 88' lang='lat' dir='ltr'>Pater</span> <span class='ocrx_word' id='word_1_140' title='bbox 849 1262 859 1281; x_wconf 90' lang='lat'>,</span> <span class='ocrx_word' id='word_1_141' title='bbox 881 1227 1056 1285; x_wconf 80' lang='lat' dir='ltr'>ignosce</span> <span class='ocrx_word' id='word_1_142' title='bbox 1079 1225 1179 1281; x_wconf 86' lang='lat' dir='ltr'>illis,</span> <span class='ocrx_word' id='word_1_143' title='bbox 1209 1226 1311 1286; x_wconf 86' lang='lat' dir='ltr'>quia</span> <span class='ocrx_word' id='word_1_144' title='bbox 1340 1240 1442 1269; x_wconf 90' lang='lat' dir='ltr'>nes-</span> 
     </span>
     <span class='ocr_line' id='line_1_24' title="bbox 57 1295 1444 1357; baseline 0.001 -20"><span class='ocrx_word' id='word_1_145' title='bbox 57 1314 77 1338; x_wconf 87' lang='lat'>»</span> <span class='ocrx_word' id='word_1_146' title='bbox 100 1296 221 1341; x_wconf 90' lang='lat' dir='ltr'>ciunt</span> <span class='ocrx_word' id='word_1_147' title='bbox 255 1297 361 1357; x_wconf 88' lang='lat' dir='ltr'>quid</span> <span class='ocrx_word' id='word_1_148' title='bbox 385 1296 595 1342; x_wconf 79' lang='lat' dir='ltr'>faciunt1.</span> <span class='ocrx_word' id='word_1_149' title='bbox 622 1316 642 1339; x_wconf 85' lang='lat'>»</span> <span class='ocrx_word' id='word_1_150' title='bbox 669 1297 712 1342; x_wconf 91' lang='lat' dir='ltr'>Si</span> <span class='ocrx_word' id='word_1_151' title='bbox 735 1298 946 1342; x_wconf 88' lang='lat' dir='ltr'>Dominus</span> <span class='ocrx_word' id='word_1_152' title='bbox 978 1295 1079 1341; x_wconf 86' lang='lat' dir='ltr'>coeli</span> <span class='ocrx_word' id='word_1_153' title='bbox 1112 1306 1156 1340; x_wconf 90' lang='lat' dir='ltr'>et</span> <span class='ocrx_word' id='word_1_154' title='bbox 1177 1306 1304 1340; x_wconf 82' lang='lat' dir='ltr'>terrae</span> <span class='ocrx_word' id='word_1_155' title='bbox 1324 1332 1334 1352; x_wconf 92' lang='lat'>,</span> <span class='ocrx_word' id='word_1_156' title='bbox 1365 1312 1444 1356; x_wconf 87' lang='lat' dir='ltr'>per</span> 
     </span>
     <span class='ocr_line' id='line_1_25' title="bbox 53 1366 1443 1428; baseline 0.001 -18"><span class='ocrx_word' id='word_1_157' title='bbox 53 1382 184 1427; x_wconf 90' lang='lat' dir='ltr'>quem</span> <span class='ocrx_word' id='word_1_158' title='bbox 205 1366 318 1412; x_wconf 88' lang='lat' dir='ltr'>facta</span> <span class='ocrx_word' id='word_1_159' title='bbox 338 1377 439 1412; x_wconf 91' lang='lat' dir='ltr'>sunt</span> <span class='ocrx_word' id='word_1_160' title='bbox 454 1369 599 1413; x_wconf 86' lang='lat' dir='ltr'>omnia</span> <span class='ocrx_word' id='word_1_161' title='bbox 614 1404 625 1423; x_wconf 93' lang='lat'>,</span> <span class='ocrx_word' id='word_1_162' title='bbox 651 1369 825 1413; x_wconf 82' lang='lat' dir='ltr'>servivit</span> <span class='ocrx_word' id='word_1_163' title='bbox 842 1368 1051 1427; x_wconf 83' lang='lat' dir='ltr'>indignis,</span> <span class='ocrx_word' id='word_1_164' title='bbox 1078 1368 1244 1426; x_wconf 80' lang='lat' dir='ltr'>rogavit</span> <span class='ocrx_word' id='word_1_165' title='bbox 1264 1384 1344 1428; x_wconf 89' lang='lat' dir='ltr'>pro</span> <span class='ocrx_word' id='word_1_166' title='bbox 1360 1384 1443 1412; x_wconf 83' lang='lat' dir='ltr'>sae-</span> 
     </span>
    </p>
   </div>
   <div class='ocr_carea' id='block_1_11' title="bbox 18 1438 1444 1499">
    <p class='ocr_par' dir='ltr' id='par_1_11' title="bbox 18 1438 1444 1499">
     <span class='ocr_line' id='line_1_26' title="bbox 18 1438 1444 1499; baseline 0 -17"><span class='ocrx_word' id='word_1_167' title='bbox 18 1487 19 1490; x_wconf 13' lang='lat'><em>*</em></span> <span class='ocrx_word' id='word_1_168' title='bbox 53 1439 268 1483; x_wconf 88' lang='lat' dir='ltr'>vientibus</span> <span class='ocrx_word' id='word_1_169' title='bbox 290 1448 332 1483; x_wconf 90' lang='lat' dir='ltr'>et</span> <span class='ocrx_word' id='word_1_170' title='bbox 355 1438 601 1484; x_wconf 86' lang='lat' dir='ltr'>furentibus</span> <span class='ocrx_word' id='word_1_171' title='bbox 617 1475 627 1494; x_wconf 92' lang='lat'>,</span> <span class='ocrx_word' id='word_1_172' title='bbox 648 1449 692 1483; x_wconf 84' lang='lat' dir='ltr'>et</span> <span class='ocrx_word' id='word_1_173' title='bbox 712 1449 922 1499; x_wconf 80' lang='lat' dir='ltr'>tanquam</span> <span class='ocrx_word' id='word_1_174' title='bbox 939 1440 1159 1483; x_wconf 90' lang='lat' dir='ltr'>medicum</span> <span class='ocrx_word' id='word_1_175' title='bbox 1178 1455 1222 1483; x_wconf 90' lang='lat' dir='ltr'>se</span> <span class='ocrx_word' id='word_1_176' title='bbox 1243 1439 1444 1483; x_wconf 82' lang='lat' dir='ltr'>exhibuit</span> 
     </span>
    </p>
   </div>
   <div class='ocr_carea' id='block_1_12' title="bbox 54 1509 1444 1853">
    <p class='ocr_par' dir='ltr' id='par_1_12' title="bbox 54 1509 1444 1853">
     <span class='ocr_line' id='line_1_27' title="bbox 54 1509 1442 1570; baseline 0 -16"><span class='ocrx_word' id='word_1_177' title='bbox 54 1509 286 1555; x_wconf 89' lang='lat' dir='ltr'>adveniens</span> <span class='ocrx_word' id='word_1_178' title='bbox 307 1530 316 1555; x_wconf 73' lang='grc' dir='ltr'>ε</span> <span class='ocrx_word' id='word_1_179' title='bbox 337 1513 469 1570; x_wconf 86' lang='lat' dir='ltr'>(nam</span> <span class='ocrx_word' id='word_1_180' title='bbox 496 1521 539 1555; x_wconf 91' lang='lat' dir='ltr'>et</span> <span class='ocrx_word' id='word_1_181' title='bbox 563 1511 721 1555; x_wconf 89' lang='lat' dir='ltr'>medici</span> <span class='ocrx_word' id='word_1_182' title='bbox 747 1521 791 1555; x_wconf 89' lang='lat' dir='ltr'>et</span> <span class='ocrx_word' id='word_1_183' title='bbox 818 1521 909 1555; x_wconf 85' lang='lat' dir='ltr'>arte</span> <span class='ocrx_word' id='word_1_184' title='bbox 944 1520 987 1554; x_wconf 90' lang='lat' dir='ltr'>et</span> <span class='ocrx_word' id='word_1_185' title='bbox 1025 1512 1206 1555; x_wconf 86' lang='lat' dir='ltr'>sanitate</span> <span class='ocrx_word' id='word_1_186' title='bbox 1242 1510 1442 1555; x_wconf 86' lang='lat' dir='ltr'>meliores</span> 
     </span>
     <span class='ocr_line' id='line_1_28' title="bbox 54 1581 1444 1643; baseline 0.002 -18"><span class='ocrx_word' id='word_1_187' title='bbox 54 1581 246 1626; x_wconf 85' lang='lat' dir='ltr'>serviunt</span> <span class='ocrx_word' id='word_1_188' title='bbox 262 1583 434 1641; x_wconf 64' lang='lat' dir='ltr'>{egrotis</span> <span class='ocrx_word' id='word_1_189' title='bbox 453 1587 490 1638; x_wconf 78' lang='lat' dir='ltr'>z)</span> <span class='ocrx_word' id='word_1_190' title='bbox 513 1591 679 1643; x_wconf 86' lang='lat' dir='ltr'>quanto</span> <span class='ocrx_word' id='word_1_191' title='bbox 700 1582 836 1641; x_wconf 83' lang='lat' dir='ltr'>magis</span> <span class='ocrx_word' id='word_1_192' title='bbox 859 1597 948 1626; x_wconf 92' lang='lat' dir='ltr'>non</span> <span class='ocrx_word' id='word_1_193' title='bbox 970 1581 1103 1626; x_wconf 88' lang='lat' dir='ltr'>debet</span> <span class='ocrx_word' id='word_1_194' title='bbox 1120 1581 1346 1640; x_wconf 81' lang='lat' dir='ltr'>dedignari</span> <span class='ocrx_word' id='word_1_195' title='bbox 1367 1584 1444 1628; x_wconf 92' lang='lat' dir='ltr'>ho·</span> 
     </span>
     <span class='ocr_line' id='line_1_29' title="bbox 54 1653 1444 1708; baseline 0.002 -13"><span class='ocrx_word' id='word_1_196' title='bbox 54 1666 154 1707; x_wconf 83' lang='lat' dir='ltr'>mo,</span> <span class='ocrx_word' id='word_1_197' title='bbox 173 1667 224 1696; x_wconf 86' lang='lat' dir='ltr'>ex</span> <span class='ocrx_word' id='word_1_198' title='bbox 247 1661 341 1697; x_wconf 92' lang='lat' dir='ltr'>toto</span> <span class='ocrx_word' id='word_1_199' title='bbox 365 1654 512 1697; x_wconf 90' lang='lat' dir='ltr'>animo</span> <span class='ocrx_word' id='word_1_200' title='bbox 526 1689 536 1708; x_wconf 96' lang='lat'>,</span> <span class='ocrx_word' id='word_1_201' title='bbox 569 1662 611 1697; x_wconf 92' lang='lat' dir='ltr'>et</span> <span class='ocrx_word' id='word_1_202' title='bbox 639 1669 689 1696; x_wconf 86' lang='lat' dir='ltr'>ex</span> <span class='ocrx_word' id='word_1_203' title='bbox 705 1662 796 1697; x_wconf 88' lang='lat' dir='ltr'>tota</span> <span class='ocrx_word' id='word_1_204' title='bbox 817 1653 933 1697; x_wconf 85' lang='lat' dir='ltr'>bona</span> <span class='ocrx_word' id='word_1_205' title='bbox 949 1653 1177 1697; x_wconf 85' lang='lat' dir='ltr'>voluntate</span> <span class='ocrx_word' id='word_1_206' title='bbox 1192 1687 1202 1707; x_wconf 92' lang='lat'>,</span> <span class='ocrx_word' id='word_1_207' title='bbox 1229 1668 1331 1696; x_wconf 89' lang='lat' dir='ltr'>cum</span> <span class='ocrx_word' id='word_1_208' title='bbox 1352 1662 1444 1699; x_wconf 86' lang='lat' dir='ltr'>tota</span> 
     </span>
     <span class='ocr_line' id='line_1_30' title="bbox 54 1721 1444 1769; baseline 0.002 -4"><span class='ocrx_word' id='word_1_209' title='bbox 54 1721 286 1767; x_wconf 77' lang='lat' dir='ltr'>dilectione</span> <span class='ocrx_word' id='word_1_210' title='bbox 305 1723 462 1767; x_wconf 85' lang='lat' dir='ltr'>servire</span> <span class='ocrx_word' id='word_1_211' title='bbox 484 1724 662 1768; x_wconf 89' lang='lat' dir='ltr'>domino</span> <span class='ocrx_word' id='word_1_212' title='bbox 684 1723 814 1767; x_wconf 84' lang='lat' dir='ltr'>etiam</span> <span class='ocrx_word' id='word_1_213' title='bbox 836 1722 980 1767; x_wconf 76' lang='lat' dir='ltr'>malo?</span> <span class='ocrx_word' id='word_1_214' title='bbox 997 1726 1110 1767; x_wconf 88' lang='lat' dir='ltr'>Ecce</span> <span class='ocrx_word' id='word_1_215' title='bbox 1142 1724 1273 1767; x_wconf 90' lang='lat' dir='ltr'>servit</span> <span class='ocrx_word' id='word_1_216' title='bbox 1290 1724 1444 1769; x_wconf 89' lang='lat' dir='ltr'>melior</span> 
     </span>
     <span class='ocr_line' id='line_1_31' title="bbox 55 1790 1443 1853; baseline 0.001 -16"><span class='ocrx_word' id='word_1_217' title='bbox 55 1790 256 1837; x_wconf 85' lang='lat' dir='ltr'>deteriori</span> <span class='ocrx_word' id='word_1_218' title='bbox 276 1829 286 1848; x_wconf 92' lang='lat'>,</span> <span class='ocrx_word' id='word_1_219' title='bbox 319 1795 394 1838; x_wconf 89' lang='lat' dir='ltr'>sed</span> <span class='ocrx_word' id='word_1_220' title='bbox 412 1794 466 1838; x_wconf 88' lang='lat' dir='ltr'>ad</span> <span class='ocrx_word' id='word_1_221' title='bbox 492 1803 678 1853; x_wconf 87' lang='lat' dir='ltr'>tempus.</span> <span class='ocrx_word' id='word_1_222' title='bbox 703 1793 832 1847; x_wconf 89' lang='lat' dir='ltr'>Quod</span> <span class='ocrx_word' id='word_1_223' title='bbox 850 1803 997 1838; x_wconf 85' lang='lat' dir='ltr'>autem</span> <span class='ocrx_word' id='word_1_224' title='bbox 1013 1794 1103 1837; x_wconf 81' lang='lat' dir='ltr'>dixi</span> <span class='ocrx_word' id='word_1_225' title='bbox 1120 1793 1175 1837; x_wconf 91' lang='lat' dir='ltr'>de</span> <span class='ocrx_word' id='word_1_226' title='bbox 1197 1794 1376 1839; x_wconf 90' lang='lat' dir='ltr'>domino</span> <span class='ocrx_word' id='word_1_227' title='bbox 1399 1805 1443 1840; x_wconf 89' lang='lat' dir='ltr'>et</span> 
     </span>
    </p>
   </div>
   <div class='ocr_carea' id='block_1_13' title="bbox 20 1862 1445 1997">
    <p class='ocr_par' dir='ltr' id='par_1_13' title="bbox 20 1862 1445 1997">
     <span class='ocr_line' id='line_1_32' title="bbox 20 1862 1445 1924; baseline 0.005 -18"><span class='ocrx_word' id='word_1_228' title='bbox 20 1862 21 1878; x_wconf 65' lang='lat'>¹</span> <span class='ocrx_word' id='word_1_229' title='bbox 54 1878 175 1907; x_wconf 86' lang='lat' dir='ltr'>servo</span> <span class='ocrx_word' id='word_1_230' title='bbox 191 1898 202 1918; x_wconf 87' lang='lat'>,</span> <span class='ocrx_word' id='word_1_231' title='bbox 227 1864 311 1908; x_wconf 90' lang='lat' dir='ltr'>hoc</span> <span class='ocrx_word' id='word_1_232' title='bbox 332 1864 561 1923; x_wconf 80' lang='lat' dir='ltr'>intelligite</span> <span class='ocrx_word' id='word_1_233' title='bbox 581 1863 636 1908; x_wconf 86' lang='lat' dir='ltr'>de</span> <span class='ocrx_word' id='word_1_234' title='bbox 660 1865 948 1924; x_wconf 77' lang='lat' dir='ltr'>potestatibus</span> <span class='ocrx_word' id='word_1_235' title='bbox 974 1874 1018 1909; x_wconf 92' lang='lat' dir='ltr'>et</span> <span class='ocrx_word' id='word_1_236' title='bbox 1039 1866 1211 1923; x_wconf 83' lang='lat' dir='ltr'>regibus</span> <span class='ocrx_word' id='word_1_237' title='bbox 1228 1901 1238 1921; x_wconf 94' lang='lat'>,</span> <span class='ocrx_word' id='word_1_238' title='bbox 1264 1866 1320 1911; x_wconf 87' lang='lat' dir='ltr'>de</span> <span class='ocrx_word' id='word_1_239' title='bbox 1348 1883 1445 1913; x_wconf 90' lang='lat' dir='ltr'>om-</span> 
     </span>
     <span class='ocr_line' id='line_1_33' title="bbox 20 1933 1442 1997; baseline 0.005 -21"><span class='ocrx_word' id='word_1_240' title='bbox 20 1955 23 1995; x_wconf 44' lang='lat'>,</span> <span class='ocrx_word' id='word_1_241' title='bbox 55 1933 185 1978; x_wconf 89' lang='lat' dir='ltr'>nibus</span> <span class='ocrx_word' id='word_1_242' title='bbox 206 1934 469 1980; x_wconf 82' lang='lat' dir='ltr'>culminibus</span> <span class='ocrx_word' id='word_1_243' title='bbox 490 1936 621 1996; x_wconf 87' lang='lat' dir='ltr'>hujus</span> <span class='ocrx_word' id='word_1_244' title='bbox 639 1935 799 1980; x_wconf 82' lang='lat' dir='ltr'>saeculi.</span> <span class='ocrx_word' id='word_1_245' title='bbox 816 1935 1066 1996; x_wconf 84' lang='lat' dir='ltr'>Aliquando</span> <span class='ocrx_word' id='word_1_246' title='bbox 1080 1937 1196 1980; x_wconf 89' lang='lat' dir='ltr'>enim</span> <span class='ocrx_word' id='word_1_247' title='bbox 1209 1947 1442 1997; x_wconf 82' lang='lat' dir='ltr'>potestates</span> 
     </span>
    </p>
   </div>
   <div class='ocr_carea' id='block_1_14' title="bbox 54 2003 1436 2066">
    <p class='ocr_par' dir='ltr' id='par_1_14' title="bbox 54 2003 1436 2066">
     <span class='ocr_line' id='line_1_34' title="bbox 54 2003 1436 2066; baseline 0.004 -19"><span class='ocrx_word' id='word_1_248' title='bbox 54 2003 181 2048; x_wconf 85' lang='lat' dir='ltr'>bonae</span> <span class='ocrx_word' id='word_1_249' title='bbox 192 2014 308 2060; x_wconf 91' lang='lat' dir='ltr'>sunt,</span> <span class='ocrx_word' id='word_1_250' title='bbox 326 2015 368 2049; x_wconf 92' lang='lat' dir='ltr'>et</span> <span class='ocrx_word' id='word_1_251' title='bbox 391 2006 546 2049; x_wconf 87' lang='lat' dir='ltr'>timent</span> <span class='ocrx_word' id='word_1_252' title='bbox 564 2008 727 2063; x_wconf 69' lang='lat' dir='ltr'>Deum,</span> <span class='ocrx_word' id='word_1_253' title='bbox 753 2005 989 2066; x_wconf 87' lang='lat' dir='ltr'>aliquando</span> <span class='ocrx_word' id='word_1_254' title='bbox 1011 2022 1100 2052; x_wconf 93' lang='lat' dir='ltr'>non</span> <span class='ocrx_word' id='word_1_255' title='bbox 1118 2007 1272 2052; x_wconf 90' lang='lat' dir='ltr'>timent</span> <span class='ocrx_word' id='word_1_256' title='bbox 1282 2012 1436 2054; x_wconf 90' lang='lat' dir='ltr'>Deum.</span> 
     </span>
    </p>
   </div>
   <div class='ocr_carea' id='block_1_15' title="bbox 0 2074 1440 2141">
    <p class='ocr_par' dir='ltr' id='par_1_15' title="bbox 0 2074 1440 2141">
     <span class='ocr_line' id='line_1_35' title="bbox 0 2074 1440 2141; baseline 0.006 -24"><span class='ocrx_word' id='word_1_257' title='bbox 0 2082 3 2090; x_wconf 89' lang='grc'><em>“</em></span> <span class='ocrx_word' id='word_1_258' title='bbox 55 2074 253 2119; x_wconf 81' lang='lat' dir='ltr'>Julianus</span> <span class='ocrx_word' id='word_1_259' title='bbox 271 2076 604 2120; x_wconf 80' lang='lat' dir='ltr'>extititinfidelis</span> <span class='ocrx_word' id='word_1_260' title='bbox 615 2077 850 2136; x_wconf 87' lang='lat' dir='ltr'>imperator</span> <span class='ocrx_word' id='word_1_261' title='bbox 861 2113 871 2132; x_wconf 97' lang='lat'>,</span> <span class='ocrx_word' id='word_1_262' title='bbox 887 2079 1027 2123; x_wconf 83' lang='lat' dir='ltr'>extitit</span> <span class='ocrx_word' id='word_1_263' title='bbox 1041 2088 1251 2138; x_wconf 85' lang='lat' dir='ltr'>apostata,</span> <span class='ocrx_word' id='word_1_264' title='bbox 1263 2080 1440 2141; x_wconf 86' lang='lat' dir='ltr'>iniquus</span> 
     </span>
    </p>
   </div>
   <div class='ocr_carea' id='block_1_16' title="bbox 54 2143 1438 2209">
    <p class='ocr_par' dir='ltr' id='par_1_16' title="bbox 54 2143 1438 2209">
     <span class='ocr_line' id='line_1_36' title="bbox 54 2143 1438 2209; baseline 0.006 -21"><span class='ocrx_word' id='word_1_265' title='bbox 54 2143 280 2190; x_wconf 84' lang='lat' dir='ltr'>idololatra</span> <span class='ocrx_word' id='word_1_266' title='bbox 294 2146 470 2190; x_wconf 86' lang='lat' dir='ltr'>:milites</span> <span class='ocrx_word' id='word_1_267' title='bbox 482 2147 702 2191; x_wconf 88' lang='lat' dir='ltr'>christiani</span> <span class='ocrx_word' id='word_1_268' title='bbox 721 2148 964 2193; x_wconf 87' lang='lat' dir='ltr'>servierunt</span> <span class='ocrx_word' id='word_1_269' title='bbox 978 2149 1229 2209; x_wconf 87' lang='lat' dir='ltr'>imperatori</span> <span class='ocrx_word' id='word_1_270' title='bbox 1246 2151 1414 2196; x_wconf 88' lang='lat' dir='ltr'>infideli</span> <span class='ocrx_word' id='word_1_271' title='bbox 1427 2173 1438 2209; x_wconf 76' lang='lat'>3</span> 
     </span>
    </p>
   </div>
   <div class='ocr_carea' id='block_1_17' title="bbox 0 2215 1442 2279">
    <p class='ocr_par' dir='ltr' id='par_1_17' title="bbox 0 2215 1442 2279">
     <span class='ocr_line' id='line_1_37' title="bbox 0 2215 1442 2279; baseline 0.006 -21"><span class='ocrx_word' id='word_1_272' title='bbox 0 2224 4 2233; x_wconf 89' lang='grc'><em>“</em></span> <span class='ocrx_word' id='word_1_273' title='bbox 55 2215 132 2259; x_wconf 89' lang='lat' dir='ltr'>ubi</span> <span class='ocrx_word' id='word_1_274' title='bbox 152 2216 408 2260; x_wconf 84' lang='lat' dir='ltr'>veniebatur</span> <span class='ocrx_word' id='word_1_275' title='bbox 431 2217 487 2261; x_wconf 90' lang='lat' dir='ltr'>ad</span> <span class='ocrx_word' id='word_1_276' title='bbox 509 2233 682 2262; x_wconf 84' lang='lat' dir='ltr'>causam</span> <span class='ocrx_word' id='word_1_277' title='bbox 705 2219 893 2273; x_wconf 88' lang='lat' dir='ltr'>Christi,</span> <span class='ocrx_word' id='word_1_278' title='bbox 924 2235 1014 2264; x_wconf 91' lang='lat' dir='ltr'>non</span> <span class='ocrx_word' id='word_1_279' title='bbox 1041 2221 1332 2279; x_wconf 83' lang='lat' dir='ltr'>agnoscebant</span> <span class='ocrx_word' id='word_1_280' title='bbox 1360 2223 1442 2268; x_wconf 83' lang='lat' dir='ltr'>nisi</span> 
     </span>
    </p>
   </div>
   <div class='ocr_carea' id='block_1_18' title="bbox 56 2285 1443 2559">
    <p class='ocr_par' dir='ltr' id='par_1_18' title="bbox 56 2285 1443 2559">
     <span class='ocr_line' id='line_1_38' title="bbox 56 2285 1438 2350; baseline 0.007 -20"><span class='ocrx_word' id='word_1_281' title='bbox 56 2285 178 2331; x_wconf 88' lang='lat' dir='ltr'>illum</span> <span class='ocrx_word' id='word_1_282' title='bbox 195 2288 328 2348; x_wconf 90' lang='lat' dir='ltr'>quiin</span> <span class='ocrx_word' id='word_1_283' title='bbox 349 2288 463 2333; x_wconf 82' lang='lat' dir='ltr'>coelo</span> <span class='ocrx_word' id='word_1_284' title='bbox 475 2299 580 2334; x_wconf 88' lang='lat' dir='ltr'>erat.</span> <span class='ocrx_word' id='word_1_285' title='bbox 594 2290 636 2334; x_wconf 91' lang='lat' dir='ltr'>Si</span> <span class='ocrx_word' id='word_1_286' title='bbox 650 2289 829 2350; x_wconf 83' lang='lat' dir='ltr'>quando</span> <span class='ocrx_word' id='word_1_287' title='bbox 844 2290 1019 2335; x_wconf 87' lang='lat' dir='ltr'>volebat</span> <span class='ocrx_word' id='word_1_288' title='bbox 1034 2302 1084 2336; x_wconf 90' lang='lat' dir='ltr'>ut</span> <span class='ocrx_word' id='word_1_289' title='bbox 1095 2292 1210 2337; x_wconf 88' lang='lat' dir='ltr'>idola</span> <span class='ocrx_word' id='word_1_290' title='bbox 1228 2293 1438 2348; x_wconf 82' lang='lat' dir='ltr'>colerent,</span> 
     </span>
     <span class='ocr_line' id='line_1_39' title="bbox 56 2357 1443 2422; baseline 0.006 -22"><span class='ocrx_word' id='word_1_291' title='bbox 56 2365 105 2400; x_wconf 89' lang='lat' dir='ltr'>ut</span> <span class='ocrx_word' id='word_1_292' title='bbox 120 2357 457 2415; x_wconf 50' lang='lat' dir='ltr'>thurificarenty</span> <span class='ocrx_word' id='word_1_293' title='bbox 472 2360 788 2420; x_wconf 78' lang='lat' dir='ltr'>praeponebant</span> <span class='ocrx_word' id='word_1_294' title='bbox 809 2360 869 2404; x_wconf 89' lang='lat' dir='ltr'>illi</span> <span class='ocrx_word' id='word_1_295' title='bbox 893 2364 1032 2405; x_wconf 89' lang='lat' dir='ltr'>Deum</span> <span class='ocrx_word' id='word_1_296' title='bbox 1059 2381 1068 2406; x_wconf 91' lang='lat'>:</span> <span class='ocrx_word' id='word_1_297' title='bbox 1094 2363 1272 2422; x_wconf 90' lang='lat' dir='ltr'>quando</span> <span class='ocrx_word' id='word_1_298' title='bbox 1296 2374 1443 2409; x_wconf 89' lang='lat' dir='ltr'>autem</span> 
     </span>
     <span class='ocr_line' id='line_1_40' title="bbox 57 2424 1440 2492; baseline 0.007 -22"><span class='ocrx_word' id='word_1_299' title='bbox 57 2424 227 2471; x_wconf 88' lang='lat' dir='ltr'>dicebat</span> <span class='ocrx_word' id='word_1_300' title='bbox 243 2463 254 2483; x_wconf 90' lang='lat'>,</span> <span class='ocrx_word' id='word_1_301' title='bbox 278 2428 506 2473; x_wconf 85' lang='lat' dir='ltr'>Producite</span> <span class='ocrx_word' id='word_1_302' title='bbox 528 2431 661 2474; x_wconf 87' lang='lat' dir='ltr'>aciem</span> <span class='ocrx_word' id='word_1_303' title='bbox 674 2465 685 2485; x_wconf 91' lang='lat'>,</span> <span class='ocrx_word' id='word_1_304' title='bbox 702 2431 760 2474; x_wconf 91' lang='lat' dir='ltr'>ite</span> <span class='ocrx_word' id='word_1_305' title='bbox 776 2440 926 2475; x_wconf 87' lang='lat' dir='ltr'>contra</span> <span class='ocrx_word' id='word_1_306' title='bbox 944 2431 1061 2476; x_wconf 89' lang='lat' dir='ltr'>illam</span> <span class='ocrx_word' id='word_1_307' title='bbox 1078 2442 1273 2492; x_wconf 74' lang='lat' dir='ltr'>gentem,</span> <span class='ocrx_word' id='word_1_308' title='bbox 1294 2435 1440 2480; x_wconf 88' lang='lat' dir='ltr'>statim</span> 
     </span>
     <span class='ocr_line' id='line_1_41' title="bbox 56 2496 1441 2559; baseline 0.007 -19"><span class='ocrx_word' id='word_1_309' title='bbox 56 2496 429 2559; x_wconf 86' lang='lat' dir='ltr'>obtemperabant.</span> <span class='ocrx_word' id='word_1_310' title='bbox 457 2500 788 2559; x_wconf 82' lang='lat' dir='ltr'>Distinguebant</span> <span class='ocrx_word' id='word_1_311' title='bbox 809 2502 1046 2547; x_wconf 90' lang='lat' dir='ltr'>Dominum</span> <span class='ocrx_word' id='word_1_312' title='bbox 1074 2512 1289 2549; x_wconf 85' lang='lat' dir='ltr'>aeternum</span> <span class='ocrx_word' id='word_1_313' title='bbox 1311 2521 1336 2549; x_wconf 85' lang='lat' dir='ltr'>a</span> <span class='ocrx_word' id='word_1_314' title='bbox 1357 2504 1441 2550; x_wconf 89' lang='lat' dir='ltr'>do·-</span> 
     </span>
    </p>
   </div>
   <div class='ocr_carea' id='block_1_19' title="bbox 105 2593 394 2636">
    <p class='ocr_par' dir='ltr' id='par_1_19' title="bbox 105 2593 394 2636">
     <span class='ocr_line' id='line_1_42' title="bbox 105 2593 394 2636; baseline 0.01 -12"><span class='ocrx_word' id='word_1_315' title='bbox 105 2599 114 2615; x_wconf 93' lang='lat'>¹</span> <span class='ocrx_word' id='word_1_316' title='bbox 133 2593 209 2626; x_wconf 80' lang='lat' dir='ltr'>Luc.</span> <span class='ocrx_word' id='word_1_317' title='bbox 230 2604 319 2635; x_wconf 82' lang='lat' dir='ltr'>xxm,</span> <span class='ocrx_word' id='word_1_318' title='bbox 340 2593 394 2636; x_wconf 59' lang='grc'>34.</span> 
     </span>
    </p>
   </div>
   <div class='ocr_carea' id='block_1_20' title="bbox 1190 2664 1230 2704">
    <p class='ocr_par' dir='ltr' id='par_1_20' title="bbox 1190 2664 1230 2704">
     <span class='ocr_line' id='line_1_43' title="bbox 1190 2664 1230 2704; baseline -0.025 0"><span class='ocrx_word' id='word_1_319' title='bbox 1190 2664 1230 2704; x_wconf 88' lang='grc'>6.</span> 
     </span>
    </p>
   </div>
  </div>
 </body>
</html>
