1815 3253
341 203 581 234 ENARRA‘no
614 208 657 234 m
691 206 893 235 PsALMUM
925 209 1118 236 cxxxvii.
1320 200 1404 236 289

30 284 50 308 »
84 282 160 326 per
186 278 337 314 ventos
363 273 393 314 ¹.
421 289 441 313 »
478 271 607 316 Sedes
636 280 780 316 autem
809 274 901 332 ejus
930 271 1141 332 templum
1174 274 1280 332 ejus.
1309 275 1407 326 Quo

27 352 126 396 ergo
162 339 351 386 ibimus?
381 344 518 402 Super
550 352 702 387 ventos
733 343 953 388 adoraturi
987 345 1167 388 sumus?
1199 344 1242 388 Si
1279 359 1409 404 super

27 418 177 454 ventos
198 410 417 468 adoratur,
441 428 538 458 aves
553 429 643 458 non
663 414 860 458 vincunt.
885 415 924 459 Si
948 424 1094 459 autem
1116 414 1411 473 intelligamus

21 489 177 539 ¹ventos
201 481 387 538 animas,
413 481 459 527 id
480 492 566 539 est,
585 493 818 528 ventorum
838 483 1015 528 nomine
1038 483 1299 542 significatas
1317 486 1413 528 ani-

28 564 142 603 mas,
169 551 279 595 sicut
300 553 359 596 ait
393 554 585 613 quodam
613 554 710 599 loco
741 555 984 615 Scriptura,
1022 573 1043 597 «
1079 555 1252 600 Volavit
1284 571 1413 615 super

32 637 52 661 »
86 635 250 679 pennas
274 632 503 667 ventorum
527 626 543 649 ²
575 644 583 669 :
617 643 637 666 »
672 625 755 669 hoc
777 634 861 679 est,
888 640 1017 684 super
1043 625 1223 669 virtutes
1245 626 1415 670 anima-

30 706 125 735 rum
153 711 162 736 :
183 694 302 738 unde
324 703 367 738 et
389 695 517 740 ssatus
540 696 618 740 Dei
636 695 795 740 dicitur
816 697 960 740 anima
982 705 1193 757 tanquam
1208 706 1367 742 ventus
1381 700 1414 753 ³,

29 777 118 806 non
149 772 199 807 ut
228 764 306 808 iste
335 765 601 824 intelligatur
631 776 810 822 ventus,
842 782 931 826 quo
959 782 1116 826 corpus
1145 767 1418 827 propellente

30 832 255 888 sentimus,
287 834 362 878 sed
384 845 433 879 ut
466 838 558 895 ejus
592 836 768 880 nomine
789 836 1055 895 significetur
1077 837 1242 898 aliquid
1272 837 1422 882 invisi-

31 901 133 958 bile,
159 905 279 963 quod
301 920 444 966 neque
466 906 602 951 oculis
624 908 743 952 cerni
765 916 924 967 potest,
949 924 1030 952 nec
1052 909 1201 952 sentiri
1223 909 1417 965 auribus,

33 987 112 1017 nec
129 973 314 1018 odoratu
336 975 460 1030 duci,
490 992 570 1020 nec
593 976 739 1036 palato
763 978 940 1036 gustari,
967 993 1048 1022 nec
1065 994 1200 1023 manu
1221 988 1421 1024 contrec-

33 1043 112 1087 tari
145 1061 153 1087 :
179 1044 300 1103 quod
323 1053 388 1088 est
409 1045 562 1105 utique
588 1047 676 1090 vita
707 1047 936 1106 quaedam,
968 1064 1056 1107 qua
1082 1048 1290 1104 vivimus,
1323 1065 1422 1109 quae

32 1113 172 1158 anima
190 1114 362 1159 dicitur.
391 1115 431 1160 Si
450 1116 528 1160 hos
550 1125 703 1160 ventos
719 1115 1074 1173 intellexerimus,
1095 1133 1186 1162 non
1208 1127 1271 1162 est
1287 1134 1422 1178 quare

31 1199 277 1244 quaeramus
301 1201 465 1244 pennas
488 1185 700 1241 visibiles,
733 1195 785 1230 ut
817 1202 919 1230 cum
956 1186 1109 1231 avibus
1142 1188 1339 1233 volemus
1369 1188 1423 1232 ad

31 1253 301 1300 adorandum
323 1256 379 1300 ad
407 1256 620 1316 templum
643 1257 721 1301 Dei
747 1276 755 1301 :
782 1257 859 1301 sed
887 1273 1017 1317 super
1049 1274 1128 1303 nos
1150 1259 1265 1319 ipsos
1297 1260 1422 1305 inve-

29 1325 197 1370 niemus
220 1329 358 1370 Deum
381 1326 552 1382 sedere,
578 1327 612 1371 si
638 1328 729 1387 ejus
753 1327 904 1372 fideles
924 1344 1013 1377 esse
1033 1328 1316 1374 voluerimus.
1343 1331 1423 1375 Vi-

28 1395 126 1440 dete
150 1397 184 1440 si
207 1398 290 1441 hoc
316 1413 406 1442 non
430 1407 493 1442 est
516 1417 525 1442 :
555 1417 573 1440 «
614 1398 846 1458 Templum
866 1399 980 1442 enim
1007 1401 1084 1443 Dei
1108 1410 1306 1445 sanctum
1327 1411 1391 1446 est
1407 1437 1418 1455 ‚

30 1483 50 1506 »
86 1467 145 1510 ait
167 1467 426 1526 Apostolus,
456 1468 577 1527 quod
598 1467 697 1511 estis
718 1483 795 1512 vos
827 1469 859 1511 4.
895 1486 914 1509 »
940 1470 1069 1513 Certe
1096 1479 1266 1526 tamen,
1300 1472 1422 1531 quod

27 1535 306 1581 manifestum
333 1547 418 1592 est,
443 1539 488 1581 in
511 1537 686 1596 Angelis
702 1538 873 1583 habitat
895 1542 1024 1583 Deus.
1054 1543 1171 1598 Ergo
1193 1557 1294 1585 cum
1315 1558 1423 1601 gau-

26 1605 147 1650 dium
165 1617 363 1651 nostrum
381 1606 435 1650 de
459 1607 721 1666 spiritalibus
744 1608 890 1663 rebus,
911 1624 1001 1653 non
1018 1608 1073 1653 de
1093 1612 1273 1655 terrenis
1295 1611 1421 1656 bonis

28 1678 203 1722 assumit
240 1678 459 1722 canticum
493 1681 606 1732 Deo,
646 1687 695 1722 ut
724 1678 880 1737 psallat
909 1694 1056 1723 coram
1088 1680 1293 1739 Angelis,
1330 1683 1422 1743 ipsa

27 1749 307 1807 congregatio
333 1748 602 1807 Angelorum
632 1748 849 1808 templum
878 1750 957 1793 Dei
985 1758 1070 1804 est,
1104 1750 1335 1797 adoramus
1364 1755 1419 1798 ad

27 1818 238 1878 templum
260 1819 352 1863 Dei.
379 1817 573 1862 Ecclesia
595 1818 799 1864 deorsum
822 1827 864 1862 et
887 1819 1080 1863 Ecclesia
1101 1836 1273 1866 sursum
1298 1842 1307 1867 ε
1330 1826 1418 1869 Ec-

12 1889 151 1939 ,clesia
175 1889 379 1933 deorsum
404 1888 451 1932 in
472 1889 676 1933 omnibus
698 1888 927 1944 fidelibus,
952 1890 1142 1934 Ecclesia
1171 1907 1341 1937 sursum
1371 1895 1418 1939 in

12 1957 226 2005 'omnibus
256 1958 448 2017 Angelis.
488 1958 572 2003 Sed
599 1958 825 2003 descendit
857 1958 913 2003 ad
943 1959 1180 2005 Ecclesiam
1210 1963 1414 2009 deorsum

14 2032 226 2091 ¹*Dominus
248 2030 533 2089 Angelorum,
558 2039 601 2073 et
623 2031 662 2074 ei
683 2029 840 2089 Angeli
860 2031 906 2074 in
928 2039 1040 2075 terra
1058 2032 1414 2081 ministraverunt

13 2097 282 2150 {ministranti
301 2100 427 2144 nobis
444 2103 475 2143 ⁵.
507 2119 527 2142 «
561 2103 660 2145 Non
684 2100 801 2144 enim
822 2100 938 2155 veni,
962 2101 1128 2161 inquit,
1148 2104 1408 2163 ministrari,

0 2171 50 2214 4„
81 2173 158 2217 sed
177 2172 419 2216 ministrare
447 2175 480 2216 ὅ.
518 2191 537 2213 ))
572 2171 689 2225 Quid
718 2171 842 2215 nobis
874 2172 1154 2229 ministravit,
1179 2175 1261 2220 nisi
1290 2180 1412 2238 quod

0 2246 1 2252 ’
30 2243 240 2303 hodieque
268 2241 582 2285 manducamus
609 2250 653 2285 et
684 2241 905 2285 bibimus?
933 2245 1046 2287 Cum
1074 2260 1177 2303 ergo
1199 2248 1410 2294 Dominus

0 2324 2 2329 ’
29 2312 292 2372 Angelorum
308 2311 433 2355 nobis
452 2311 720 2365 ministrarit,
741 2327 832 2355 non
848 2311 1126 2371 desperemus
1143 2331 1222 2360 nos
1238 2315 1411 2365 futuros

0 2382 209 2444 'gaequales
240 2380 432 2440 Angelis.
470 2382 608 2440 Major
635 2382 750 2425 enim
783 2381 958 2440 Angelis
991 2384 1218 2430 descendit
1248 2388 1303 2433 ad
1326 2390 1410 2435 ho-

73 2485 81 2501 ¹
102 2481 193 2510 Prov.
214 2488 296 2517 vni,
318 2474 436 2517 27-30.
462 2492 503 2497 -
531 2481 542 2497 ²
567 2474 648 2506 Psal.
678 2485 769 2514 xvn,
797 2486 847 2509 11.
866 2494 906 2500 —
936 2476 950 2500 3
968 2480 1046 2512 Gen.
1074 2490 1109 2522 u,
1127 2490 1160 2523 7.
1181 2497 1224 2506 -
1246 2481 1265 2512 4
1291 2495 1306 2529 1¹
1334 2488 1405 2519 (301.-

0 2553 1 2558 =
31 2545 73 2576 ui,
91 2545 140 2576 ¹7-
162 2551 200 2556 —
220 2531 234 2556 5
249 2531 363 2565 Matth.
385 2542 429 2573 iv,
453 2541 501 2564 11.
525 2547 565 2553 —
580 2528 596 2552 6
614 2530 661 2562 Id.
682 2540 739 2572 xx,
759 2531 812 2563 28.

235 2596 356 2627 cxix.
1195 2591 1245 2630 19
