1856 3268
397 251 454 290 26
826 261 861 292 S.
896 261 1127 293 AUGUSTINI
1157 265 1340 293 Erlscom

396 328 513 371 enim
544 328 615 371 isti
636 327 837 372 dixerunt
872 329 998 373 nobis
1032 347 1052 371 «
1080 332 1132 373 In
1154 329 1333 374 domum
1355 329 1529 374 Domini
1554 328 1729 373 ibimus.
1751 345 1773 372 »

457 400 538 441 111.
567 417 586 440 «
610 401 778 443 Stante-s
793 409 916 443 erant
928 398 1057 458 pedes
1080 400 1214 444 nostri
1236 400 1281 443 in
1304 401 1420 444 atriis
1442 398 1725 443 Jerusalem1.
1752 417 1773 441 »

399 470 513 512 Ecce
535 468 669 512 habes
692 469 872 512 domum
896 469 1091 524 Domini,
1115 470 1148 514 si
1167 471 1392 529 quaerebas
1413 469 1522 529 quid
1549 469 1602 512 sit
1623 468 1779 513 domus

400 537 588 581 Domini.
617 541 668 581 In
691 537 761 582 illa
781 539 912 583 domo
931 539 1102 582 Domini
1123 538 1354 594 laudatur,
1392 540 1466 598 qui
1488 537 1684 582 condidit
1700 537 1781 582 do-

399 623 543 663 mum,
575 612 670 668 Ipse
692 609 857 653 deliciae
879 609 1074 653 omnium
1101 610 1392 654 habitantium
1414 610 1458 652 in
1489 609 1620 653 domo
1646 627 1655 653 z
1690 609 1781 668 ipse

398 679 489 723 sola
510 695 605 738 spes
626 680 716 733 hie,
738 689 780 723 et
804 696 868 724 res
890 681 964 723 ibi.
986 684 1101 739 Ergo
1114 682 1188 740 qui
1210 690 1413 734 currunt,
1432 680 1508 740 qui
1529 679 1694 723 debent
1707 695 1781 724 co-

401 749 562 808 gitare?
583 750 714 803 Quasi
734 750 795 793 ibi
811 752 901 810 jam
919 750 1023 806 sint,
1050 760 1092 795 et
1113 752 1174 795 ibi
1197 761 1324 795 stent.
1347 754 1558 809 Magnum
1584 751 1699 793 enim
1718 760 1782 795 est

400 819 463 862 ibi
493 829 604 863 stare
636 821 749 864 inter
776 820 964 878 Angelos
979 855 990 875 ‚
1013 830 1058 864 et
1081 837 1171 865 non
1193 820 1392 864 deficere.
1425 820 1515 873 Qui*
1537 820 1651 863 enim
1681 820 1782 863 inde

400 888 544 947 lapsus
574 899 662 943 est,
694 890 738 933 in
768 890 948 934 veritate
979 906 1068 934 non
1098 890 1230 935 stetit.
1256 891 1531 950 Quicumque
1559 905 1648 933 non
1681 899 1784 934 sunt

399 957 534 1017 lapsi,
559 959 605 1002 in
632 960 813 1004 veritate
847 963 989 1003 stant²
1015 979 1023 1004 :
1049 968 1092 1003 et
1113 960 1185 1003 ille
1212 969 1315 1015 stat,
1354 960 1431 1020 qui
1470 963 1559 1004 Deo
1592 958 1780 1017 fruitur3

399 1029 476 1087 qui
498 1038 643 1073 autem
660 1045 704 1074 se
726 1029 812 1073 frui
825 1029 1034 1085 voluerit,
1060 1029 1190 1074 cadit.
1215 1031 1320 1083 Quis
1340 1040 1484 1074 autem
1497 1045 1540 1073 se
1563 1028 1782 1074 fruivult‘?

399 1099 484 1151 Qui
494 1099 706 1158 superbus
720 1109 796 1143 est.
818 1100 921 1144 Ideo
932 1099 1004 1143 ille
1020 1100 1093 1160 qui
1107 1116 1274 1159 semper
1287 1110 1399 1144 stare
1412 1099 1587 1144 volebat
1603 1101 1648 1143 in
1665 1100 1780 1144 atriis
1818 1099 1821 1110 ¹

400 1168 637 1212 Jerusalem
651 1204 661 1224 ,
682 1189 701 1211 «
720 1173 771 1213 In
787 1170 952 1213 lumine
971 1179 1067 1224 tuo,
1086 1171 1251 1230 inquit,
1275 1169 1519 1214 videbimus
1536 1169 1736 1227 lumen33
1758 1187 1777 1210 »

399 1252 488 1282 non
509 1238 554 1282 in
575 1237 743 1282 lumine
765 1254 877 1283 meo.
900 1243 980 1294 Et,
1008 1258 1028 1281 (ι
1053 1239 1184 1299 Apud
1206 1249 1269 1294 te,
1301 1239 1469 1299 inquit,
1486 1238 1582 1283 fons
1603 1239 1705 1283 vitae
1731 1257 1776 1284 :»
1816 1235 1819 1304 j

398 1324 489 1352 non
512 1309 629 1368 apud
652 1325 735 1353 me.
774 1313 832 1354 Et
857 1310 964 1371 quid
993 1310 1181 1370 adjecit?
1213 1329 1233 1352 «
1269 1312 1366 1355 Non
1388 1310 1534 1353 veniat
1569 1309 1675 1353 mihi
1708 1325 1781 1369 pes

400 1395 421 1418 »
457 1378 693 1437 superbiae,
720 1388 763 1423 et
779 1395 930 1423 manus
948 1389 1225 1439 peecatorum
1247 1395 1337 1423 non
1353 1388 1526 1423 moveat
1542 1380 1654 1422 me4.
1673 1398 1692 1420 »
1714 1379 1781 1422 lbi

398 1447 649 1491 ceciderunt
663 1464 812 1492 omnes
830 1450 906 1509 qui
919 1459 1155 1508 operantur
1167 1450 1440 1508 iniquitatem
1453 1469 1463 1505 3
1478 1448 1644 1508 expulsi
1660 1458 1776 1504 sunt,
1814 1471 1822 1506 χ

398 1532 478 1562 nec
500 1528 738 1577 potuerunt
759 1528 884 1563 stare.
914 1520 957 1564 Si
972 1534 1073 1577 ergo
1089 1519 1152 1563 illi
1168 1535 1257 1564 non
1272 1528 1508 1579 potuerunt
1525 1528 1657 1574 stare,
1678 1519 1781 1578 quia

398 1590 574 1648 superbi
596 1588 799 1646 fuerunt3
829 1590 1053 1634 humiliter
1074 1590 1257 1635 ascende
1275 1626 1285 1645 ,
1310 1600 1361 1634 ut
1387 1589 1502 1634 dieas
1518 1625 1529 1645 ‚
1565 1609 1586 1632 «
1612 1592 1781 1635 stantes
1818 1611 1822 1638 ;

399 1678 420 1700 »
456 1670 579 1704 erant
601 1661 730 1719 pedes
752 1661 885 1705 nostri
922 1661 968 1704 in
991 1661 1108 1705 atriis
1135 1660 1388 1704 Jerusalem.
1416 1678 1436 1701 »
1462 1660 1616 1719 Cogita
1643 1659 1780 1721 qualis
1812 1678 1815 1715 ᾗ

397 1728 458 1772 ibi
478 1728 651 1774 futurus
669 1731 748 1775 sis:
775 1740 818 1774 et
840 1731 1035 1790 quamvis
1057 1729 1199 1774 adhue
1218 1731 1263 1773 in
1285 1730 1350 1774 via
1371 1731 1447 1786 sis,
1472 1730 1556 1774 hoe
1568 1730 1647 1774 tibi
1666 1745 1779 1789 pone
1812 1721 1815 1771 ἓ

396 1809 496 1843 ante
518 1800 689 1855 oeulos,
710 1801 833 1861 quasi
853 1801 915 1844 ibi
937 1810 1041 1856 stes,
1067 1800 1190 1860 quasi
1207 1801 1298 1860 jam
1319 1801 1431 1844 inter
1449 1798 1637 1858 Angelos
1655 1799 1779 1844 inde·
1811 1791 1814 1850 l

395 1870 542 1914 ficiens
558 1871 759 1928 gaudeas,
777 1881 820 1915 et
832 1873 908 1916 fiat
919 1872 964 1916 in
978 1881 1020 1915 te
1031 1870 1151 1932 quod
1166 1871 1332 1915 dictum
1348 1880 1426 1925 est,
1447 1871 1599 1914 «Beati
1617 1870 1694 1931 qui
1706 1871 1778 1915 ha·
1810 1855 1814 1924 l

398 1958 418 1981 »
438 1941 578 1984 bitant
594 1942 639 1985 in
652 1941 782 1986 domo
795 1951 870 1986 tua
882 1977 893 1997 ‚
907 1943 952 1985 in
969 1942 1127 1986 saecula
1141 1941 1396 1985 saeculorum
1409 1940 1654 1987 laudabunt
1667 1942 1744 1984 te⁵.
1754 1959 1774 1982 η
1810 1941 1815 2013 f

397 2013 566 2056 Stantes
587 2022 711 2056 erant
733 2012 860 2072 pedes
883 2013 1018 2057 nostri
1031 2013 1076 2056 in
1098 2012 1212 2056 atriis
1231 2012 1485 2056 Jerusalem.
1511 2012 1645 2072 Cujus
1657 2015 1778 2056 Jeru-
1808 2026 1812 2082 j

394 2080 674 2125 salemPsolet
686 2083 802 2125 enim
819 2081 904 2126 dici
921 2091 964 2126 et
978 2082 1056 2126 ista
1074 2081 1337 2126 Jerusalem:
1355 2081 1431 2125 sed
1443 2082 1520 2126 ista
1539 2080 1777 2126 Jerusalem
1808 2090 1811 2146 g

393 2150 547 2194 umbra
570 2160 633 2195 est
653 2150 783 2196 illius.
808 2154 863 2195 Et
882 2151 988 2211 quid
1006 2167 1212 2209 magnum
1231 2161 1295 2195 est
1315 2161 1426 2195 stare
1457 2151 1502 2195 in
1518 2152 1595 2196 ista
1609 2154 1777 2196 Jerusa-
1808 2149 1810 2207 ξ

393 2219 495 2274 lem,
508 2221 684 2280 quando
699 2221 777 2264 ista
791 2221 1027 2265 Jerusalem
1042 2231 1151 2266 stare
1163 2237 1250 2265 non
1267 2222 1424 2281 potuit,
1438 2238 1537 2282 quae
1550 2222 1595 2265 in
1606 2221 1774 2266 ruinam
1806 2215 1810 2266 l

392 2307 597 2335 conversa
630 2293 718 2335 est?
752 2295 843 2336 Hoc
869 2308 971 2351 ergo
993 2308 1072 2352 pro
1106 2308 1262 2351 magno
1304 2293 1487 2352 Spiritus
1519 2302 1690 2337 sanctus
1722 2308 1773 2337 ex
1806 2319 1808 2368 ῐ

391 2361 660 2407 inflammato
691 2362 821 2407 corde
850 2364 1030 2408 amantis
1060 2365 1190 2424 hujus
1217 2364 1459 2425 eloquitur,
1495 2364 1597 2424 quia
1627 2363 1732 2408 dicit
1758 2383 1767 2407 :
1805 2375 1807 2432 f

435 2476 443 2492 ¹
468 2470 550 2501 Psal.
569 2481 651 2510 cxxi,
666 2479 746 2503 2.-
765 2478 778 2494 ²
798 2473 889 2505 Joan.
912 2483 981 2512 vul,
1000 2471 1054 2513 44.
1070 2489 1110 2495 --
1131 2470 1472 2514 ³Psal.xxxv‚1o.-—
1492 2471 1507 2502 4
1528 2473 1611 2505 Ibid.
1635 2481 1686 2514 12,
1700 2477 1769 2505 etc.
1803 2453 1806 2507 l

397 2542 438 2548 —
456 2523 471 2548 5
489 2526 569 2557 l'sal.
591 2537 720 2567 Lxxxm,
739 2527 770 2558 5.
1804 2530 1805 2537 ¹
