1815 3253
366 198 608 229 amanum
639 201 684 229 m
717 198 920 230 PsALMoM
952 202 1118 230 cxxvn.
1375 191 1455 231 125

26 278 28 328 j
72 273 257 325 caputet
276 279 447 325 corpus.
469 265 597 319 Quod
623 275 687 310 est
709 282 866 326 corpus
898 268 1023 328 ejus?
1045 267 1234 311 Ecclesia
1258 268 1370 327 rjus,
1393 269 1459 312 di-

25 330 28 459 ³

71 344 193 382 cente
209 336 433 395 Apostolo‚
452 356 471 378 «
489 337 705 390 Quoniam
720 338 913 381 membra
926 353 1073 382 sumus
1088 338 1279 396 emporis
1292 339 1382 397 ejus
1395 341 1423 382 ¹.
1435 357 1455 380 »

70 409 146 460 Et,
177 426 196 449 «
224 409 309 451 Vos
332 416 478 451 autem
501 408 598 452 estis
625 423 783 467 colpus
812 408 970 453 Christi
989 417 1032 451 et
1063 408 1359 451 mem1>ra2.»
1385 412 1460 452 ln-

68 477 310 536 telligamus
332 495 434 537 eigo
460 494 611 523 vocem
642 480 773 539 hujus
810 479 1017 534 hominis,
1052 479 1097 522 in
1130 480 1253 539 cujus
1275 494 1456 538 corpore

67 563 180 592 uuus
197 564 344 593 sumus
360 515 515 604 libmo,
547 559 590 593 et
607 550 668 593 ibi
690 550 934 594 videbimus
957 550 1036 594 ista
1058 565 1108 593 ve
1113 565 1157 593 ra
1184 551 1294 593 bona
1322 553 1453 593 Jeiu-

68 619 213 664 salem.
243 621 309 665 Sic
331 620 446 664 enim
469 585 576 664 dixit
597 621 639 664 in
666 621 772 675 fine,
802 639 822 663 «
842 624 899 665 Et
919 620 1064 664 videas
1095 621 1207 664 bona
1231 636 1330 680 quae
1351 629 1454 665 sunt

70 707 90 730 »
125 690 378 734 Jerusalem.
403 709 422 731 »
451 691 494 735 Si
512 699 657 735 autem
674 691 750 735 ista
772 691 887 735 bona
912 700 1080 735 terreno
1103 691 1231 735 oculo
1252 691 1452 735 attende-

0 807 5 810 *
67 759 139 814 ris,
164 759 478 804 abundantiam
496 761 686 806 filiorum
700 771 744 805 et
771 770 979 821 nepotum
1001 797 1011 816 ,
1029 771 1069 805 et
1086 760 1351 806 fertilitatem
1366 760 1453 805 foe-

66 830 422 890 cunditatemque
445 832 661 891 conjugis,
682 847 771 876 non
788 841 889 876 sunt
910 832 1025 876 bona
1047 831 1162 876 illius
1181 831 1421 876 Jerusalem
1440 851 1449 877 z

65 900 166 961 quia
183 899 298 944 bona
320 900 397 943 ista
416 900 460 943 in
479 910 591 945 terra
615 902 894 946 morientium
918 911 1019 946 sunt
1039 937 1050 958 ,
1068 902 1140 946 illa
1170 912 1281 946 terra
1302 902 1453 947 viven-

67 971 176 1015 tium
203 979 279 1015 est.
306 969 403 1016 Noli
437 969 565 1015 valde
604 986 683 1030 pro
716 987 875 1030 magno
908 972 1096 1026 habere,
1121 973 1155 1016 si
1176 973 1310 1016 habes
1342 972 1453 1017 filios

67 1042 294 1087 morituros
309 1077 320 1097 ,
337 1042 415 1086 etsi
435 1058 524 1086 non
540 1051 639 1086 ante
654 1051 696 1086 te
711 1077 722 1098 ‚
744 1052 860 1086 certe
877 1052 974 1102 post
991 1052 1050 1089 te.
1077 1043 1150 1087 Vis
1165 1043 1326 1087 babere
1342 1043 1453 1089 filios

66 1128 290 1173 nunquam
314 1113 569 1168 morituros,
589 1121 632 1156 et
653 1121 798 1157 tecum
828 1128 999 1173 semper
1027 1113 1246 1158 victuros?
1276 1116 1379 1158 Esto
1406 1113 1453 1158 in

64 1182 178 1227 illius
201 1199 380 1243 corpore
398 1219 407 1238 ‚
433 1183 487 1227 de
509 1199 598 1244 quo
621 1182 789 1227 dietum
811 1192 896 1239 est,
921 1202 942 1226 «
967 1185 1054 1228 Vos
1075 1192 1221 1228 autern
1237 1184 1336 1228 estis
1355 1199 1453 1229 cor-

67 1271 88 1295 »
122 1269 202 1312 pus
216 1255 375 1299 Christi
397 1264 440 1299 et
461 1254 671 1298 membra.
702 1272 723 1295 »

122 1327 197 1368 IV.
232 1327 341 1370 Nam
370 1334 420 1369 ut
440 1326 524 1369 hoc
546 1324 792 1369 ostenderet
814 1333 856 1368 et
886 1325 978 1384 ipse
1008 1324 1230 1379 psalmus,
1262 1326 1361 1385 quia
1392 1326 1452 1371 sic

63 1403 126 1439 est
143 1395 352 1440 obscurus
375 1404 424 1440 ut
446 1395 679 1440 admoneat
695 1394 877 1454 pulsari,
898 1395 958 1438 sie
976 1404 1152 1454 opertus
1170 1404 1220 1438 ut
1245 1395 1350 1439 velit
1373 1412 1449 1439 ex-

17 1466 19 1501 ἕ
62 1465 176 1519 euti,
204 1481 225 1509 a
244 1465 443 1525 pluribus
472 1466 605 1525 coepit
635 1484 643 1510 ε
668 1465 828 1508 «Beati
850 1479 1000 1509 omnes
1026 1465 1102 1525 qui
1127 1465 1280 1509 timent
1297 1467 1448 1510 Domi-

16 1557 18 1563 ·
65 1553 85 1576 »
120 1551 250 1589 num,
292 1536 368 1595 qui
389 1535 617 1579 ambulant
648 1536 694 1579 in
724 1535 802 1579 viis
824 1536 954 1594 ejusss.
984 1554 1003 1576 »
1028 1534 1178 1579 Multis
1214 1535 1444 1595 loquitur:

63 1605 134 1650 sed
158 1606 258 1666 qnia
274 1606 353 1666 ipsi
377 1606 505 1650 multi
525 1621 665 1650 unum
687 1614 790 1650 sunt
806 1605 847 1648 in
869 1605 1041 1650 Christo
1058 1641 1068 1661 ,
1090 1606 1287 1666 sequitur
1300 1615 1342 1650 et
1358 1607 1448 1652 sin—

62 1676 266 1734 gulariter
281 1677 370 1736 jam
388 1677 515 1731 dicit,
545 1695 566 1718 «
589 1676 779 1720 Labores
801 1674 1028 1720 fruetuum
1061 1685 1237 1720 tuorum
1261 1678 1450 1722 mandu-

65 1763 85 1786 υ
119 1747 249 1791 cabis.
279 1765 299 1787 η
330 1747 534 1806 Superius
571 1745 760 1799 dixerat,
802 1765 821 1786 «
848 1746 968 1789 Beati
1001 1761 1150 1790 omnes
1184 1748 1259 1806 qui
1294 1749 1449 1793 timent

64 1834 83 1858 »
119 1817 351 1860 Dominum
369 1851 380 1866 ,
401 1817 475 1877 qui
490 1816 717 1860 ambulant
738 1816 782 1860 in
805 1816 882 1859 viis
906 1817 996 1876 ejus
1011 1817 1026 1841 4
1055 1837 1063 1861 :
1094 1835 1113 1858 »
1139 1818 1272 1861 modo
1294 1835 1444 1878 quare,

65 1905 85 1928 «
119 1887 307 1931 Labores
320 1886 543 1931 fructuum
560 1895 739 1930 tuorum
756 1886 1062 1944 manducabis3
1081 1905 1101 1928 »
1128 1896 1172 1930 et
1201 1903 1306 1942 non,
1327 1904 1449 1933 man-

61 1957 301 2001 ducabitis?
323 1960 379 2002 Et
401 1972 535 2017 quare
551 1992 561 2011 ‚
597 1975 616 1998 «
649 1957 836 2000 Labores
871 1955 1096 2000 fruetuum
1125 1967 1302 2001 tuorum
1325 1979 1336 2017 3
1359 1978 1378 2000 »
1406 1969 1449 2005 et

61 2042 148 2072 non
166 2063 177 2083 ‚
202 2027 391 2072 Labores
411 2028 633 2072 fructuum
651 2029 921 2072 vestrorum?
941 2030 1044 2071 Tam
1063 2028 1107 2071 in
1121 2029 1317 2088 proximo
1340 2030 1450 2075 obli-

60 2107 128 2142 tus
150 2107 237 2152 est,
263 2099 364 2158 quia
391 2098 590 2158 pluribus
611 2097 907 2158 loquebatur?
931 2099 1014 2142 Sed
1040 2099 1072 2142 si
1089 2099 1179 2159 jam
1203 2101 1445 2156 excussisti,

60 2167 166 2228 quid
185 2168 265 2211 tibi
281 2169 575 2228 responditui.
563 2170 580 2199 ’7
597 2170 707 2213 Cum
728 2168 873 2228 plures
894 2168 1161 2214 Christianos
1177 2171 1379 2229 appello,
1401 2172 1448 2216 in

60 2254 149 2283 uno
171 2238 341 2283 Christo
362 2255 501 2282 unum
539 2239 749 2297 intelligo.
792 2238 943 2283 Plures
981 2254 1084 2297 ergo
1111 2241 1235 2291 estis
1268 2251 1311 2285 et
1332 2258 1447 2286 unus

61 2310 157 2353 estis
184 2329 192 2352 ε
219 2308 362 2368 plures
384 2323 531 2353 sumus
548 2344 558 2364 ,
584 2318 627 2353 et
645 2325 758 2353 unus
777 2325 940 2353 sumus.
965 2310 1197 2362 Quomodo
1211 2311 1356 2370 plures
1370 2328 1446 2356 su-

60 2394 181 2433 mus,
206 2388 249 2423 ot
270 2394 382 2422 unus
400 2394 548 2422 sumus
566 2381 583 2422 P
604 2380 713 2431 Quia
726 2377 790 2422 illi
815 2379 1080 2424 inhaeremus
1105 2382 1228 2440 cujus
1252 2383 1447 2428 membra

61 2465 222 2505 sumus,
246 2459 289 2494 et
302 2465 487 2509 quorum
501 2459 630 2508 caput
644 2450 686 2492 in
701 2449 815 2494 eoelo
829 2459 906 2504 est,
920 2459 969 2494 ut
982 2453 1175 2495 membra
1189 2463 1442 2512 sequantur.

108 2542 116 2559 ¹
138 2535 252 2578 Ephes.
275 2546 308 2577 v,
330 2536 382 2568 30.
411 2550 454 2559 --·
472 2541 486 2559 ²
509 2545 520 2567 1
539 2536 611 2567 Cor.
632 2545 691 2576 xli,
711 2543 764 2577 27.
786 2551 829 2558 —-
845 2533 858 2558 ³
878 2535 957 2568 l‘sal.
977 2547 1094 2578 cxxvii,
1119 2547 1148 2569 1.
1170 2554 1210 2560 —
1230 2535 1244 2566 4
1263 2538 1344 2569 Ibid.
1365 2546 1397 2571 2.
