1856 3268
415 250 659 281 munaum
690 254 737 281 m
768 251 972 282 rsALMtsM
1003 253 1123 281 cxxx.
1394 240 1450 280 27

0 307 1 355 ἕ
66 338 88 362 «
124 320 296 364 Stantes
318 328 441 363 erant
462 318 594 379 pedes
616 320 751 364 nostri
771 320 815 363 in
838 319 955 363 atriis
977 317 1246 362 Jerusalem?
1264 319 1455 363 »Nonne

65 389 141 434 illa
168 399 240 434 est
264 389 508 434 Jerusalem
525 425 535 444 ,
554 391 622 434 eui
648 390 755 434 dixit
778 391 988 435 Dominus
1005 424 1015 443 ‚
1045 408 1063 431 «
1091 388 1327 433 Jerusalem
1347 424 1356 443 ‚
1382 391 1458 433 Je-

64 478 85 502 »
121 459 327 514 rusalem,
355 476 455 520 quae
476 461 682 505 interficis
701 462 960 521 Prophetas,
985 470 1028 504 et
1044 460 1208 520 lapidas
1230 460 1383 504 missos
1399 459 1455 504 ad

65 548 86 572 »
121 532 215 574 101?
241 548 260 571 »
285 530 400 584 Quid
418 546 625 589 magnum
647 546 747 589 ergo
765 533 843 575 iste
869 531 1205 590 concupiscebat
1221 565 1231 585 ,
1249 539 1359 574 stare
1381 530 1453 573 in·-

61 609 127 644 ter
152 599 247 645 illos
264 601 338 660 qui
355 595 679 646 interficiebant
699 603 958 661 Prophetas,
980 611 1023 645 et
1037 601 1293 661 lapidabant
1305 600 1454 645 missos

62 671 116 715 ad
139 673 209 715 se?
231 671 356 715 Absit
377 681 427 716 ut
444 671 498 715 de
511 672 590 716 ista
606 672 846 716 Jerusalem
863 673 921 716 sic
940 672 1103 730 cogitet
1117 707 1128 726 ,
1143 672 1220 732 qui
1238 671 1296 715 sic
1318 680 1450 726 amat,

62 741 138 801 qui
161 742 219 785 sic
237 741 380 796 ardet,
413 743 489 801 qui
513 743 571 786 sic
593 742 689 787 vult
711 742 937 802 pervenire
966 742 1022 786 ad
1059 741 1177 786 illam
1211 741 1453 785 Jerusalem

62 820 244 855 matrem
275 820 465 855 nostram
484 846 495 867 ,
523 812 578 856 de
600 829 687 872 qua
716 813 823 857 dicit
842 811 1098 872 Apostolus:
1126 814 1383 856 «AEternam
1407 811 1452 854 in

67 900 85 921 »
120 879 266 924 coeliS²
287 882 305 923 P
326 899 345 921 »

124 954 198 995 lv.
225 952 339 996 Audi
373 961 617 1011 postremo,
658 953 750 997 noli
772 954 878 997 mihi
901 953 1077 998 credere
1104 972 1113 998 ε
1139 951 1239 996 audi
1261 951 1369 1012 quid
1387 967 1454 996 se-

62 1031 242 1082 quatur,
283 1033 327 1066 et
349 1038 481 1081 quam
515 1022 754 1067 Jerusalem
797 1023 995 1082 designet
1029 1022 1249 1066 mentibus
1277 1022 1450 1066 nostris.

62 1094 172 1138 Cum
193 1092 308 1136 enim
327 1091 501 1137 dixisset
527 1112 535 1136 :
567 1112 585 1134 «
614 1095 784 1137 Stantes
812 1102 936 1137 erant
955 1092 1087 1152 pedes
1109 1092 1245 1136 nostri
1265 1092 1309 1135 in
1337 1092 1453 1136 atriis

65 1181 86 1204 η
121 1162 358 1207 Jerusalem
377 1183 385 1208 :
415 1165 574 1224 »quasi
597 1163 816 1208 diceretur
837 1164 922 1218 illi,
942 1168 1004 1208 De
1026 1180 1112 1223 qua
1130 1162 1369 1207 Jerusalem
1392 1162 1453 1206 di-

63 1233 147 1287 cis,
170 1231 225 1276 de
246 1249 331 1293 qua
354 1233 590 1278 Jerusalem
622 1234 842 1294 loqueris?
870 1233 1059 1293 subjecit
1081 1234 1248 1286 statim,
1278 1252 1297 1274 «
1322 1235 1452 1276 Jeru-

66 1321 86 1344 »
111 1303 242 1346 salem
254 1319 352 1363 quae
367 1303 607 1348 aedificatur
619 1316 662 1348 ut
677 1305 1068 1358 civitas.»Fratres,
1086 1304 1264 1363 quando
1278 1302 1453 1347 dicebat

63 1373 141 1417 ista
166 1373 321 1427 David,
357 1373 547 1434 perfecta
571 1384 662 1418 erat
695 1374 767 1418 itta
805 1375 976 1429 civitas,
1020 1390 1109 1418 non
1131 1373 1448 1417 aedificabatur.

62 1445 215 1489 Nescio
232 1461 362 1504 quam
388 1461 490 1503 ergo
506 1446 726 1490 civitatem
744 1446 877 1500 dicit,
905 1461 1004 1505 quae
1027 1445 1159 1489 modo
1185 1444 1450 1499 aedificatur,

63 1514 118 1558 ad
140 1530 270 1574 quarn
293 1524 476 1559 currunt
489 1516 533 1560 in
556 1516 642 1560 fide
662 1515 827 1575 lapides
848 1516 956 1569 vivi,
980 1515 1035 1559 de
1058 1516 1218 1576 quibus
1239 1515 1344 1559 dicit
1370 1519 1449 1559 Pe-

62 1593 155 1629 trus
181 1604 229 1629 z«
251 1589 307 1630 Et
327 1601 402 1629 vos
425 1595 633 1646 tanquam
657 1586 822 1645 lapides
847 1587 933 1631 vivi
959 1586 1290 1631 coaedificamini
1304 1587 1350 1629 in
1371 1585 1452 1630 do-

66 1674 86 1696 »
122 1671 243 1699 mum
276 1655 512 1715 spiritalem
532 1658 547 1681 3
565 1692 577 1712 ,
613 1676 633 1698 η
667 1655 718 1700 Id
753 1666 836 1711 est,
874 1656 1088 1716 templum
1121 1666 1321 1701 sanctum
1357 1657 1448 1700 Dei.

64 1725 180 1778 Quid
202 1735 280 1780 est,
310 1745 329 1767 «
354 1727 538 1786 Lapides
559 1728 645 1771 vivi
663 1727 994 1772 coaedificamini
1011 1728 1030 1769 ⁴?
1050 1745 1070 1768 »
1091 1727 1230 1782 Vivis,
1247 1727 1280 1770 si
1295 1725 1448 1771 credis.

67 1795 110 1840 Si
131 1805 277 1840 autem
301 1796 439 1841 credis
457 1832 468 1852 ,
493 1797 676 1842 efficeris
693 1797 909 1857 templum
933 1797 1010 1842 Dei
1035 1816 1044 1841 :
1070 1798 1172 1855 quia
1199 1796 1306 1841 dicit
1327 1812 1454 1856 apos-

67 1883 88 1908 »
123 1864 239 1910 tolus
262 1866 421 1910 Paulus
438 1902 449 1921 ,
479 1866 746 1927 «Templum
770 1867 886 1911 enim
913 1867 986 1910 Dei
1011 1877 1209 1911 sanctum
1233 1876 1312 1922 est,
1332 1866 1452 1926 quod

68 1954 88 1978 »
124 1937 222 1980 estis
238 1938 356 1980 vos4.
388 1954 407 1977 »
435 1939 532 1996 Ipsa
555 1952 656 1995 ergo
680 1937 812 1981 modo
829 1937 978 1981 civitas
1001 1935 1243 1980 aedificatur
1267 1955 1276 1980 :
1297 1937 1454 1996 praeci-

68 2006 234 2050 duntur
250 2006 306 2049 de
323 2007 544 2050 montibus
557 2005 722 2066 lapides
737 2023 813 2066 per
830 2022 984 2050 manus
999 2005 1331 2066 praedicantium
1346 2006 1453 2050 veri-

66 2085 215 2132 tatem,
242 2077 600 2136 conquadrantur
614 2087 664 2122 ut
684 2079 849 2122 intrent
864 2078 908 2122 in
934 2087 1198 2122 structuram
1223 2077 1454 2137 sempiter-

66 2163 182 2192 nam.
201 2149 358 2192 Adhuc
371 2148 497 2192 multi
516 2148 682 2209 lapides
710 2151 756 2193 in
781 2149 984 2193 manibus
1010 2149 1183 2192 artificis
1206 2157 1332 2206 sunt3
1364 2163 1455 2192 non

67 2216 225 2261 cadant
249 2218 303 2261 de
322 2218 524 2262 manibus
543 2220 732 2274 artificis,
748 2229 798 2263 ut
812 2219 976 2279 possint
995 2219 1177 2279 perfecti
1197 2219 1454 2263 coaedificari

66 2288 111 2332 in
124 2298 384 2333 structuram
399 2289 564 2349 templi.
574 2293 648 2334 Est
662 2306 765 2349 ergo
777 2291 856 2334 ista
871 2310 890 2331 «
904 2289 1144 2333 Jerusalem
1157 2305 1256 2350 quae
1269 2288 1457 2333 aedifica-

70 2377 90 2399 »
108 2368 180 2402 tur
201 2368 249 2403 ut
267 2359 413 2404 civitas
442 2380 450 2405 ε
480 2379 500 2402 »
527 2359 866 2405 fundamentum
881 2361 1014 2420 ipsius
1028 2360 1226 2406 Christus
1241 2369 1319 2404 est.
1342 2360 1456 2404 Dicit

69 2430 287 2489 apostolus
300 2431 475 2487 Paulus,
498 2432 890 2476 «Fundamentum
903 2433 1019 2476 enim
1037 2432 1157 2476 aliud
1169 2446 1297 2475 nemo
1312 2439 1455 2490 potest

117 2531 126 2547 ¹
152 2525 265 2557 Matth.
285 2536 379 2567 xxin,
397 2526 452 2567 37.
478 2543 521 2550 —
543 2533 555 2550 ²
577 2527 644 2559 Gal.
664 2539 712 2568 lv,
737 2527 794 2569 26,
810 2532 843 2560 et
862 2538 880 2560 2
899 2529 971 2559 Cor.
989 2538 1023 2569 v,
1046 2538 1119 2559 1.-
1143 2525 1157 2550 3
1177 2538 1190 2560 1
1219 2528 1305 2559 Petr.
1322 2537 1356 2566 n,
1375 2525 1454 2558 5.-

71 2578 88 2610 4
108 2592 121 2613 1
148 2581 219 2613 Gor.
236 2592 280 2623 111,
305 2592 355 2623 17·
