1815 3253
347 167 429 206 498
780 176 814 204 S.
851 177 1081 206 Auousnm
1115 179 1294 207 13121500121
1350 208 1351 211 Ἴ

344 242 536 286 luxuries
552 239 786 284 libidinum
813 260 822 285 ε
849 240 971 286 defer
992 241 1038 284 in
1058 241 1172 288 lecto
1189 251 1267 286 tuo
1287 240 1461 300 conjugi
1483 249 1571 285 tuae
1593 260 1604 298 3
1628 240 1731 300 quia

348 311 544 355 membra
565 310 725 355 Christi
747 312 844 355 estis
866 311 997 355 ambo
1016 312 1027 335 ¹
1046 345 1057 366 ,
1080 311 1209 355 ambo
1224 311 1278 356 ab
1300 310 1375 354 illo
1396 310 1575 364 conditi,
1601 309 1731 356 ambo
1769 302 1771 304 .

346 381 556 440 sanguine
585 380 718 440 ipsius
748 381 935 440 reparati
963 400 971 426 z
1000 383 1103 425 Haec
1135 395 1263 438 agens
1293 380 1445 424 laudas
1466 383 1632 434 Deum,
1652 394 1732 423 nec

345 450 524 495 omnino
544 449 689 494 silebit
708 449 902 495 laudatio
924 459 1015 495 tua.
1036 449 1150 503 Quid
1166 465 1268 495 cum
1285 465 1463 495 somnus
1485 449 1733 494 advenerit?

344 523 401 564 Et
420 535 523 564 cum
543 519 727 576 dormiS,
759 535 850 564 non
881 529 923 564 te
945 521 1101 565 excitet
1123 535 1146 564 a
1168 519 1314 580 quiete
1335 518 1449 564 mala
1471 519 1734 564 conscientia

349 599 423 634 tua
441 610 452 647 3
470 599 513 634 et
533 589 780 634 innocentia
798 590 938 634 somni
956 591 1022 634 tui
1041 588 1191 634 laudat
1207 593 1359 634 Deum.
1375 589 1417 635 Si
1440 605 1542 649 ergo
1564 588 1730 644 laudas,

345 676 436 705 non
447 669 618 705 tantum
632 659 781 719 lingua
794 670 935 717 canta,
946 660 1022 705 sed
1034 661 1165 707 etiam
1175 670 1395 720 assumpto
1403 661 1620 705 bonorum
1635 674 1736 719 ope-

348 747 444 776 rum
469 731 668 788 psalterio
696 750 706 777 :
735 751 756 775 «
781 733 999 785 Quoniam
1022 732 1163 777 bonus
1185 731 1394 777 Psalmus.
1409 730 1612 789 »Laudas
1635 746 1735 775 cum

347 801 434 860 agis
457 803 699 859 negotium,
724 801 877 847 laudas
899 818 1001 847 cum
1019 803 1168 847 cibum
1191 811 1234 846 et
1255 812 1410 862 potum
1432 801 1737 862 capis,‘laudas

348 888 449 917 cum
471 872 515 915 in
529 872 643 917 lecto
665 873 895 933 requiescis
909 908 920 929 ,
946 873 1098 918 laudas
1119 888 1221 918 cum
1244 873 1427 918 dormis:
1452 871 1630 933 quando
1647 887 1738 916 non

348 942 499 987 laudas
518 944 536 987 P
565 938 817 988 Perficietur
840 944 887 988 in
908 945 1034 989 nobis
1054 943 1246 989 laudatio
1267 944 1345 989 Dei
1364 979 1375 1000 ,
1401 959 1500 988 cum
1531 943 1586 987 ad
1616 942 1738 986 illam

349 1013 566 1058 civitatem
601 1015 873 1071 venerimus,
906 1014 1084 1076 quando
1104 1005 1268 1059 'effecti
1307 1014 1517 1059 fuerimus
1550 1013 1738 1074 aequales

349 1083 524 1142 Angelis
545 1084 622 1128 Dei
639 1088 656 1110 ²
676 1105 688 1143 3
711 1085 890 1145 quando
907 1101 985 1130 nos
1003 1085 1124 1130 nulla
1146 1085 1380 1146 corporalis
1399 1085 1626 1130 necessitas
1647 1083 1739 1128 ulla

350 1170 400 1199 ex
422 1165 543 1214 parte
572 1154 775 1201 sollicitat
791 1192 802 1212 ,
826 1172 917 1201 non
939 1156 1097 1212 sameS,
1126 1173 1217 1202 non
1238 1158 1328 1202 sitis
1349 1156 1614 1216 interpellat,
1649 1170 1739 1200 non

349 1234 478 1268 aestus
500 1223 652 1283 fatigat
671 1260 682 1280 ,
711 1241 801 1270 non
823 1225 959 1285 frigus
981 1227 1237 1286 constringit
1258 1262 1268 1282 ,
1293 1243 1384 1271 non
1406 1226 1538 1271 febris
1559 1225 1706 1286 dejicit
1724 1259 1736 1280 ,

349 1310 438 1339 non
466 1311 580 1339 mors
602 1296 712 1340 finit.
739 1295 808 1340 Ad
829 1296 949 1341 illam
968 1296 1324 1357 perfectissimam
1345 1296 1521 1342 laudem
1540 1312 1739 1342 exercea-

349 1381 446 1410 mus
463 1381 541 1410 nos
556 1365 806 1411 laudatione
823 1366 903 1412 ista
925 1368 971 1411 in
993 1368 1119 1412 bonis
1141 1367 1360 1428 operibus.

408 1438 485 1480 III.
530 1439 764 1495 Propterea
800 1452 902 1481 cum
939 1437 1115 1482 dixisset
1146 1457 1155 1483 ε
1196 1456 1217 1480 «
1248 1437 1442 1482 Laudate
1472 1437 1708 1482 Dominum
1724 1471 1736 1493 ,

353 1526 373 1549 »
409 1507 618 1567 quoniam
642 1507 783 1552 bonus
809 1507 1006 1553 Psalmus
1032 1528 1041 1554 :
1062 1512 1152 1554 Deo
1170 1519 1336 1564 nostro,
1357 1509 1522 1570 inquit,
1541 1506 1740 1569 jucunda

354 1596 374 1618 »
410 1578 464 1622 sit
492 1578 600 1623 laus.
628 1597 648 1621 »
674 1579 910 1632 Quomodo
930 1581 1011 1625 erit
1038 1584 1129 1625 Deo
1160 1590 1308 1625 nostro
1330 1580 1527 1641 jucunda
1547 1580 1672 1624 laus?
1697 1578 1741 1624 Si

352 1647 465 1692 bene
489 1649 676 1693 vivendo
696 1649 916 1694 laudetur.
950 1650 1068 1695 Audi
1104 1651 1206 1711 quia
1227 1660 1332 1695 tunc
1353 1651 1434 1697 erit
1453 1649 1515 1694 illi
1544 1647 1741 1710 jucunda

351 1718 460 1763 laus.
479 1718 577 1764 Alio
598 1719 695 1764 loco
713 1719 872 1765 dicitur
889 1739 898 1766 ι
918 1739 938 1763 «
948 1723 1047 1767 Non
1063 1730 1126 1766 est
1142 1721 1334 1781 speciosa
1354 1720 1448 1764 laus
1468 1720 1515 1764 in
1536 1735 1610 1764 ore
1632 1734 1739 1779 pec-

357 1807 376 1830 »
412 1789 610 1834 catoris3.
641 1808 662 1831 »
694 1790 738 1835 Si
762 1806 863 1849 ergo
895 1791 941 1835 in
968 1807 1042 1836 ore
1065 1792 1300 1851 peccatoris
1321 1791 1510 1851 speciosa
1530 1790 1624 1835 laus
1646 1805 1742 1834 non

353 1868 416 1904 est
433 1895 443 1915 ,
464 1860 663 1920 jucunda
679 1877 770 1906 non
791 1871 855 1905 est
876 1862 984 1907 :hoc
1002 1862 1116 1906 enim
1134 1861 1382 1922 jucundum
1404 1897 1414 1917 ,
1441 1861 1561 1922 quod
1582 1861 1742 1921 specio-

353 1945 464 1974 sum.
507 1933 580 1976 Vis
601 1948 704 1991 ergo
725 1944 775 1976 ut
807 1936 897 1977 Deo
924 1941 1002 1977 tuo
1034 1932 1233 1992 jucunda
1255 1931 1452 1976 sitlans?
1485 1931 1583 1977 Noli
1611 1931 1740 1975 bonae

354 2001 583 2046 cantilenae
611 2011 699 2046 tuae
727 2002 977 2062 obstrepere
1007 2003 1200 2047 moribus
1233 2002 1371 2046 malis.
1414 2021 1434 2044 «
1469 2005 1560 2046 Deo
1593 2010 1742 2046 nostro

357 2089 377 2113 »
404 2073 605 2132 jucunda
626 2074 680 2118 sit
699 2073 809 2117 laus.
841 2091 861 2115 »
887 2073 1004 2127 Quid
1025 2072 1164 2118 dixit?
1187 2074 1271 2126 Qui
1301 2072 1489 2116 laudatis
1504 2106 1515 2126 ,
1540 2071 1654 2115 bene
1674 2071 1742 2115 vi-

351 2143 454 2188 vite.
467 2143 681 2189 Laudatio
702 2144 937 2204 impiorum
954 2143 1139 2188 offendit
1159 2147 1314 2187 Deum.
1336 2143 1438 2187 Plus
1457 2142 1530 2186 ille
1552 2142 1741 2187 attendit

353 2213 463 2273 quid
495 2215 635 2269 vivas,
675 2230 809 2274 quam
839 2213 948 2273 quid
977 2229 1117 2258 sones.
1143 2216 1271 2260 Certe
1293 2230 1394 2258 cum
1416 2229 1467 2259 eo
1489 2229 1622 2274 quem
1641 2213 1741 2258 lau-

354 2283 446 2339 das,
468 2300 619 2344 pacem
637 2285 798 2329 habere
819 2284 906 2329 vis:
930 2284 1153 2344 quomodo
1171 2300 1272 2328 cum
1294 2283 1369 2328 illo
1389 2284 1547 2343 quaeris
1570 2299 1738 2343 pacem,

355 2354 533 2413 quando
555 2370 578 2399 a
595 2363 638 2398 te
659 2354 752 2414 ipso
770 2353 994 2399 dissonas?
1015 2355 1271 2409 Quomodo,
1296 2355 1466 2415 inquies
1485 2389 1496 2409 ,
1517 2370 1540 2398 a
1561 2363 1735 2398 memet-

358 2424 449 2483 ipso
469 2424 641 2468 dissono
659 2426 677 2468 Ρ
697 2424 832 2469 Aliud
847 2433 972 2469 sonat
991 2423 1157 2484 lingua,
1178 2423 1296 2468 aliud
1318 2423 1481 2469 indicat
1493 2424 1596 2469 vita.
1613 2443 1632 2466 «
1653 2427 1741 2468 Deo

406 2515 414 2531 ¹
438 2520 448 2539 1
470 2511 543 2541 Cor.
565 2519 608 2551 vi,
628 2511 677 2541 15.
693 2525 734 2534 —·
755 2515 767 2532 2
789 2508 903 2543 Matth.
920 2519 1001 2551 xxn,
1021 2508 1074 2540 30.
1095 2525 1135 2531 —
1157 2506 1170 2531 3
1189 2506 1288 2540 Eccli.
1308 2518 1364 2550 xv,
1382 2519 1416 2550 9.
