1815 3253
382 212 624 241 ENARRATlo
656 216 698 241 IN
733 213 937 242 PSALMUM
968 217 1180 243 cxxxviu.
1378 205 1462 244 307

77 278 216 323 milias
242 297 251 323 :
271 279 409 339 major
430 294 518 323 non
549 277 679 337 longe
699 281 807 323 ierat
822 315 838 335 ,
862 279 937 324 sed
964 280 1009 324 in
1030 295 1134 339 agro
1167 282 1431 340 operabatur
1446 317 1457 337 ‚

76 359 122 394 et
141 350 354 409 significat
375 359 545 394 sanctos
562 351 608 393 in
629 353 744 410 Lege
777 350 984 396 facientes
1014 367 1144 410 opera
1173 361 1216 395 et
1245 363 1464 412 praecepta

76 421 214 479 Legis.
241 423 388 466 Genus
410 431 555 466 autem
574 422 838 478 humanum,
863 422 985 483 quod
1007 423 1241 467 deflexerat
1265 424 1309 467 in
1328 425 1464 469 idolo-

76 507 175 536 rum
191 491 410 536 culturam
430 527 442 546 ‚
463 492 509 535 in
539 491 780 553 longinquo
816 491 959 536 fuerat
981 493 1320 551 peregrinatum.
1346 494 1464 546 Quid

77 571 167 607 tam
185 562 316 621 longe
338 563 393 607 ab
416 579 467 607 eo
489 564 564 623 qui
586 563 689 608 fecit
712 573 775 618 te,
800 579 933 623 quam
956 564 1215 623 figmentum
1237 564 1358 624 quod
1386 565 1466 609 tibi

78 633 168 692 ipse
190 631 353 677 fecisti?
376 634 602 678 Profectus
630 643 693 678 est
715 650 819 693 ergo
850 634 965 678 filius
1002 635 1144 679 minor
1170 635 1216 678 in
1245 636 1468 694 regionem

76 702 362 764 longinquam
377 739 388 759 ,
412 713 589 764 portans
611 720 758 749 secum
786 704 1075 749 substantiam
1107 721 1230 749 suam
1245 741 1257 761 ‚
1285 715 1328 750 et
1355 707 1468 750 sicut

76 775 278 820 novimus
301 776 344 819 in
367 776 603 834 Evangelio
616 811 628 831 ‚
648 776 869 836 dissipavit
889 791 984 821 eam
1001 777 1151 822 vivens
1168 777 1349 837 prodige
1366 793 1467 823 cum

77 847 378 891 meretricibus
395 868 406 904 3
430 857 474 891 et
493 846 654 892 samem
674 864 822 907 passus
843 848 1055 907 applicuit
1075 863 1119 892 se
1137 848 1312 892 cuidam
1345 850 1469 909 prin-

79 916 163 976 cipi
181 917 368 975 regionis
385 916 500 961 illius
514 939 525 975 3
539 928 583 962 et
606 917 679 962 ille
696 934 796 963 eum
814 918 954 978 porcis
968 918 1194 978 pascandis
1209 921 1468 979 praeposuit,

77 986 133 1032 de
153 1003 343 1048 quorum
363 988 530 1049 siliquis
558 990 764 1048 cupiebat
797 991 1006 1044 saturari,
1039 1005 1120 1034 nec
1154 1000 1339 1049 poterat,
1367 995 1470 1036 Post

78 1057 273 1103 laborem
296 1068 339 1103 et
355 1060 555 1103 trituram
577 1057 624 1104 et⁴
639 1060 967 1104 tribulationem
990 1069 1033 1103 et
1065 1070 1300 1119 egestatem
1315 1097 1325 1116 ‚
1351 1063 1471 1106 venit

80 1128 143 1174 illi
164 1130 209 1173 in
229 1139 421 1174 mentem
445 1139 567 1190 pater
583 1166 594 1186 ‚
620 1141 663 1175 et
679 1131 819 1176 voluit
841 1131 1008 1188 redire3
1034 1140 1077 1175 et
1105 1131 1165 1175 sic
1196 1132 1258 1176 ait
1284 1151 1294 1177 ι
1323 1151 1343 1174 «
1366 1135 1471 1178 Sur-

82 1217 104 1242 »
139 1215 260 1259 gam,
286 1209 329 1244 et
349 1200 424 1244 ibo
446 1200 500 1245 ad
523 1212 690 1260 patrem
714 1217 875 1245 meum.
900 1204 1096 1259 Surgam,
1117 1220 1138 1242 »
1156 1202 1280 1256 dixit,
1300 1203 1471 1248 sederat

79 1271 211 1315 enim.
238 1272 341 1331 Ejus
359 1286 460 1329 ergo
475 1288 627 1326 vocem
650 1272 721 1316 hic
739 1287 923 1331 agnosce
945 1272 1127 1316 dicentis
1143 1307 1154 1327 ‚
1179 1292 1200 1315 «
1219 1276 1285 1317 Tu
1305 1290 1470 1333 cogno-

82 1360 103 1384 »
127 1342 225 1386 visti
241 1342 471 1386 sessionem
485 1358 626 1386 meam
643 1353 686 1387 et
702 1344 1066 1387 resurrectionem
1082 1359 1241 1387 meam.
1263 1362 1284 1386 »
1303 1345 1402 1390 Sedi
1423 1346 1469 1391 in

81 1422 291 1472 egestate,
311 1413 475 1457 surrexi
496 1412 541 1456 in
564 1412 778 1458 desiderio
798 1413 925 1472 panis
944 1413 1023 1457 tui.
1061 1432 1081 1455 «
1113 1413 1369 1460 Intellexisti
1393 1432 1471 1460 co-

83 1502 104 1526 »
140 1485 368 1543 gitationes
396 1500 512 1528 meas
548 1484 602 1528 de
639 1483 899 1544 longinquo.
943 1502 962 1525 »
997 1487 1147 1543 Longe
1188 1487 1306 1530 enim
1351 1503 1470 1532 eram

81 1555 303 1615 profectus
330 1574 338 1599 :
361 1554 436 1599 sed
454 1555 532 1598 ubi
554 1570 644 1598 non
664 1564 728 1599 est
748 1570 882 1615 quem
913 1553 1214 1599 deserueram?
1246 1576 1266 1599 «
1292 1557 1471 1602 Intelle-

83 1642 106 1668 »
139 1625 235 1669 xisti
257 1625 539 1684 cogitationes
569 1640 686 1669 meas
713 1624 769 1669 de
801 1624 1060 1684 longinquo.
1096 1643 1117 1666 »
1143 1629 1376 1686 Propterea
1412 1629 1472 1673 sic

83 1697 188 1742 dicit
210 1697 419 1741 Dominus
435 1697 480 1740 in
502 1696 740 1756 Evangelio
757 1731 769 1750 ‚
792 1715 812 1738 «
836 1696 948 1749 Quia
965 1697 1156 1741 occurrit
1177 1696 1241 1741 illi
1257 1709 1381 1758 pater
1396 1715 1475 1745 ve-

83 1785 104 1810 »
139 1768 369 1813 nienti1.»›
396 1770 507 1811 Vere
525 1802 535 1822 ,
560 1768 663 1827 quia
684 1766 958 1811 intellexerat
989 1766 1274 1825 cogitationes
1302 1772 1395 1830 ejus
1416 1771 1472 1815 de

81 1838 338 1899 longinquo.
370 1858 391 1881 «
415 1839 622 1884 Semitam
644 1853 788 1882 meam
816 1847 860 1882 et
890 1837 1076 1882 limitem
1108 1853 1258 1883 meum
1291 1841 1472 1886 investi-

87 1925 108 1951 »
143 1909 265 1968 gasti.
294 1909 498 1954 Semitam
516 1943 527 1962 ‚
552 1908 722 1968 inquit,
748 1923 890 1951 meam
916 1927 926 1952 ε
949 1926 969 1948 »
995 1922 1150 1967 quam,
1177 1909 1257 1953 nisi
1285 1910 1443 1955 malam
1459 1947 1472 1967 ,

83 1995 215 2040 quam
231 1978 305 2022 ille
323 1978 624 2023 ambulaverat
641 2013 652 2032 ‚
679 1986 728 2022 ut
745 1987 913 2036 patrem
935 1978 1173 2034 desereret,
1190 1981 1313 2039 quasi
1330 1982 1475 2026 occul-

86 2059 155 2096 tus
176 2065 266 2094 esse
287 2059 430 2110 posset
451 2050 506 2093 ab
524 2048 661 2094 oculis
681 2048 940 2093 vindicantis
958 2070 969 2107 3
994 2058 1069 2093 aut
1082 2051 1246 2094 veroin
1265 2051 1338 2096 illa
1358 2069 1478 2112 eges-

86 2129 172 2166 tate
191 2130 505 2171 contereretur,
523 2130 598 2164 aut
616 2136 769 2179 porcos
786 2135 960 2179 pascere
977 2129 1230 2179 poneretur,
1251 2122 1332 2166 nisi
1348 2133 1474 2182 pater

86 2191 216 2236 vellet
237 2189 455 2249 flagellare
476 2189 769 2251 longinquum
785 2225 796 2245 ‚
822 2199 872 2234 ut
904 2191 1114 2249 reciperet
1145 2192 1474 2253 propinquum?

88 2263 201 2321 Ergo
213 2272 421 2321 tanquam
439 2260 735 2320 deprehensus
749 2260 973 2319 fugitivus,
996 2271 1206 2321 sequente
1222 2278 1267 2307 se
1280 2263 1476 2310 vindicta

89 2332 278 2392 legitima
295 2332 373 2377 Dei
389 2331 647 2376 vindicantis
660 2332 704 2376 in
717 2332 968 2377 affectiones
989 2342 1155 2377 nostras
1166 2368 1178 2389 ,
1195 2349 1475 2396 quacumque

89 2403 262 2448 ierimus
284 2412 328 2447 et
344 2417 625 2463 quocumque
640 2403 852 2462 progressi
872 2400 1109 2460 fuerimus3
1130 2411 1341 2464 tanquam
1372 2421 1477 2464 ergo

90 2473 381 2534 deprehensus
401 2472 609 2532 fugitivus
629 2472 826 2533 loquitur
850 2491 861 2518 ε
890 2491 912 2516 «
933 2473 1141 2519 Semitam
1167 2489 1334 2531 meam,
1358 2485 1402 2520 et
1418 2476 1477 2520 li-

138 2565 147 2582 ¹
165 2560 243 2594 Luc.
266 2570 320 2602 xv,
341 2567 457 2592 11-20.

1227 2611 1296 2651 20.
