1815 3253
14 1864 18 1979 ξ

10 2537 14 2620 z

10 2625 13 2746 i

383 225 623 255 munuum
655 228 700 254 m
734 226 935 255 PsALMUM
969 229 1116 255 cxxix.
1363 214 1444 253 165

62 295 192 340 vitam
224 302 446 337 aeternam.
477 311 496 334 «
524 292 718 352 Speravit
753 292 885 336 Israel
916 293 962 336 in
995 291 1233 336 Dominum
1256 306 1278 335 a
1301 290 1447 350 vigilia

63 385 84 408 n
119 365 331 410 matutina
352 379 492 424 usque
509 363 564 407 ad
586 372 774 407 noctem.
803 382 824 405 »

118 438 221 480 XII.
260 454 279 476 (ι
299 434 516 487 Quoniam
534 433 648 492 apud
665 433 899 477 Dominum
920 431 1233 477 misericordia:
1251 440 1294 475 et
1311 430 1449 475 multa

63 524 84 549 »
119 503 369 566 apudillum
384 503 670 563 redemptio.»
697 504 948 562 Magnifice!
969 502 1124 547 Melius
1143 502 1228 546 dici
1246 517 1334 546 non
1353 517 1450 561 pos-

61 585 124 621 set
145 575 241 619 loco
273 590 373 629 suo,
398 583 576 633 propter
596 573 708 618 illud
730 574 848 634 quod
875 573 1003 628 dixit,
1034 593 1052 615 «
1078 577 1115 617 Α
1136 571 1281 632 vigilia
1303 582 1449 616 matu-

61 664 84 688 »
117 645 207 690 tina
228 653 368 705 speret
386 643 517 688 Israel
534 645 578 687 in
603 645 853 689 Dominum.
884 663 902 685 »
926 646 1098 697 Quare?
1120 643 1230 697 Quia
1254 660 1277 687 a
1305 642 1448 700 vigilia

59 716 271 760 matutina
286 715 515 759 resurrexit
533 715 764 772 Dominus,
780 724 823 759 et
845 715 927 759 hoc
940 714 1073 758 debet
1084 729 1255 773 sperare
1273 729 1445 772 corpus,

60 786 178 846 quod
200 786 245 828 in
266 785 408 844 capite
430 784 756 844 pi·aecessit.Sed
773 800 827 829 ne
844 794 1099 842 suggeratur
1119 784 1199 828 ista
1215 784 1420 843 cogitatio
1437 802 1446 828 :

60 855 189 915 capiti
219 855 342 900 licuit
373 870 616 912 resurgere,
655 856 758 915 quia
786 856 971 915 peccatis
1007 871 1097 899 non
1127 854 1446 914 praemebatur,

59 926 230 972 nullum
261 936 490 986 peccatum
518 927 675 970 eratin
697 926 795 982 illo,
835 927 943 987 quid
967 942 1044 971 nos
1073 925 1228 970 facturi
1263 928 1451 970 sumus?

62 997 337 1058 Sperabimus
359 996 491 1041 talem
515 998 874 1041 resurrectionem
888 1033 898 1052 ‚
919 997 1060 1058 qualis
1081 998 1127 1040 in
1141 998 1327 1041 Domino
1342 1012 1451 1056 prae-

59 1068 202 1121 cessit,
240 1083 339 1112 cum
360 1068 547 1127 peccatis
580 1068 735 1111 nostris
762 1070 1071 1126 aggravemur?
1097 1067 1181 1112 Sed
1209 1067 1308 1111 vide
1339 1067 1446 1128 quid

58 1139 281 1198 sequitur:
310 1138 571 1191 «Quoniam
613 1137 730 1197 apud
766 1139 1002 1182 Dominum
1048 1138 1364 1193 misericordia,
1407 1148 1451 1182 et

62 1228 82 1251 »
117 1213 251 1254 multa
270 1211 386 1269 apud
408 1209 530 1253 illum
558 1209 816 1269 redemptio.
843 1213 899 1255 Et
926 1211 1017 1270 ipse
1040 1209 1224 1254 redimet
1247 1209 1376 1254 Israel
1395 1210 1450 1253 ab

60 1298 81 1322 »
115 1281 316 1324 omnibus
349 1281 651 1341 iniquitatibus
678 1283 784 1340 ejus.
814 1300 833 1322 »
856 1284 971 1338 Ergo
995 1283 1026 1325 si
1050 1281 1331 1341 premebatur
1348 1296 1448 1340 pec·

58 1351 161 1395 catis
183 1351 288 1405 suis,
320 1351 440 1394 adest
462 1351 752 1395 misericordia
776 1352 867 1395 Dei.
892 1351 997 1396 Ideo
1025 1352 1241 1411 praecessit
1264 1351 1338 1395 ille
1359 1353 1450 1395 sine

56 1430 256 1480 peccato,
298 1429 347 1464 ut
380 1420 521 1464 deleat
560 1431 736 1480 peccata
770 1422 1062 1481 sequentium.
1094 1422 1238 1466 Nolite
1261 1421 1306 1464 in
1329 1422 1450 1465 vobis

56 1506 339 1550 praesumere,
381 1490 454 1534 sed
497 1506 519 1534 a
555 1491 697 1549 vigilia
731 1492 943 1535 matutina
987 1492 1250 1550 praesumite.
1293 1492 1450 1536 Videte

57 1570 186 1620 caput
216 1569 409 1604 vestrum
451 1561 728 1604 resurrexisse
763 1571 805 1604 et
830 1561 1071 1605 ascendisse
1104 1563 1149 1605 in
1191 1562 1368 1606 coelum.
1397 1565 1450 1606 111

57 1629 130 1675 1110
148 1631 273 1690 culpa
301 1647 389 1674 non
411 1640 526 1685 erat,
553 1631 628 1674 sed
644 1647 721 1690 per
742 1631 867 1675 illum
889 1641 1043 1676 vestrae
1067 1632 1209 1692 culpae
1233 1632 1448 1677 delebun-

57 1711 140 1746 tur.
172 1721 192 1744 t<
213 1705 309 1761 Ipse
327 1701 509 1746 redimet
525 1701 655 1746 Israel
674 1703 728 1746 ab
753 1703 956 1747 omnihus
980 1704 1284 1763 iniquitatibus
1306 1706 1410 1764 ejus.
1427 1722 1447 1745 »

57 1774 166 1826 Quia
189 1773 518 1817 Israelvendere
540 1790 584 1818 se
600 1775 757 1833 potuit,
771 1784 813 1818 et
826 1776 919 1818 fieri
936 1776 1228 1819 venumdatus
1251 1776 1332 1820 suh
1348 1792 1450 1835 pec-

57 1853 181 1900 cato,
216 1844 425 1887 redimere
444 1859 488 1888 se
508 1845 563 1887 ab
585 1845 890 1905 iniquitatibus
918 1861 1007 1889 non
1027 1855 1183 1905 potest.
1205 1845 1284 1890 Ille
1307 1847 1451 1905 potuit

58 1915 292 1968 redimere,
325 1916 399 1975 qui
428 1931 472 1959 se
505 1931 594 1960 non
623 1917 767 1975 potuit
783 1916 987 1960 vendere.
1021 1918 1105 1970 Qui
1127 1933 1216 1961 non
1235 1918 1453 1962 commisit

57 1995 305 2045 peccatum,
342 1987 432 2045 ipse
454 1996 517 2031 est
550 1986 801 2047 redemptor
819 2004 840 2031 a
863 1998 1057 2048 peccato.
1090 2006 1108 2029 ε(
1138 1992 1235 2048 Ipse
1267 1990 1453 2033 redimet

61 2074 82 2098 n
117 2056 260 2101 Isra'e'l.
292 2076 311 2098 »
338 2057 464 2102 Unde
482 2058 693 2103 redimet?
721 2059 789 2103 Ab
809 2058 881 2104 illa
909 2060 1166 2120 iniquitate,
1196 2075 1252 2103 an
1278 2060 1332 2103 ab
1350 2060 1455 2104 illa?

63 2145 83 2168 ι(
107 2127 174 2170 Ab
196 2127 713 2188 omnibusiniquitatibus
735 2130 840 2190 ejus.
863 2149 882 2171 n
904 2133 1003 2175 Non
1017 2145 1118 2187 ergo
1135 2130 1284 2174 timeat
1306 2146 1452 2174 acces-

59 2211 181 2240 surus
217 2196 272 2241 ad
311 2201 451 2241 Deum
488 2198 654 2258 aliquas
695 2200 947 2260 iniquitates
979 2216 1112 2245 suas:
1145 2203 1454 2246 ⁴tantummodo

60 2266 234 2311 accedat
263 2266 392 2325 pleno
425 2268 576 2324 corde,
614 2279 657 2313 et
679 2270 848 2314 desinat
874 2272 962 2330 jam
998 2270 1163 2324 facere,
1197 2287 1297 2331 quae
1327 2281 1455 2316 antea

60 2335 270 2390 faciebat,
298 2346 339 2380 et
359 2354 444 2381 non
465 2338 580 2383 dicat
607 2359 615 2384 2
642 2339 719 2384 Illa
735 2341 941 2401 iniquitas
963 2357 1050 2384 non
1072 2341 1177 2385 mihi
1202 2341 1452 2386 dimittitur.

63 2406 105 2450 Si
127 2408 240 2450 enim
271 2408 354 2450 hoc
382 2407 560 2461 dixerit,
587 2419 765 2469 propter
799 2411 930 2471 ipsam
956 2428 1085 2471 quam
1108 2421 1233 2471 putat
1254 2412 1333 2455 sibi
1366 2428 1456 2456 non

62 2475 242 2531 dimitti,
282 2494 369 2520 nou
399 2494 442 2521 se
475 2480 710 2531 convertit,
748 2490 790 2524 et
826 2481 1023 2525 iaciendo
1047 2492 1226 2535 csctcra,
1267 2498 1356 2525 non
1392 2481 1455 2524 iili

116 2562 462 2604 ¹Psatc·‚x·1s:,7.—
488 2564 589 2594 Ἄ11111
627 2568 655 2594 Η.
