1815 3253
424 208 666 239 ENARRATIO
698 213 742 239 IN
775 210 975 239 PsALMUM
1007 212 1132 239 CXLV.
1390 199 1475 240 489

96 282 168 317 tur
206 274 423 334 injuriam.
462 277 581 334 Lego
615 275 779 336 aliquid
818 275 1088 320 manifestius
1129 290 1181 320 ex
1204 276 1442 335 Evangelio
1463 297 1473 321 ε

98 362 119 385 «
152 345 295 399 Beati,
322 345 477 406 inquit,
498 346 573 405 qui
591 347 933 405 persecutionem
953 347 1194 406 patiuntur.
1216 365 1236 387 »
1257 350 1446 406 Expecta
1464 366 1473 392 ε

92 413 200 473 quid
220 413 431 459 festinas?
452 415 568 468 Quid
590 416 696 460 dicis
711 452 722 471 ,
753 419 846 475 Ego
868 432 962 460 sum
981 419 999 460 Ρ
1021 419 1210 475 Expecta
1225 450 1236 470 ,
1261 416 1441 476 inquam
1464 436 1473 461 :

91 493 233 529 totum
255 485 410 544 legam.
435 485 631 541 Audisti,
661 507 680 529 «
706 489 825 531 Beati
842 489 915 547 qui
938 479 1283 547 persecutionem
1305 489 1477 547 patiun-

94 573 116 596 »
151 565 223 600 tur
249 575 258 601 ε
282 575 302 597 »
319 558 413 617 jam
438 557 518 600 tibi
547 558 689 602 nescio
723 558 830 618 quid
859 574 1051 618 coeperas
1073 573 1286 616 arrogare.
1313 559 1355 603 Si
1378 575 1477 618 per·

90 626 246 680 mittis,
291 635 433 671 totum
465 627 563 686 lego
598 647 606 672 :
646 628 746 672 vide
773 628 880 688 quid
912 638 1154 689 sequatur:
1195 647 1214 670 «
1246 629 1365 672 Beati
1401 630 1476 689 qui

91 713 112 737 n
149 697 495 754 persecutionem
528 699 756 757 patiuntur
791 708 968 758 propter
1000 699 1253 759 justitiam1.
1291 719 1308 740 »
1344 698 1477 743 Modo

90 766 176 820 dic,
198 768 291 825 Ego
314 783 425 811 sum.
456 768 497 812 Si
520 769 653 812 audes
674 768 817 813 dicere
834 804 844 823 ,
869 772 960 828 Ego
982 785 1077 814 sum
1105 789 1114 814 z
1134 770 1355 829 superiora
1378 785 1476 830 quae

89 836 176 881 dixi
212 848 493 883 retractemus
520 859 529 884 ε
566 849 641 884 aut
672 856 728 884 ne
748 840 929 900 longum
953 842 1034 895 sit,
1060 842 1143 886 hoc
1166 857 1304 885 unum
1338 842 1475 885 inter-

88 923 194 966 rogo
214 943 225 963 ‚
264 908 306 953 Si
338 909 565 954 damnares
587 927 726 955 unum
762 911 1008 965 hominem,
1038 913 1160 972 cujus
1179 926 1352 955 causam
1376 927 1476 955 nes-

88 978 194 1023 eires
212 1014 223 1034 ‚
248 978 429 1023 auderes
456 989 498 1024 te
521 981 666 1025 dicere
688 991 835 1026 tenere
852 982 1063 1042 justitiam
1081 984 1098 1024 ⁶?
1120 991 1195 1026 aut
1217 982 1251 1026 si
1269 982 1373 1041 quid
1398 997 1478 1041 pro

86 1049 168 1093 hac
195 1065 240 1092 re
260 1066 406 1109 passus
430 1066 561 1105 esses,
587 1051 789 1111 injuriam
811 1052 1087 1096 nominares?
1110 1053 1249 1111 Erigis
1276 1062 1319 1096 te
1340 1053 1385 1095 in
1412 1061 1477 1096 te-

87 1121 319 1164 merarium
338 1120 532 1165 tribunal
550 1122 692 1165 cordis
708 1123 787 1176 tui,
809 1122 928 1165 unde
949 1122 1257 1180 praecipiteris3
1281 1130 1323 1165 et
1346 1122 1478 1165 audes

87 1188 200 1233 ferre
218 1190 476 1234 sententiam
495 1191 549 1234 de
568 1191 744 1235 homine
759 1226 769 1245 ,
792 1193 916 1251 cujus
933 1207 1108 1235 causam
1131 1192 1268 1235 nescis
1285 1193 1303 1236 P
1328 1195 1420 1235 Hoc
1443 1191 1478 1234 si

86 1260 141 1304 de
165 1277 255 1305 uno
278 1262 454 1305 homine
476 1261 638 1306 faceres
655 1298 665 1317 ‚
691 1278 801 1306 esses
822 1263 1011 1322 injustus
1038 1281 1048 1306 ε
1077 1262 1181 1305 facis
1201 1263 1284 1306 hoc
1304 1261 1360 1305 de
1383 1271 1478 1306 toto

86 1331 192 1375 orbe
214 1341 428 1375 terrarum
450 1367 461 1387 ‚
493 1342 536 1376 et
551 1333 695 1393 justus
722 1335 800 1377 cs?
823 1336 993 1376 Fratres
1022 1332 1284 1386 charissimi,
1307 1341 1350 1376 et
1377 1348 1477 1392 quae

85 1412 148 1446 est
176 1419 276 1462 quae
304 1403 469 1462 patitur
499 1403 727 1463 injuriam,
768 1403 849 1447 nisi
886 1403 1076 1447 Ecclesia
1110 1402 1322 1447 catholica
1343 1438 1354 1458 ‚
1380 1419 1479 1463 quae

84 1481 205 1516 tanta
226 1472 305 1517 ista
329 1475 606 1533 perpetitur?
624 1477 743 1518 Inter
767 1483 833 1518 tot
854 1473 1056 1518 scandala
1078 1473 1381 1517 haereticorum
1402 1489 1478 1532 ge-

84 1543 163 1587 mit
181 1578 191 1598 ,
227 1543 345 1587 videt
359 1535 442 1603 ‘per
464 1543 598 1588 malas
627 1545 846 1589 suasiones
867 1553 909 1588 et
929 1543 1105 1604 fraudes
1125 1544 1217 1603 rapi
1235 1544 1290 1588 de
1312 1544 1476 1603 gremio

83 1629 162 1658 suo
191 1613 407 1664 infirmos,
440 1614 643 1674 parvulos
674 1615 868 1674 pertrahi
895 1631 972 1674 per
1000 1616 1146 1660 nescio
1178 1631 1278 1675 quae
1311 1623 1475 1658 secreta

84 1683 296 1728 malarum
319 1684 641 1744 speluncarum,
657 1685 936 1744 rebaptizari3
952 1686 1166 1730 exsufflari
1184 1685 1229 1729 in
1248 1686 1306 1729 eis
1323 1685 1474 1730 Chris-

83 1763 178 1799 tum
193 1790 203 1809 ,
230 1755 369 1800 occidi
396 1756 443 1798 in
465 1755 524 1799 eis
543 1771 633 1800 non
656 1755 969 1800 mortale-illud
991 1772 1142 1810 suum,
1165 1771 1254 1815 quo
1276 1755 1474 1799 homines

83 1835 212 1880 sunt,
246 1825 319 1870 sed
348 1825 459 1870 illud
491 1842 580 1886 quo
603 1827 648 1870 in
676 1835 889 1870 aeternum
922 1827 1079 1870 victuri
1112 1835 1228 1870 sunt.
1258 1825 1474 1870 Suadetur

83 1896 250 1941 homini
273 1897 416 1940 dicere
436 1917 445 1942 :
465 1900 563 1941 Non
595 1912 691 1940 sum
715 1897 986 1941 Christianus
1003 1932 1013 1951 ‚
1039 1897 1259 1956 etjustitia
1275 1905 1470 1940 vocatur.

83 1968 406 2011 Accessuruses
428 1967 484 2011 ad
502 1968 753 2027 episcopum
770 2003 781 2021 ‚
803 1968 860 2011 ait
874 1966 936 2010 illi
951 2003 962 2021 ‚
985 1967 1086 2011 vide
1108 1982 1163 2010 ne
1185 1966 1303 2011 dicas
1321 1975 1364 2010 te
1385 1981 1473 2009 esse

83 2037 394 2082 Christianum.
429 2038 473 2082 Si
496 2039 610 2081 enirn
631 2038 786 2082 dixeris
806 2047 848 2082 te
866 2052 954 2081 esse
975 2038 1294 2087 Christianum,
1314 2052 1404 2080 non
1427 2051 1472 2080 es

83 2117 340 2167 accepturus
359 2127 367 2152 :
388 2117 437 2152 ut
455 2118 599 2153 autem
618 2109 816 2168 accipias,
837 2108 907 2152 dic
929 2117 972 2151 te
994 2124 1084 2152 non
1106 2123 1210 2152 esse.
1237 2108 1353 2160 Quid
1377 2122 1474 2151 mo—

82 2195 174 2233 nes,
195 2179 468 2224 Christiane?
485 2179 598 2232 Quid
612 2179 741 2223 doces
755 2181 908 2225 PCerte
931 2179 1279 2238 persecutionem
1295 2178 1469 2238 pateris.

83 2252 259 2304 Quanto
280 2258 331 2293 tu
355 2250 497 2293 verior
513 2252 797 2308 persecutor?
815 2249 1002 2304 Quando
1027 2250 1308 2308 imperatores
1327 2244 1473 2308 perse-

82 2322 333 2381 quebantur
355 2321 622 2366 Christianos
637 2322 654 2376 ,'
673 2322 881 2365 minando
904 2321 1122 2380 cogebant
1137 2355 1147 2374 ‚
1168 2321 1289 2380 quod
1311 2329 1359 2363 tu
1377 2320 1474 2363 effi-

83 2392 144 2436 cis
160 2391 399 2435 suadendo.
413 2391 648 2435 Persuades
670 2393 915 2436 Christiano
934 2401 983 2435 ut
1007 2400 1137 2449 neget
1158 2405 1202 2434 se
1220 2405 1310 2434 esse
1331 2390 1475 2434 Chris-

82 2463 272 2507 tianum:
288 2461 409 2522 quod
426 2472 475 2507 tu
489 2462 713 2508 suadendo
730 2463 849 2518 facis,
860 2464 944 2507 hoc
963 2471 1213 2522 persecutor
1230 2460 1472 2507 occidendo

133 2554 141 2570 ¹
159 2547 274 2580 Matth.
298 2558 332 2589 v,
362 2558 411 2580 10.
