1815 3253
346 193 588 224 mumulo
619 196 665 224 m
697 194 901 225 PsALMUM
932 197 1097 226 cxxxrv.
1326 187 1410 227 253

26 275 108 305 nus
129 259 239 305 odor
259 275 432 317 sumus,
456 261 569 305 sicut
597 259 703 305 dicit
724 262 980 322 Apostolus,
1004 262 1051 306 in
1085 263 1205 307 omni
1226 262 1365 308 loco¹.
1387 282 1408 305 n

26 330 140 386 Quid
161 331 359 391 prodest,
393 333 496 392 quia
532 348 656 377 nares
689 333 874 388 habent,
906 343 950 378 et
983 349 1074 378 non
1107 333 1292 379 odorant
1324 344 1413 378 tam

26 417 199 447 suavem
222 403 400 447 odorem
428 401 618 448 Christi?
650 405 760 447 Vere
781 405 826 447 in
849 403 930 448 illis
963 402 1128 448 factum
1163 414 1227 449 est
1248 414 1292 448 et
1312 420 1414 449 vere

25 472 79 519 de
109 473 192 518 illis
210 474 377 519 dictum
399 483 485 530 est,
510 494 530 518 «
554 475 720 520 Similes
741 475 823 519 illis
845 475 933 519 sint
960 491 1110 521 omnes
1143 476 1221 536 qui
1243 473 1413 520 faciunt

28 562 49 587 »
82 560 128 589 ea
142 555 222 600 „et
242 561 392 590 omnes
407 549 483 606 qui
500 547 731 591 confidunt
749 547 795 590 in
816 547 890 591 eis.
916 565 936 588 n

0 610 2 615 ’
79 617 217 660 XXV.
247 616 329 661 Sed
359 616 558 677 quotidie
584 618 771 662 credunt
793 633 871 678 per
902 617 1112 663 miracula
1137 618 1297 663 Christi
1321 621 1412 662 Do·-

0 677 6 734 i
25 685 155 742 mini,
181 687 377 747 quotidie
400 688 656 748 aperiuntur
673 689 788 734 oculi
806 704 1021 734 ceecorum
1045 699 1088 733 et
1110 705 1233 734 aures
1255 689 1412 734 surdo-

0 773 146 812 rum,
177 758 444 818 inspirantur
475 775 599 803 nares
627 760 968 816 insensatorum,
1007 760 1306 805 dissolvuntur
1338 776 1412 805 ora

0 838 268 884 :mutorum‚
305 831 668 889 constringuntur
701 847 855 875 manus
878 831 1243 890 paralyticorum,
1275 832 1411 876 corri-

0 901 2 913 '
25 908 186 958 guntur
203 898 333 959 pedes
355 899 628 956 claudorum,
652 900 706 945 de
724 901 943 961 lapidibus
964 902 1053 946 istis
1073 902 1317 946 excitantur
1334 901 1413 945 filii

0 980 3 1015 Ι
24 969 209 1014 Abrahae
235 989 243 1013 :
269 969 430 1029 quibus
453 971 658 1015 omnibus
675 973 767 1031 jam
790 972 962 1016 dicatur
977 1007 987 1027 ,
1021 991 1041 1014 «
1066 975 1229 1017 Domus
1261 971 1408 1027 Israel,

0 1036 46 1097 l»
80 1040 326 1085 benedicite
356 1041 591 1085 Dominum
618 1062 626 1086 :
656 1061 675 1083 »
702 1044 864 1086 Omnes
886 1043 964 1086 filii
993 1044 1182 1087 Abrabae
1213 1063 1223 1088 ε
1252 1044 1330 1087 etsi
1357 1043 1413 1087 de

0 1098 2 1122 ³
23 1110 237 1171 lapidibus
254 1110 344 1155 istis
363 1112 626 1156 suscitantur
656 1112 733 1156 filii
752 1113 940 1157 Abrabae
961 1116 977 1139 2
995 1134 1006 1171 3
1046 1112 1326 1158 manifestum
1349 1122 1414 1157 est

0 1231 2 1249 ᾖ
24 1182 121 1241 quia
143 1181 205 1225 illi
228 1191 331 1226 sunt
368 1183 502 1240 magis
540 1182 697 1227 domus
723 1183 877 1239 lsrael,
905 1183 980 1244 qui
1004 1184 1225 1243 pertinent
1253 1183 1308 1228 ad
1332 1184 1413 1228 do-

0 1254 4 1305 j
23 1266 141 1296 mum
161 1252 291 1295 Israel
308 1287 318 1306 ,
342 1253 417 1312 qui
441 1253 660 1311 pertinent
682 1252 736 1297 ad
752 1269 900 1297 semen
915 1254 1125 1309 Abrahae,
1151 1271 1242 1299 non
1264 1270 1410 1310 carne,

0 1311 94 1375 lsed
111 1321 211 1366 fide.
236 1341 256 1364 «
282 1326 444 1366 Domus
462 1322 616 1379 Israel,
641 1323 886 1368 benedicite
909 1325 1160 1369 Dominum.
1190 1344 1210 1366 »
1241 1325 1325 1370 Sed
1347 1325 1414 1369 fac

0 1381 2 1435 ἶ
23 1391 76 1436 de
97 1391 228 1437 domo
246 1393 320 1437 illa
343 1393 451 1448 dici,
477 1403 520 1437 et
542 1393 755 1453 populum
779 1395 911 1438 Israel
932 1396 1075 1440 vocari
1099 1415 1107 1440 z
1132 1396 1414 1440 crediderunt

0 1495 6 1507 .
23 1461 121 1506 inde
136 1464 332 1522 Apostoli
349 1473 392 1507 et
406 1463 542 1507 millia
558 1465 927 1508 circumcisorum.
949 1485 967 1507 «
985 1469 1149 1510 Domus
1168 1465 1315 1520 Israel,
1336 1467 1414 1510 be-

0 1554 8 1575 ·;
26 1551 46 1574 »
65 1532 251 1577 nedicite
268 1533 518 1591 Dominum3
537 1537 699 1578 Domus
714 1538 876 1590 Aaron,
895 1535 1142 1580 benedicite
1157 1536 1411 1592 Dominum,

0 1608 3 1673 ’ἶ
27 1603 217 1649 »domus
244 1605 364 1659 Levi,
385 1604 631 1649 benedicite
654 1606 890 1650 Dominum
907 1608 968 1650 3.»
990 1606 1240 1651 Benedicite
1262 1607 1415 1668 populi

0 1676 256 1724 iDominum
275 1711 285 1731 ,
311 1676 394 1720 hoc
415 1685 501 1731 est,
529 1696 549 1718 «
574 1680 738 1722 Domus
763 1678 895 1722 Israel
919 1697 938 1719 »
967 1678 1226 1738 generaliter
1252 1699 1260 1724 :
1283 1680 1414 1723 bene-

0 1739 4 1801 ἱ
25 1744 150 1790 dicite
171 1747 412 1806 praepositi,
437 1747 521 1791 hoc
557 1756 644 1802 est,
673 1767 693 1789 «
722 1751 884 1792 Domus
917 1751 1063 1792 Aaron
1086 1768 1094 1793 :
1121 1767 1140 1789 »
1166 1749 1414 1794 benedicite

0 1817 5 1860 j*
67 1816 202 1861 inistri
220 1852 231 1871 ,
254 1817 337 1861 hoc
360 1826 464 1862 est«
490 1821 651 1862 Domus
663 1819 782 1863 Levi.
808 1838 828 1860 »
855 1818 971 1872 Quid
1001 1818 1055 1862 de
1084 1821 1249 1864 caeteris
1270 1824 1414 1865 natio-

25 1887 178 1931 nibus?
200 1906 219 1929 «
245 1888 330 1940 Qui
353 1888 511 1931 timetis
536 1889 771 1932 Dominum
788 1924 798 1944 ,
826 1889 1071 1933 benedicite
1100 1891 1351 1935 Dominum.
1389 1909 1409 1932 »

79 1959 240 2001 XXVI.
264 1959 425 2001 Omnes
448 1973 550 2017 ergo
574 1974 659 2003 una
681 1975 788 2003 voce
812 1958 1008 2004 dicamus
1035 1960 1154 2020 quod
1177 1962 1376 2021 sequitur
1400 1980 1410 2006 ε

0 2042 4 2068 ,·
30 2046 50 2071 «
80 2029 341 2073 Beneditcus
371 2030 581 2074 Dominus
619 2046 668 2074 ex
706 2031 831 2085 Sion,
865 2032 940 2091 qui
973 2032 1140 2076 habitat
1162 2033 1207 2076 in
1235 2036 1412 2078 Jerusa-

0 2111 8 2139 i
30 2118 49 2140 »
80 2098 165 2144 lem
188 2100 219 2143 ⁴.
249 2118 269 2140 »
296 2103 360 2144 Ex
382 2101 484 2145 Sion
506 2110 549 2145 et
570 2100 827 2147 Jerusalem.
855 2102 958 2147 Sion
986 2103 1248 2162 speculatio,
1281 2108 1411 2149 Jeru‘-
1515 2155 1543 2164 ,¹

0 2176 6 2210 '!
27 2168 152 2214 salem
167 2171 272 2215 visio
292 2171 420 2230 pacis.
444 2175 496 2215 In
520 2188 607 2231 qua
629 2172 869 2216 Jerusalem
892 2189 1010 2217 nunc
1028 2174 1302 2220 habitaturus
1322 2164 1459 2221 estP'⁷x
1483 2191 1487 2196 ¹

0 2235 7 2279 ἶ
27 2240 75 2283 In
99 2239 171 2284 illa
193 2257 291 2300 quse
319 2241 504 2285 cecidit?
534 2245 659 2298 Non,
686 2243 761 2296 sed
782 2243 828 2287 in
853 2242 926 2288 illa
950 2253 1087 2288 matre
1109 2255 1254 2290 nostra
1270 2281 1281 2299 ,
1312 2263 1413 2306 quae

0 2304 3 2366 ἶ
29 2318 88 2354 est
118 2310 163 2353 in
194 2310 343 2365 ecelis,
376 2311 430 2354 de
465 2327 551 2371 qua
584 2312 751 2356 dictum
780 2321 864 2368 est,
895 2332 914 2355 «
940 2313 1069 2358 Multi
1102 2315 1179 2359 filii
1212 2316 1408 2372 desertae,

0 2376 4 2404 ¹
34 2399 50 2420 »
82 2381 210 2439 magis
235 2396 367 2441 quam
390 2382 480 2441 ejus
501 2398 600 2442 quae
623 2383 757 2427 habet
784 2384 925 2428 virum
947 2387 977 2428 ⁵.
1008 2404 1026 2426 »
1051 2388 1176 2431 Nunc
1199 2403 1300 2446 ergo
1323 2392 1413 2433 Do-

73 2481 82 2498 ¹
106 2484 125 2507 2
147 2478 218 2508 Cor.
238 2488 273 2518 11,
297 2476 348 2508 15.
370 2494 410 2499 —
432 2484 445 2500 ²
465 2477 658 2519 Matth.n1,
677 2490 710 2520 9.
732 2495 773 2502 ·—
794 2477 809 2502 ³
834 2480 917 2513 Psal
939 2491 1070 2522 cxxnv,
1089 2490 1142 2514 20.
1161 2500 1203 2505 —-
1221 2482 1237 2513 4
1255 2483 1279 2515 Il
1294 2484 1336 2515 id.
1358 2493 1412 2516 21.

0 2526 5 2535 ’
32 2547 69 2553 -
87 2529 191 2564 ⁵1sa't.
212 2544 278 2574 ιιν,
303 2544 331 2575 1,
348 2537 379 2565 ct
401 2533 468 2566 Gal.
490 2545 536 2574 iv,
555 2534 611 2575 26,
631 2542 684 2575 27.
