1815 3253
367 208 450 247 190
787 215 821 243 s.
856 213 1087 245 Aucus'nm
1118 216 1301 245 Emscom

361 283 495 327 terius
517 289 706 336 tantum,
722 281 757 326 si
771 280 861 341 ipse
881 280 986 326 dicit
1005 289 1048 325 et
1064 296 1153 326 non
1174 279 1304 326 facit:
1322 289 1366 326 et
1385 281 1436 326 fit
1456 296 1534 341 per
1550 281 1742 340 linguam

362 355 453 414 ejus
481 353 528 397 in
548 352 634 398 alio
669 352 790 397 locus
823 352 1028 407 Domino,
1053 367 1143 397 non
1163 361 1309 397 autem
1329 353 1380 396 fit
1394 352 1485 412 ipse
1510 352 1632 397 locus
1653 356 1743 398 Do—

360 426 497 469 mino.
522 424 608 478 Qui
630 433 776 469 autem
797 439 897 484 quae
918 422 1047 468 docet
1062 423 1175 468 bene
1205 422 1310 468 facit
1324 458 1336 480 ,
1361 432 1405 467 et
1425 424 1485 468 sic
1508 422 1662 479 docet,
1693 424 1744 470 fit

360 494 483 540 locus
505 495 691 540 Domino
708 509 808 539 cum
828 509 880 539 eo
900 508 1034 554 quem
1055 493 1208 552 docet3
1228 494 1331 555 quia
1352 509 1502 539 omnes
1521 493 1744 540 credentes

359 579 501 609 unum
519 564 668 610 locum
690 563 856 609 faciunt
873 563 1073 608 Domino.
1090 566 1142 607 In
1159 565 1289 609 corde
1312 564 1428 609 enim
1449 565 1583 608 habet
1598 563 1745 610 locum

359 635 572 680 Dominus
593 654 603 680 ε
623 634 726 695 quia
747 649 886 679 unum
913 650 988 679 cor
1008 643 1072 678 est
1093 635 1290 679 omnium
1310 636 1357 679 in
1377 635 1587 681 charitate
1606 650 1744 694 copu-
1805 648 1808 656 ’

360 706 566 750 latorum.

418 774 473 818 V.
506 779 646 827 Quam
691 773 830 818 multa
875 774 1012 818 millia
1062 773 1370 829 crediderunt,
1414 772 1568 819 fratres
1619 774 1706 820 mei
1727 808 1744 830 ,

361 843 537 904 quando
559 843 697 902 pretia
727 858 871 887 rerum
896 859 1072 888 suarum
1092 853 1333 903 posuerunt
1363 844 1420 888 ad
1441 844 1572 903 pedes
1603 846 1746 902 Apes-³.
1774 847 1775 851 ’

364 913 597 958 tolorum1.
633 913 718 958 Sed
739 912 848 973 quid
873 912 929 957 de
948 913 1031 958 illis
1061 914 1167 958 dicit
1194 913 1445 973 Scriptura?
1475 916 1603 958 Certe
1644 912 1748 962 facti

360 993 462 1028 sunt
484 983 697 1042 templum
714 984 813 1041 Dei3
837 999 927 1028 non
949 993 1120 1028 tantum
1144 983 1356 1043 templum
1375 984 1453 1028 Dei
1474 983 1653 1042 singuli,
1671 983 1747 1047 sed

361 1065 405 1099 et
432 1069 583 1099 omnes
605 1054 820 1113 templum
843 1054 921 1098 Dei
942 1053 1086 1099 simul.
1108 1054 1232 1098 Facti
1257 1063 1358 1098 sunt
1386 1070 1489 1113 ergo
1520 1054 1641 1101 locus
1664 1057 1746 1098 Do-
1769 1069 1797 1105 μ

361 1125 497 1169 mino.
524 1128 581 1169 Et
602 1134 652 1169 ut
671 1125 876 1169 noveritis
895 1125 1000 1184 quia
1021 1140 1135 1168 unus
1157 1124 1278 1168 locus
1310 1123 1450 1168 factus
1476 1134 1540 1168 est
1560 1124 1746 1171 Domino

1787 1141 1795 1170 1

362 1196 408 1240 in
430 1196 654 1250 omnibus,
680 1196 899 1254 Scriptura
917 1195 1044 1250 dicit,
1075 1214 1095 1237 «
1118 1198 1224 1239 Erat
1240 1194 1323 1238 illis
1341 1195 1483 1239 anima
1505 1211 1593 1239 una
1609 1203 1653 1238 et
1672 1209 1746 1239 cor
1791 1218 1793 1222 Α

367 1283 387 1307 »
422 1280 561 1309 unum
584 1266 630 1309 in
652 1269 790 1309 Deum
806 1268 838 1308 ².
867 1283 887 1306 »
914 1265 1044 1310 Multi
1059 1274 1204 1309 autem
1227 1280 1283 1308 ne
1305 1264 1467 1309 iaciant
1491 1263 1638 1309 locum
1655 1267 1749 1309 Do.-‚

361 1336 498 1391 mino,
522 1351 597 1380 sua
619 1345 842 1396 quaerunt,
868 1351 943 1379 sua
964 1335 1152 1393 diligunt
1169 1370 1180 1390 ‚
1210 1344 1421 1394 potestate
1437 1351 1512 1379 sua
1536 1335 1745 1392 gaudenti,-
1782 1359 1798 1380 a

359 1407 580 1466 privatum
601 1422 730 1450 suum
755 1406 1088 1465 concupiscunt.
1114 1406 1201 1458 Qui
1229 1415 1376 1449 autem
1394 1405 1491 1450 vult
1521 1404 1662 1450 facere
1676 1405 1744 1450 lo-
1763 1392 1766 1434 ¹⁵
1788 1446 1789 1449 ,
1814 1452 1815 1455 ,

360 1493 461 1522 cum
494 1477 707 1531 Domino,
738 1491 828 1521 non
855 1475 909 1519 de
940 1476 1133 1535 privato,
1162 1475 1237 1519 sed
1269 1475 1324 1519 de
1364 1476 1586 1519 communi
1615 1475 1746 1521 debet
1814 1522 1815 1525 ,

362 1547 565 1605 gaudere.
587 1550 682 1592 Hoc
702 1545 764 1591 illi
782 1545 979 1590 fecerunt
1000 1546 1055 1589 de
1075 1546 1203 1588 rebus
1225 1545 1311 1588 suis
1326 1545 1523 1604 privatis,
1548 1541 1762 1594 fecerunt
1788 1568 1815 1595 ,η

361 1617 456 1662 illas
473 1632 742 1662 communes.
768 1616 898 1669 Quod
924 1615 1145 1659 habebant
1166 1629 1293 1658 suum
1310 1649 1321 1669 ‚
1345 1615 1564 1674 numquid
1590 1616 1744 1660 amisez-

362 1690 490 1732 runt?
515 1689 557 1733 Si
568 1687 648 1731 soli
667 1686 900 1741 haberent,
918 1694 961 1729 et
978 1685 1278 1745 unusquisque
1297 1700 1423 1728 suum
1437 1685 1638 1736 haberem
1663 1686 1744 1732 hoe

363 1757 505 1802 solum
528 1757 728 1811 haberet,
758 1755 881 1815 quod
905 1770 1033 1799 suum
1067 1755 1286 1799 habebat:
1311 1769 1410 1798 cum
1445 1763 1592 1798 autem
1625 1753 1758 1815 quod'

362 1827 588 1888 proprium
602 1835 710 1881 erat⁷
728 1840 960 1870 commune
974 1823 1101 1881 fecit3
1123 1834 1166 1869 et
1189 1840 1237 1868 ea
1250 1840 1350 1884 quae
1367 1834 1458 1868 erat
1469 1828 1757 1883 caeterorum-‚²
1814 1862 1815 1871 ,

361 1899 493 1958 ipsius
517 1896 631 1942 facta
653 1905 769 1940 sunt.
809 1895 1014 1940 Intendat
1034 1895 1230 1940 Cha-ritas
1251 1904 1407 1939 vestra.
1434 1896 1543 1948 Quia
1570 1883 1756 1955 propters
1794 1943 1795 1946 ,

362 1968 437 2012 illa
465 1983 565 2027 quae
590 1966 754 2025 singuli
778 1966 1071 2025 possidemus,
1105 1965 1293 2009 existunt
1318 1965 1437 2019 lites,
1474 1965 1740 2022 inimicitiae,
1794 1988 1795 2006 ³

359 2036 611 2092 discordiae,
645 2035 759 2080 bella
793 2037 906 2079 inter
945 2036 1163 2090 homines,
1189 2034 1428 2089 tumultus,
1463 2034 1747 2080 dissentiones

364 2107 594 2153 adversum
614 2122 680 2161 se,
711 2104 937 2160 scandala,
962 2114 1133 2164 peecata
1149 2140 1159 2160 ‚
1183 2104 1457 2164 iniquitates,
1493 2105 1751 2150 homicidia:
1793 2133 1795 2149 2

364 2183 546 2237 Propter
561 2179 686 2237 quae?
704 2180 886 2236 Propter
905 2176 996 2234 ipsa
1009 2190 1107 2235 quae
1129 2174 1285 2232 singuli
1307 2175 1589 2234 possidemus.
1616 2178 1744 2221 Num·
1794 2206 1795 2211 =

359 2248 471 2309 quid
486 2258 664 2308 propter
684 2248 764 2291 ista
775 2262 874 2307 quae
892 2246 1180 2290 communiter
1196 2246 1481 2304 possidemus,
1502 2245 1744 2303 litigamus?
1792 2282 1794 2288 4

363 2323 520 2365 Aerem
550 2319 679 2362 istum
709 2316 998 2362 communiter
1031 2314 1230 2359 ducimus
1248 2350 1259 2370 ,
1295 2315 1430 2359 solem
1456 2316 1747 2364 communiten
1791 2329 1807 2360 π

364 2404 514 2434 omnes
536 2387 881 2433 videmus.Beati
897 2401 998 2443 ergo
1019 2387 1094 2445 qui
1116 2386 1175 2430 sic
1188 2385 1355 2430 faciunt
1370 2385 1516 2430 locum
1534 2362 1746 2440 Domino,i
1790 2400 1793 2427 s

362 2469 414 2505 ut
444 2460 613 2519 privato
644 2473 722 2502 suo
754 2472 845 2501 non
881 2458 1112 2514 gaudeant.
1152 2455 1299 2500 Talem
1332 2471 1435 2514 ergo
1474 2456 1742 2518 describebat·
1790 2493 1791 2498 ,

410 2550 419 2567 ¹
435 2546 508 2576 Act.
528 2554 572 2585 iv,
591 2542 646 2575 35.
671 2558 713 2565 —
733 2548 746 2564 ²
763 2540 845 2574 Ibid.
872 2540 925 2572 32.
