1815 3253
357 215 599 246 r-:NARRA'rto
631 218 679 245 m
710 214 915 244 PsALMUM
947 217 1102 244 cxxxn.
1337 205 1421 244 217

34 296 165 336 nuos,
190 282 416 341 impigros,
443 282 617 327 alacres.
643 280 746 326 Ideo
774 282 953 343 quando
976 281 1083 325 tales
1111 279 1394 325 describimus
1410 316 1420 336 ‚

35 353 245 397 Barbatus
268 356 398 398 homo
419 364 496 409 est,
522 353 719 398 dicimus.
746 357 862 413 Ergo
886 353 993 396 illud
1014 352 1203 412 primum
1225 368 1426 410 unguen-

35 431 128 468 tum
151 424 374 469 descendit
390 426 436 470 in
459 425 707 484 ApostOIOS,
735 424 958 469 descendit
984 425 1028 467 in
1047 423 1143 468 illos
1165 424 1241 483 qui
1265 424 1425 482 primos

37 493 225 553 impetus
247 494 394 539 saeculi
416 496 740 554 sustinuerunt3
773 493 995 539 descendit
1019 509 1121 553 ergo
1144 494 1189 538 in
1210 493 1306 537 illos
1330 496 1428 553 Spi-

30 565 357 610 witus-sanctus.
382 569 491 611 Nam
522 576 564 611 et
586 566 648 610 illi
676 567 750 627 qui
772 566 962 626 primum
986 566 1029 608 in
1064 580 1204 609 unum
1229 565 1427 609 habitare

37 646 280 695 coeperunt,
300 638 644 697 persecutionem
662 638 773 698 passi
791 645 892 681 sunt
908 656 916 681 :
934 635 1009 680 sed
1025 636 1126 697 quia
1145 634 1427 680 descenderat

34 716 310 765 unguentum
348 709 393 752 in
428 708 630 763 barbam,
668 708 781 768 passi
815 716 931 761 sunt,
971 722 1062 750 non
1094 706 1212 751 victi.
1254 706 1428 750 Etenim

35 786 78 822 et
100 788 231 838 caput
242 780 330 839 jam
350 795 523 839 passum
543 788 831 840 praecesserat,
853 777 972 823 unde
990 778 1214 823 descendit
1231 792 1428 836 unguen-

35 857 144 893 tum.
173 850 451 894 Praecedente
475 850 550 894 tali
565 850 778 910 exemplo,
800 850 896 910 quis
918 849 1109 893 vinceret
1131 849 1341 892 barbam?

94 921 216 963 VIII.
247 923 308 963 Ex
332 920 403 964 illa
428 921 563 964 barba
585 930 676 965 erat
701 921 944 980 Stephanus
967 929 1156 964 sanctus.
1184 922 1239 962 Et
1261 919 1344 962 hoc
1367 927 1431 962 est

36 1005 125 1035 non
145 990 283 1045 vinci,
314 1000 363 1034 ut
387 991 572 1035 charitas
594 1007 685 1035 non
706 992 904 1035 vincatur
928 991 983 1034 ab
1006 991 1204 1034 inimicis.
1227 993 1336 1034 Nam
1352 989 1429 1033 visi

36 1070 137 1106 sunt
156 1062 235 1106 sibi
253 1063 418 1116 vicisse,
439 1063 515 1123 qui
533 1064 749 1122 persecuti
772 1071 874 1106 sunt
891 1071 1074 1105 sanctos.
1097 1060 1164 1104 Illi
1181 1060 1426 1115 caedebant,

36 1130 98 1176 illi
123 1133 429 1191 caedebantur3
461 1133 523 1177 illi
552 1133 834 1187 occidebant,
870 1133 934 1176 illi
964 1132 1293 1176 occidebantur.
1329 1131 1430 1183 Quis

37 1218 124 1247 non
148 1212 319 1262 putaret
339 1203 434 1248 illos
461 1204 658 1259 vincere,
684 1203 779 1248 illos
809 1204 952 1247 vinci?
980 1202 1064 1248 Sed
1086 1203 1188 1262 quia
1211 1217 1300 1246 non
1318 1202 1430 1246 victa

36 1281 99 1316 est
115 1273 315 1328 charitas,
335 1273 433 1318 ideo
446 1284 722 1333 unguentum
738 1273 962 1318 descendit
976 1274 1020 1317 in
1031 1273 1227 1317 barbam.
1241 1272 1432 1317 Attende

39 1343 322 1402 Stephanum.
362 1344 575 1389 Saeviebat
601 1346 648 1388 in
678 1344 753 1388 illo
782 1345 992 1388 charitas:
1024 1344 1231 1387 saeviebat
1258 1343 1303 1386 in
1331 1358 1428 1397 eos,

37 1429 137 1459 cum
156 1414 357 1459 audirent
374 1436 384 1473 3
400 1417 569 1474 rogavit
586 1432 665 1475 pro
683 1416 758 1470 eis⁷
780 1431 879 1459 cum
898 1415 1157 1475 lapidarent.
1180 1413 1297 1467 Quid
1315 1413 1431 1457 enirn

36 1486 120 1540 ait,
145 1501 246 1530 cum
278 1486 479 1531 audirent
503 1506 512 1532 :
543 1507 562 1529 «
584 1491 700 1531 Dura
724 1487 890 1532 cervice
917 1497 960 1530 et
980 1486 1270 1530 incircumcisi
1301 1485 1432 1529 corde

7 1595 11 1631 Ῑ
40 1573 61 1597 ))
96 1565 139 1600 et
169 1557 376 1611 auribus,
399 1573 474 1601 vos
509 1572 679 1616 semper
716 1557 927 1601 restitistis
959 1557 1137 1616 Spiritui
1161 1565 1309 1600 sancto
1339 1557 1370 1599 ¹.
1409 1573 1428 1595 υ

6 1642 12 1678 0
38 1626 148 1670 Vide
181 1626 377 1670 barbam.
409 1626 639 1686 Numquid
670 1627 890 1671 adulavit?
912 1625 1131 1687 numquid
1159 1626 1335 1670 timuit?
1365 1624 1434 1668 llli

8 1710 10 1718 ’
39 1711 139 1741 cum
155 1696 356 1741 audirent
376 1697 472 1753 ista,
492 1713 592 1757 quae
614 1698 659 1741 in
677 1697 773 1741 illos
792 1696 1052 1742 dicebantur
1080 1716 1088 1742 :
1114 1696 1271 1755 (Quasi
1284 1696 1435 1740 saevie-

0 1782 11 1806 ν
40 1766 114 1811 bat
132 1767 246 1811 enim
265 1769 526 1827 Stephanus,
544 1768 746 1812 saeviebat
764 1784 837 1813 ore
854 1803 863 1822 ‚
889 1768 1021 1812 corde
1033 1767 1243 1826 diligebat
1259 1789 1270 1825 3
1288 1778 1332 1810 et
1344 1782 1434 1810 non

40 1847 102 1898 est
111 1839 223 1883 victa
236 1839 422 1883 charitas
443 1841 535 1899 ipsa
548 1840 592 1883 in
610 1855 676 1883 eo.
697 1842 808 1885 Nam
825 1839 888 1883 illi
901 1842 918 1898 )
933 1839 1214 1883 abhorrentes
1231 1854 1254 1882 a
1270 1839 1406 1882 verbo
1420 1873 1430 1892 ‚

0 1923 3 1948 t
24 1917 246 1988 ¹tanquam
273 1910 466 1964 tenebrae
494 1910 710 1968 fugientes
739 1925 763 1953 a
784 1909 966 1964 lumine,
993 1908 1047 1954 ad
1069 1908 1235 1968 lapides
1260 1923 1434 1952 currere

0 1990 4 2018 ι
25 1989 267 2041 lcoeperunt
281 2017 291 2037 ‚
333 1983 604 2041 Stephanum
639 1981 846 2041 lapidare.
891 1982 1011 2026 Sicut
1053 1990 1179 2025 antea
1227 1980 1435 2039 Stephani

0 2053 6 2088 ἰ
42 2052 171 2096 verba
192 2051 445 2111 lapidabant
469 2051 588 2108 illos,
608 2053 675 2097 sic
698 2061 845 2112 postea
871 2052 1036 2111 lapides
1060 2067 1212 2096 eorum
1247 2051 1434 2110 Stepha-

0 2129 6 2158 ὶ
42 2137 160 2167 num.
181 2123 368 2176 Quando
386 2123 540 2168 debuit
562 2122 659 2183 plus
679 2124 803 2168 irasci
826 2124 1070 2183 Stephanus
1085 2159 1096 2178 ‚
1124 2122 1300 2182 quando
1322 2121 1436 2182 lapi—

0 2201 7 2229 1
43 2191 241 2247 dabatur,
258 2209 314 2237 an
328 2193 506 2254 quando
519 2195 779 2239 audiebatur
793 2196 811 2238 P
824 2197 938 2238 Ecce
952 2195 1067 2238 mitis
1083 2192 1222 2238 factus
1245 2203 1311 2238 est
1332 2208 1432 2237 cum

0 2291 6 2311 a
43 2262 328 2323 lapidaretur,
354 2274 396 2308 et
420 2266 624 2310 saeviebat
647 2282 749 2310 cum
781 2265 1019 2310 audiretur.
1057 2268 1201 2319 Quare
1229 2265 1436 2309 saeviebat

0 2352 8 2361 ·
44 2348 141 2378 cum
160 2333 411 2378 audiretur?
429 2336 536 2388 Quia
557 2345 727 2380 mutare
748 2336 925 2381 volebat
947 2351 1018 2380 eos
1032 2371 1042 2391 ,
1061 2353 1084 2380 a
1100 2336 1259 2397 quibus
1278 2334 1434 2379 audie-

0 2422 9 2431 ·
44 2403 184 2448 batur.
211 2405 499 2450 Venientibus
521 2406 566 2450 in
589 2422 632 2450 se
652 2406 872 2466 lapidibus
888 2423 978 2452 non
1003 2407 1115 2451 victa
1137 2416 1201 2451 est
1217 2406 1403 2451 charitas
1422 2425 1431 2449 ε

0 2488 10 2511 ν
45 2474 142 2534 quia
163 2484 440 2533 unguentum
454 2491 477 2521 a
495 2476 635 2535 capite
653 2476 699 2520 in
714 2477 893 2522 barbam
910 2476 1210 2533 descenderat,
1229 2487 1272 2522 et
1289 2475 1437 2521 audie-

93 2565 102 2582 ¹
123 2560 196 2594 Aet.
219 2571 275 2602 vn,
294 2560 348 2593 51.

31 2610 34 2693 ἲ
