1815 3253
364 234 604 264 ENARRATIO
637 238 681 264 IN
716 236 917 266 PsALMuM
950 240 1126 266 cxxxw.
1342 229 1424 267 273

43 311 164 348 erant
192 316 256 345 res
283 302 485 346 humanae
509 318 638 363 quani
662 303 795 349 modo
810 306 828 348 P
843 305 997 349 Dicant
1017 305 1142 349 nobis
1162 305 1394 350 Christiani
1412 341 1423 361 ‚

41 371 146 434 quid
168 372 270 416 boni
290 372 436 416 attulit
456 374 685 418 Christus?
718 375 832 418 unde
848 373 1058 420 feliciores
1075 385 1233 436 putent
1254 392 1319 420 res
1340 377 1426 420 hu-

40 458 209 497 manas,
233 442 333 502 quia
350 443 470 487 venit
490 444 719 489 Christus?
740 446 872 490 ‘Vides
894 447 1010 489 enim
1028 447 1062 491 si
1087 448 1252 491 theatra
1269 456 1312 490 et
1334 462 1426 490 am-

40 513 285 575 phitheatra
307 522 350 557 et
372 513 474 558 circi
505 524 668 560 starent
695 515 936 560 incolumes
951 551 962 570 ,
988 517 1021 560 si
1044 517 1154 560 nihil
1175 517 1348 561 caderet
1371 517 1425 561 de

39 583 301 641 Babylonia,
327 584 360 628 si
388 585 563 629 ubertas
585 595 693 630 esset
726 586 1125 631 circumfluentium
1150 587 1424 647 voluptatum

40 654 289 699 hominibus
322 657 558 700 cantaturis
589 666 632 701 et
655 656 870 701 saltaturis
898 656 954 701 ad
990 658 1133 716 turpia
1162 660 1352 713 cantica,
1391 658 1425 703 si

37 724 174 770 libido
205 726 488 771 scortantinm
515 736 557 771 et
574 727 942 773 meretricantium
965 727 1148 772 haberet
1166 729 1359 789 quietem
1382 737 1427 773 et

37 796 311 841 securitatem
327 832 337 852 ,
364 798 398 841 si
420 813 509 841 non
531 798 704 842 timeret
725 797 883 842 famem
907 799 953 842 in
975 798 1108 843 domo
1137 815 1213 843 sua
1235 800 1313 860 qui
1332 799 1424 844 cla-

36 876 125 912 mat
141 876 191 911 ut
209 868 466 927 pantomimi
482 869 721 913 vestiantur
736 890 746 926 3
766 869 800 913 si
818 870 912 914 haec
929 870 1073 914 omnia
1090 870 1181 914 sine
1198 869 1311 925 labe,
1334 871 1425 915 sine

37 938 362 998 perturbatione
378 937 522 998 aliqua
539 939 741 994 fluerent,
760 949 803 984 et
820 949 928 984 esset
950 941 1155 984 securitas
1172 957 1328 1000 magna
1344 957 1425 985 nu-

38 1023 204 1069 garum,
219 1007 357 1053 felicia
371 1019 512 1053 essent
527 1018 739 1069 tempora,
756 1020 799 1055 et
813 1026 1013 1070 magnam
1030 1010 1280 1056 felicitatem
1295 1013 1424 1056 rebus

37 1080 234 1124 humanis
246 1080 442 1124 Christus
464 1080 816 1134 attulisset.Quia
831 1096 933 1126 vero
958 1081 1191 1126 caeduntur
1213 1082 1423 1142 iniquita-

36 1159 112 1206 tes,
137 1161 184 1196 ut
202 1151 411 1211 extirpata
433 1150 672 1211 cupiditate
704 1151 926 1211 plantetur
946 1153 1130 1196 charitas
1152 1154 1392 1198 Jerusalem
1410 1175 1422 1212 3

35 1221 135 1283 quia
149 1223 384 1266 miscentur
399 1223 708 1266 amaritudines
725 1222 824 1266 vitae
843 1223 1090 1283 temporali,
1106 1233 1156 1268 ut
1170 1234 1332 1269 aeterna
1350 1225 1424 1270 de-

35 1291 260 1348 sideretur,
282 1293 383 1353 quia
408 1292 671 1337 erudiuntur
692 1293 738 1337 in
761 1292 940 1351 flagellis
963 1294 1175 1349 homines,
1197 1305 1422 1354 paternam

11 1383 13 1393 ¹
35 1364 292 1424 accipientes
315 1364 604 1423 disciplinam,
631 1380 686 1407 ne
703 1363 977 1423 judiciariam
999 1364 1225 1409 inveniant
1247 1376 1423 1411 senten-

13 1451 15 1454 ·
35 1433 134 1478 tiam
158 1455 168 1491 3
193 1434 302 1478 nihil
319 1435 421 1479 boni
445 1434 593 1479 attulit
609 1435 827 1489 Christus,
849 1444 891 1478 et
913 1434 1084 1479 labores
1107 1436 1254 1480 attulit
1271 1439 1422 1498 Chris-

33 1513 116 1548 tus.
142 1508 199 1549 Et
228 1505 380 1564 incipis
403 1504 546 1549 dicere
575 1505 741 1549 homini
766 1514 927 1565 quanta
965 1505 1080 1549 bona
1102 1504 1253 1551 fecerit
1274 1509 1423 1554 Chris-

8 1583 127 1636 ytus,
166 1584 209 1619 et
241 1590 331 1619 non
369 1576 498 1634 capit.
536 1575 746 1634 Proponis
773 1576 888 1618 enim
925 1574 988 1618 illi
1011 1591 1083 1619 eos
1106 1577 1183 1635 qui
1217 1576 1417 1635 faciunt,

8 1638 147 1706 ¹lquod
164 1643 296 1689 modo
319 1645 497 1689 audistis
526 1645 571 1688 in
600 1644 835 1703 Evangelio
863 1664 871 1689 z
897 1664 916 1688 «
943 1645 1155 1690 Vendunt
1175 1648 1320 1692 omnia
1343 1666 1421 1694 sua

8 1719 13 1761 i
33 1734 52 1759 »
85 1726 127 1761 et
143 1717 250 1760 dant
269 1716 557 1776 pauperibus,
583 1726 633 1761 ut
652 1717 844 1762 habeant
862 1717 1114 1762 thesaurum
1137 1718 1183 1762 in
1205 1719 1351 1776 coelis,
1375 1731 1419 1766 et

9 1805 54 1830 r»
87 1797 323 1848 sequantur
346 1787 582 1831 Dominum
598 1789 629 1830 ¹.
658 1805 679 1828 »
716 1787 830 1831 Dicis
866 1786 928 1830 illi
957 1806 965 1831 :
991 1790 1105 1832 Ecce
1126 1789 1248 1848 quod
1271 1791 1419 1836 attulit

32 1857 238 1903 Christus.
266 1861 407 1911 Quam
425 1857 553 1902 multi
570 1856 740 1902 faciunt
756 1858 852 1912 ista,
878 1866 928 1901 ut
949 1857 1215 1904 distribuant
1232 1876 1297 1905 res
1320 1878 1416 1907 suas

32 1930 170 1989 egenis
186 1965 196 1985 ,
222 1939 266 1974 et
282 1931 389 1973 fiant
410 1945 643 1989 pauperes,
667 1944 757 1973 non
780 1929 1047 1985 necessitate,
1073 1929 1149 1974 sed
1169 1930 1413 1989 voluntate,

31 2009 253 2060 sequentes
288 2003 428 2044 Deum
447 2034 458 2055 ,
490 2009 710 2059 sperantes
745 2015 928 2057 regnum
964 1999 1193 2045 coelorum.
1229 2003 1418 2049 Irrident

31 2069 96 2115 isti
117 2071 233 2132 quasi
259 2070 414 2115 stultos
437 2090 445 2115 ε
467 2073 525 2115 Et
546 2070 645 2114 talia
661 2105 672 2126 ,
698 2070 936 2130 inquiunt,
963 2069 1078 2115 bona
1098 2071 1246 2117 attulit
1264 2074 1414 2119 Chris-

32 2149 118 2198 tus,
149 2151 199 2186 ut
218 2141 372 2202 perdat
403 2142 535 2186 homo
560 2157 626 2185 res
647 2155 769 2195 suas,
793 2150 836 2185 et
855 2156 958 2185 cum
979 2140 1053 2186 dat
1075 2144 1218 2200 egenis
1235 2179 1246 2200 ,
1271 2147 1414 2191 rema-

0 2249 1 2252 *
32 2222 128 2258 neat
147 2216 340 2273 egenus?
375 2212 492 2266 Quid
520 2228 623 2272 ergo
645 2211 805 2257 facies?
832 2215 952 2256 Bona
976 2214 1137 2258 Christi
1167 2231 1257 2260 non
1279 2218 1410 2277 capis.

0 2312 3 2320 ι
33 2283 148 2329 Alius
173 2285 290 2329 enim
321 2294 364 2328 te
385 2283 613 2344 implevit,
639 2285 715 2345 qui
740 2283 1008 2328 adversarius
1031 2293 1094 2328 est
1116 2286 1317 2344 Christo,
1343 2290 1415 2334 cui

0 2373 3 2401 ι
33 2353 181 2400 dedisti
213 2355 360 2400 locum
382 2355 427 2398 in
450 2354 580 2399 corde
602 2363 695 2398 tuo.
732 2355 880 2399 Priora
919 2364 1115 2414 tempora
1138 2359 1310 2417 respicis
1326 2395 1337 2415 ,
1373 2370 1417 2405 et

0 2446 4 2474 ;
33 2426 148 2486 quasi
167 2426 332 2471 laetiora
367 2425 446 2469 tibi
474 2425 680 2470 videntur
706 2424 835 2470 fuisse
868 2436 1064 2486 tempora
1087 2429 1287 2487 pristina,
1316 2448 1415 2491 quae

0 2516 4 2545 ς
33 2495 87 2542 sic
107 2507 228 2542 erant
249 2507 458 2558 tanquam
484 2496 610 2541 olivae
627 2495 866 2556 pendentes
886 2497 931 2541 in
948 2498 1102 2543 arbore
1116 2534 1127 2554 ‚
1153 2499 1416 2546 ducentibus

76 2588 85 2605 ¹
106 2582 215 2615 Matth.
238 2594 304 2623 xix,
325 2592 379 2615 21.

215 2649 335 2679 cxlx.
1206 2641 1256 2681 18
