1815 3253
454 193 695 234 ΕΝᾼῐιΜτιρ
727 197 772 233 IN
806 195 1007 235 ι’βᾼιΜυΜ
1039 197 1184 224 exuit.
1405 185 1488 225 430

102 260 205 315 dare
228 259 526 313 excellentiam
561 261 732 312 Domini
756 263 890 314 nostri
913 263 1016 310 Jesu
1047 261 1230 318 Christi,
1253 261 1491 319 humilian-

105 340 164 375 tes
186 346 229 374 se
249 340 297 375 ut
319 329 697 386 commendaretur
721 335 834 377 Deus
854 332 983 392 aquia
1004 330 1200 380 inclinati
1225 342 1347 378 erant
1370 334 1487 392 eceli,

102 409 151 455 ut
173 400 454 446 descenderet
483 403 607 446 Deus.
637 420 654 444 «
683 401 851 452 Inclina
881 416 985 460 ergo
1012 400 1148 446 coelos
1174 410 1272 447 tuos
1289 437 1299 457 ,
1326 413 1369 447 et
1390 403 1490 448 des-

107 492 123 513 »
160 471 340 517 cende.»
360 474 542 516 Factum
565 481 644 516 est.
663 491 681 514 ι(
701 475 846 530 Tange
866 481 1053 527 montes,
1072 481 1116 516 et
1135 470 1418 531 fumigabunt
1439 492 1487 519 1»

100 551 270 594 montes
287 541 512 602 superbos,
528 541 735 591 elationes
757 552 964 598 terrenas,
984 540 1174 587 tumidas
1196 543 1459 601 granditates
1478 563 1488 590 ε

105 632 122 654 «
161 616 308 672 Tange
327 648 337 669 ‚
369 633 386 654 »
412 612 581 674 inquit,
603 622 733 673 tange
755 614 858 663 istos
879 622 1050 662 montes
1065 649 1077 670 ‚
1102 613 1158 658 de
1181 614 1316 673 gratia
1336 623 1413 660 tua
1434 615 1491 660 da

99 684 188 729 istis
211 684 436 730 montibus
463 703 471 730 ε
502 704 522 727 ι(
546 687 604 735 Et
628 685 927 744 fumigabunt,
950 705 967 726 »
989 685 1093 745 quia
1114 683 1374 732 fatebuntur
1394 701 1492 745 pec-

99 765 193 800 cata
220 771 312 800 sua.
339 759 506 802 Fumus
535 757 841 806 confitentium
867 765 1148 816 peccatorum
1165 792 1176 812 ‚
1212 757 1492 817 extorquebit

99 834 142 869 et
158 824 370 883 lacrymas
390 825 717 872 humiliatorum
743 826 1047 885 superborum.
1078 845 1095 867 «
1122 829 1268 886 Tange
1290 836 1489 883 montes,

104 917 121 936 »
157 905 200 942 et
217 896 515 955 fumigabunt.
538 917 554 938 »
582 895 788 951 Quandiu
808 912 898 943 non
921 897 1021 946 tacti
1037 931 1048 953 ‚
1074 897 1220 956 magni
1242 897 1324 943 sibi
1343 897 1493 945 viden·

98 976 184 1013 tur.
210 968 373 1012 Dicturi
392 978 494 1013 sunt
520 987 529 1013 :
556 987 573 1008 «
598 972 663 1013 Tu
680 984 880 1028 magnus,
901 970 1080 1017 Domine
1097 972 1108 994 ¹
1138 988 1147 1014 ε
1171 987 1192 1011 »
1213 968 1373 1017 dicturi
1389 979 1494 1016 sunt

98 1048 142 1083 et
163 1047 350 1094 montes,
379 1058 397 1079 «
427 1042 493 1082 Tu
513 1038 630 1084 solus
649 1039 878 1091 altissimus
900 1056 1030 1100 super
1051 1055 1229 1085 omnem
1251 1050 1412 1089 terram
1426 1045 1488 1085 ².»

155 1113 282 1155 XIII.
323 1109 407 1156 Sed.
439 1119 543 1155 sunt
563 1109 743 1171 quidam
766 1112 1062 1171 conspirantes
1082 1146 1093 1166 ‚
1118 1113 1425 1159 convenientes
1446 1113 1495 1157 in

86 1197 237 1232 unum
270 1182 476 1227 adversus
498 1182 759 1238 Dominum,
793 1190 837 1226 et
865 1181 1069 1233 adversus
1102 1182 1325 1233 Christum
1356 1184 1489 1243 ejusss.

97 1254 437 1308 Convenerunt,
462 1252 838 1311 conspiraverunt,
869 1270 888 1292 «
924 1253 1116 1305 Corusca
1138 1254 1458 1301 coruscationes
1477 1288 1491 1310 ‚

100 1342 120 1365 ῃ
157 1333 200 1367 et
221 1322 441 1383 disperges
464 1338 550 1368 eos.
580 1344 597 1367 »
617 1323 852 1370 Crebresce
873 1322 1093 1370 miraculis
1114 1324 1215 1380 tuis,
1237 1333 1280 1369 et
1301 1324 1494 1369 solvetur

96 1394 360 1453 conspiratio
383 1409 550 1438 eorum.
577 1413 596 1437 «
621 1396 813 1440 Coi-usca
835 1395 1156 1439 coruscationes
1175 1429 1186 1450 ‚
1212 1403 1256 1439 et
1273 1394 1495 1455 disperges

102 1486 119 1506 »
155 1466 262 1509 eos⁴.
280 1485 297 1506 »
320 1467 417 1509 Jam
430 1464 650 1510 miraculis
666 1465 820 1520 territi,
841 1480 931 1510 non
955 1463 1185 1510 audebunt
1207 1464 1375 1526 aliquid
1392 1481 1495 1513 con-

96 1544 160 1579 tra
198 1544 240 1578 te
257 1570 268 1590 ‚
303 1544 347 1579 ct
377 1535 424 1579 in
459 1536 561 1595 ipsis
600 1535 820 1580 miraculis
856 1544 1189 1596 expavescentes
1211 1536 1490 1586 haesitabunt.

90 1608 197 1662 Quis
222 1616 285 1651 est
306 1607 410 1664 iste,
432 1609 507 1668 qui
530 1617 652 1652 tanta
675 1609 853 1667 potest?
870 1607 969 1668 quis
992 1616 1055 1651 est
1075 1608 1175 1663 iste,
1203 1608 1282 1668 qui
1298 1608 1358 1655 sic
1377 1607 1496 1655 exal-

90 1687 232 1734 tatur,
257 1679 379 1738 cujus
402 1693 566 1725 nomen
594 1687 767 1722 tantum
795 1676 949 1723 valet?
970 1680 1083 1724 Cum
1105 1678 1285 1734 dicunt,
1308 1679 1410 1732 Quis
1431 1688 1496 1724 est

89 1750 169 1794 iste
186 1785 197 1805 ,
229 1750 439 1794 credituri
475 1758 577 1794 sunt
604 1769 613 1794 ;
646 1750 881 1794 coruscasti
915 1749 1138 1804 miraculis
1156 1785 1167 1805 ,
1193 1759 1238 1794 et
1259 1749 1497 1810 dispersisti

89 1820 250 1870 malam
267 1821 601 1865 consensionem
622 1835 821 1865 eorun1.«
842 1821 1009 1865 Emitte
1026 1822 1205 1880 sagittas
1222 1830 1318 1866 tuas
1336 1830 1380 1866 et
1396 1837 1496 1870 con-

96 1914 112 1933 »
150 1892 347 1937 turbabis
370 1908 456 1936 eos.
481 1892 655 1950 Sagittae
676 1893 866 1953 potentis
889 1901 1029 1937 acutae
1047 1895 1061 1918 ⁵
1082 1927 1093 1948 ‚
1124 1911 1142 1934 »
1164 1901 1383 1952 praecepta
1399 1902 1492 1950 tua,

90 1962 205 2007 dicta
241 1971 318 2006 tua
355 1961 512 2007 feriant
545 1978 620 2006 cor
652 1978 822 2008 eorum.
854 1981 872 2004 «
902 1963 1066 2010 Emitte
1094 1964 1270 2022 sagittas
1289 1972 1413 2018 tuaS,
1453 1973 1497 2008 et

95 2054 111 2081 >2
148 2034 435 2078 conturbabis
460 2049 547 2078 eos.
581 2054 598 2075 »
626 2033 927 2085 Vulnerentur
949 2033 1065 2078 male
1086 2034 1196 2090 sani,
1217 2043 1265 2078 ut
1284 2043 1496 2080 sanentur

89 2104 201 2149 bene
222 2104 442 2149 vulnerati
470 2124 477 2149 :
504 2113 548 2149 et
571 2104 719 2151 dicant
751 2105 844 2164 jam
886 2104 933 2148 in
955 2103 1149 2149 Ecclesia
1180 2114 1224 2149 et
1244 2104 1291 2149 in
1312 2121 1495 2166 corpore

89 2176 249 2221 Christi
272 2175 498 2220 constituti
519 2210 529 2230 ,
555 2174 705 2227 dicant
727 2190 829 2227 cum
852 2175 1046 2220 Ecclesia
1074 2195 1083 2220 :
1113 2194 1130 2216 «
1150 2176 1369 2230 Quoniam
1388 2176 1492 2222 vul-

96 2268 112 2289 »
149 2256 297 2293 nerata
320 2246 530 2291 charitate
554 2261 635 2305 ego
656 2247 796 2292 sumss.
819 2245 983 2291 Emitte
997 2247 1173 2305 sagittas
1196 2256 1291 2298 tuas
1311 2256 1355 2293 et
1376 2263 1487 2293 con-

97 2337 114 2358 »
150 2317 350 2363 turbabis
367 2333 454 2361 eos.
484 2336 500 2357 »

149 2391 272 2434 XIV.
305 2407 322 2429 «
346 2388 509 2433 Emitte
531 2402 713 2431 manum
743 2396 869 2439 tuam
891 2403 942 2434 ex
959 2387 1049 2439 alto
1064 2390 1096 2433 ⁷.
1127 2408 1146 2431 »
1172 2387 1292 2442 Quid
1312 2398 1464 2449 postea
1478 2391 1498 2432 ⁴?

141 2487 244 2519 ¹l‘sa1.
263 2498 360 2529 Χινιι,
379 2495 458 2519 2.-
479 2486 555 2522 2121.
571 2496 640 2527 vni,
657 2497 708 2529 ¹9-
722 2502 764 2519 -,
782 2485 795 2515 3.
817 2488 865 2520 Id.
883 2498 920 2527 ιι,
938 2496 958 2520 2
977 2491 1012 2520 et
1027 2489 1103 2522 Act.
1121 2498 1167 2529 iv,
1190 2487 1244 2530 26,
1265 2496 1372 2531 27η-
1385 2486 1494 2520 4Psal.

93 2554 199 2584 cuin,
214 2543 247 2575 6.
272 2560 311 2566 —-
330 2540 344 2565 5
363 2542 409 2575 Id.
430 2553 522 2586 cxix,
545 2541 577 2584 4.
599 2559 640 2565 -
657 2542 673 2567 6
697 2544 789 2585 Cant.
812 2554 848 2592 ¹¹2
867 2542 902 2586 5,
918 2544 1012 2589 juxta
1033 2554 1107 2579 Lxx,
1132 2561 1173 2578 ,—-
1197 2550 1211 2584 2
1230 2543 1313 2585 Psal.
1328 2554 1435 2585 ,cxl-1¹1,
1457 2554 1490 2585 7.
