1815 3253
339 220 393 258 86
765 230 799 258 s.
834 229 1065 264 AUGUSTINI
1095 236 1277 264 13121500121

337 312 428 341 non
448 296 742 341 crediderunt.
767 298 852 351 Qui
866 313 975 361 ⁴ergo
993 302 1098 347 recti
1119 311 1220 346 sunt
1242 299 1373 346 corde
1387 334 1398 356 ‚
1417 309 1461 345 et
1481 316 1571 345 non
1590 299 1715 345 dieli-

337 376 466 423 nant‚
491 366 599 428 quid
619 367 872 413 habebunt?
888 372 912 413 J
917 386 986 415 am
1005 373 1228 417 veniamus
1249 370 1305 416 ad
1326 372 1463 430 ipsam
1484 369 1716 415 haeredita-

332 446 444 493 tem,
469 436 644 493 fratres,
679 439 781 499 quia
803 438 879 483 filii
901 456 1064 487 sumus.
1100 442 1217 496 Quid
1238 440 1579 501 possidebimus?
1607 443 1714 494 Quae
1770 446 1771 491 Ῐ

333 518 397 553 est
416 509 677 553 haereditas?
693 526 793 570 quae
813 511 950 569 patria
971 513 1145 557 nostra?
1166 512 1274 572 quid
1286 513 1492 556 vocatur?
1511 514 1612 555 Pax.
1634 515 1715 555 Per

332 579 447 624 hanc
468 594 544 623 vos
565 578 801 624 salutamus
815 615 831 636 ,
856 581 969 625 hanc
984 582 1108 627 vobis
1131 582 1440 626 annuntiamus
1454 615 1466 636 ,
1490 581 1604 625 hanc
1624 596 1716 625 sus·
1769 574 1771 593 ¹

333 649 501 708 cipiunt
534 658 725 705 montes,
759 659 803 693 et
831 649 962 695 colles
990 651 1246 712 justitiam1.
1273 654 1370 711 Ipsa
1404 659 1467 694 est
1501 650 1710 695 Christus.

337 739 359 762 «
393 723 490 778 Ipse
512 719 629 763 enim
652 728 717 763 est
737 734 820 778 pax
840 729 986 765 nostra
1001 756 1012 776 ‚
1037 722 1113 782 qui
1139 721 1245 766 fecit
1266 730 1451 780 utraque
1477 736 1618 764 unum
1636 755 1647 775 ‚
1672 729 1716 764 et

334 807 355 831 »
390 788 586 833 medium
612 789 826 848 parietum
854 791 1052 835 maceriae
1083 791 1251 835 solvit2.
1274 808 1294 831 »
1316 790 1428 843 Quia
1447 789 1525 834 filii
1547 805 1711 845 sumus,

331 858 629 903 haereditatem
653 859 927 904 habebimus.
953 864 1010 905 Et
1028 861 1136 920 quid
1157 860 1382 904 vocabitur
1414 860 1506 918 ipsa
1527 859 1714 904 haeredi-

332 938 418 984 tas,
444 929 523 971 nisi
544 931 661 988 pax?
694 932 751 973 Et
784 929 928 973 videte
960 931 1062 991 quia
1091 929 1351 974 exhaeredati
1379 939 1503 984 sunt,
1529 930 1716 989 quinon
1766 929 1779 969 f

332 1008 480 1042 amant
501 1014 666 1058 pacem.
683 1001 781 1043 Non
794 1009 940 1044 autem
957 1009 1104 1044 amant
1120 1015 1287 1059 pacem,
1307 999 1383 1059 qui
1400 998 1604 1043 dividunt
1621 1000 1716 1044 uni-
1766 1011 1767 1055 ζ

332 1078 481 1113 tatem.
509 1073 597 1113 Pax
619 1070 827 1128 possessio
849 1071 1019 1130 piorum
1037 1080 1100 1115 est
1117 1105 1127 1125 ‚
1156 1071 1362 1129 possessio
1397 1069 1636 1114 haeredum.
1659 1073 1715 1114 Et

332 1140 409 1200 qui
431 1148 533 1183 sunt
554 1138 772 1183 haeredes?
793 1139 906 1183 Filii.
926 1141 1086 1185 Audite
1107 1139 1394 1199 Evangelium
1418 1156 1427 1181 ε
1454 1159 1473 1182 «
1498 1140 1618 1184 Beati
1635 1155 1714 1199 pa-
1764 1139 1767 1183 ΓῙ

336 1227 358 1251 »
393 1210 505 1254 cifici
521 1244 531 1264 ‚
556 1209 765 1269 quoniam
795 1209 874 1269 ipsi
896 1209 972 1254 filii
994 1211 1070 1254 Dei
1091 1211 1368 1255 vocabuntur
1386 1212 1418 1254 3.
1448 1229 1468 1252 »
1494 1210 1655 1254 Audite
1672 1219 1716 1255 et
1764 1241 1765 1277 ἦ

332 1280 655 1325 conclusionem
677 1280 807 1339 hujus
831 1280 987 1325 Psalmi
1014 1300 1022 1325 :
1053 1301 1073 1323 «
1097 1285 1184 1325 Pax
1204 1297 1334 1341 super
1359 1280 1504 1325 Israel.
1534 1298 1554 1322 ·»
1583 1279 1714 1325 lsrael

330 1350 483 1395 videns
506 1354 671 1409 Deum3
696 1350 935 1395 Jerusalem
956 1352 1061 1396 visio
1089 1352 1205 1412 pacis
1226 1353 1552 1411 interpretatur.
1579 1349 1715 1396 lntel-
1763 1353 1765 1355 ’

327 1421 434 1480 ligat
461 1421 656 1466 Charitas
677 1423 830 1465 Vestra
852 1441 861 1466 ε
887 1422 1019 1465 Israel
1047 1422 1357 1481 interpretatur
1379 1421 1530 1466 videns
1549 1425 1713 1480 Deum·²

328 1489 569 1535 Jerusalem
589 1490 901 1549 interpretatur
921 1491 1028 1536 visio
1044 1492 1175 1551 pacis.
1201 1511 1221 1534 «
1247 1492 1332 1545 Qui
1358 1507 1446 1535 non
1463 1506 1713 1535 commove-

329 1578 350 1602 »
386 1561 554 1605 bun‘tur
577 1561 623 1604 in
645 1563 892 1604 aeternum?
915 1561 998 1614 Qui
1021 1562 1267 1606 inhabitant
1292 1560 1546 1606 Jerusalem.
1576 1579 1596 1602 >›
1617 1564 1715 1607 Non

327 1631 723 1675 commovebuntur
742 1645 842 1688 ergo
875 1631 920 1674 in
943 1640 1156 1675 aeternum
1172 1667 1182 1687 ,
1207 1632 1283 1692 qui
1315 1631 1562 1675 inhabitant
1585 1631 1713 1676 visio-

326 1718 427 1746 nem
449 1702 580 1762 pacis.
606 1705 683 1757 Et,
706 1705 829 1746 «Pax
845 1717 974 1761 super
993 1702 1139 1747 Israel.
1160 1720 1180 1744 »
1200 1705 1315 1760 Ergo
1334 1702 1465 1747 Isra'e'l
1476 1703 1551 1763 qui
1563 1702 1712 1746 videns

326 1777 475 1818 Deum
491 1782 577 1828 est,
601 1772 752 1817 videns
774 1789 926 1832 pacem
945 1782 1010 1817 est
1032 1793 1041 1818 2
1064 1782 1107 1817 et
1128 1773 1218 1832 ipse
1235 1773 1366 1817 Israel
1387 1782 1450 1817 est
1471 1782 1515 1817 et
1536 1776 1716 1821 Jerusa÷

326 1844 414 1888 lem
442 1863 450 1888 ε
475 1844 576 1903 quia
591 1842 782 1903 populus
803 1843 874 1887 ille
896 1844 1003 1899 Dei,
1038 1844 1128 1903 ipsa
1149 1853 1213 1888 est
1243 1844 1392 1888 civitas
1419 1843 1512 1888 Dei.
1541 1844 1584 1888 Si
1612 1858 1714 1902 ergo

326 1914 476 1960 videns
494 1930 642 1974 pacem
657 1949 668 1970 ‚
694 1915 778 1959 hoc
800 1923 863 1959 est
884 1915 1037 1959 videns
1060 1918 1226 1963 Deum:
1250 1915 1404 1959 merito
1422 1923 1466 1959 et
1488 1918 1602 1959 Deus
1622 1915 1713 1974 ipse

328 1994 392 2029 est
408 2001 504 2044 pax.
526 1987 644 2042 Ergo
667 1984 769 2044 quia
792 1984 988 2029 Christus
1012 1983 1148 2028 Filius
1170 1985 1246 2028 Dei
1259 2000 1341 2043 pax
1357 1993 1440 2038 est,
1474 1983 1572 2028 ideo
1593 1985 1715 2030 venit

327 2053 529 2112 colligere
550 2069 676 2111 suos3
701 2062 744 2096 et
765 2068 986 2097 secernere
1008 2053 1061 2097 ab
1084 2054 1257 2113 iniquis.
1289 2057 1327 2097 Α
1348 2053 1508 2113 quibus
1527 2054 1713 2113 iniquis?

326 2124 413 2177 Qui
435 2123 623 2167 oderunt
644 2122 883 2167 Jerusalem
901 2158 912 2178 ,
938 2123 1015 2183 qui
1037 2122 1226 2167 oderunt
1243 2138 1393 2182 pacem
1410 2158 1424 2178 ,
1457 2123 1533 2183 qui
1555 2123 1713 2167 volunt

1757 1878 1760 2011 †

1755 2102 1758 2182 1

325 2193 605 2238 conscindere
632 2193 846 2236 unitatem
866 2228 877 2247 ‚
902 2193 980 2253 qui
1003 2208 1091 2237 non
1113 2192 1298 2237 credunt
1315 2193 1431 2252 paci,
1465 2194 1541 2253 qui
1559 2191 1712 2237 falsam

326 2278 479 2323 pacem
500 2263 842 2321 pronuntiantia
862 2261 1026 2322 populo
1042 2298 1052 2317 ‚
1075 2272 1118 2306 et
1135 2278 1225 2306 non
1247 2261 1364 2306 illam
1383 2263 1549 2306 habent
1567 2297 1578 2317 ‚
1601 2263 1709 2316 Qui·
1754 2285 1757 2319 ς

322 2333 404 2377 bus
427 2332 714 2391 respondetur
745 2347 844 2376 cum
873 2331 1087 2387 dixerint,
1120 2336 1208 2375 Pax
1238 2332 1490 2387 vobiscum,
1528 2335 1706 2376 Etcum
1754 2325 1756 2373 ἶ

319 2402 473 2462 spiritu
508 2411 585 2446 tuo
611 2421 620 2445 ;
642 2401 800 2445 falsum
831 2400 1011 2457 dicunt,
1042 2410 1085 2445 et
1110 2400 1269 2446 falsum
1300 2402 1500 2446 audiunt.
1537 2402 1706 2455 Quibus
1753 2441 1754 2446 ,

317 2472 485 2527 dicunt,
511 2475 597 2516 Pax
613 2472 868 2517 vobiscum?
891 2474 1008 2524 Quos
1032 2481 1231 2531 separant
1253 2488 1277 2515 a
1299 2487 1403 2532 pace
1425 2472 1540 2516 orbis
1563 2481 1701 2515 terra-

370 2564 378 2580 ¹
396 2557 478 2590 Psal.
499 2568 577 2599 xvn,
594 2558 624 2591 3.
645 2574 687 2579 -—
702 2563 715 2579 ²
734 2556 849 2599 Ephes.
874 2568 911 2598 11,
935 2555 986 2597 14.
1006 2574 1047 2579 —
1069 2555 1082 2579 3
1099 2556 1213 2589 Matth.
1231 2568 1264 2598 v,
1281 2567 1315 2599 9.
