<?xml version="1.0" encoding="UTF-8"?>
<!DOCTYPE html PUBLIC "-//W3C//DTD XHTML 1.0 Transitional//EN"
    "http://www.w3.org/TR/xhtml1/DTD/xhtml1-transitional.dtd">
<html xmlns="http://www.w3.org/1999/xhtml" xml:lang="en" lang="en">
 <head>
  <title>
</title>
<meta http-equiv="Content-Type" content="text/html;charset=utf-8" />
  <meta name='ocr-system' content='tesseract 3.04.00' />
  <meta name='ocr-capabilities' content='ocr_page ocr_carea ocr_par ocr_line ocrx_word'/>
</head>
<body>
  <div class='ocr_page' id='page_1' title='image "./operaomniaaccura12auguuoft_0160.png"; bbox 0 0 1815 3253; ppageno 0'>
   <div class='ocr_carea' id='block_1_1' title="bbox 346 204 1286 245">
    <p class='ocr_par' dir='ltr' id='par_1_1' title="bbox 346 204 1286 245">
     <span class='ocr_line' id='line_1_1' title="bbox 346 204 1286 245; baseline 0.001 -3"><span class='ocrx_word' id='word_1_1' title='bbox 346 204 428 242; x_wconf 81' lang='lat'>150</span> <span class='ocrx_word' id='word_1_2' title='bbox 776 213 810 243; x_wconf 83' lang='lat' dir='ltr'>S·</span> <span class='ocrx_word' id='word_1_3' title='bbox 846 214 1074 245; x_wconf 75' lang='lat' dir='ltr'>AUGUSTINI</span> <span class='ocrx_word' id='word_1_4' title='bbox 1105 218 1286 244; x_wconf 81' lang='lat' dir='ltr'>EPISCOPI</span> 
     </span>
    </p>
   </div>
   <div class='ocr_carea' id='block_1_2' title="bbox 335 280 1722 1108">
    <p class='ocr_par' dir='ltr' id='par_1_2' title="bbox 335 280 1722 1108">
     <span class='ocr_line' id='line_1_2' title="bbox 335 280 1718 342; baseline 0.001 -18"><span class='ocrx_word' id='word_1_5' title='bbox 335 282 476 340; x_wconf 83' lang='lat' dir='ltr'>justus</span> <span class='ocrx_word' id='word_1_6' title='bbox 494 280 692 325; x_wconf 84' lang='lat' dir='ltr'>concidet</span> <span class='ocrx_word' id='word_1_7' title='bbox 704 280 834 340; x_wconf 86' lang='lat' dir='ltr'>pedes</span> <span class='ocrx_word' id='word_1_8' title='bbox 848 292 1123 341; x_wconf 89' lang='lat' dir='ltr'>peccatorum</span> <span class='ocrx_word' id='word_1_9' title='bbox 1136 318 1146 337; x_wconf 96' lang='lat'>,</span> <span class='ocrx_word' id='word_1_10' title='bbox 1164 298 1249 326; x_wconf 89' lang='lat' dir='ltr'>non</span> <span class='ocrx_word' id='word_1_11' title='bbox 1267 281 1374 325; x_wconf 82' lang='lat' dir='ltr'><strong>dixit</strong></span> <span class='ocrx_word' id='word_1_12' title='bbox 1392 300 1400 325; x_wconf 92' lang='lat'>:</span> <span class='ocrx_word' id='word_1_13' title='bbox 1422 281 1496 325; x_wconf 90' lang='lat' dir='ltr'>sed</span> <span class='ocrx_word' id='word_1_14' title='bbox 1511 283 1611 342; x_wconf 85' lang='lat' dir='ltr'>quia</span> <span class='ocrx_word' id='word_1_15' title='bbox 1622 297 1718 341; x_wconf 90' lang='lat' dir='ltr'>pec-</span> 
     </span>
     <span class='ocr_line' id='line_1_3' title="bbox 341 351 1719 410; baseline 0.001 -16"><span class='ocrx_word' id='word_1_16' title='bbox 341 360 506 394; x_wconf 86' lang='lat' dir='ltr'>catores</span> <span class='ocrx_word' id='word_1_17' title='bbox 527 351 735 409; x_wconf 85' lang='lat' dir='ltr'>superbos</span> <span class='ocrx_word' id='word_1_18' title='bbox 754 351 927 395; x_wconf 84' lang='lat' dir='ltr'>volebat</span> <span class='ocrx_word' id='word_1_19' title='bbox 955 351 1164 410; x_wconf 84' lang='lat' dir='ltr'>intelligi,</span> <span class='ocrx_word' id='word_1_20' title='bbox 1189 351 1365 410; x_wconf 79' lang='lat' dir='ltr'>superbi</span> <span class='ocrx_word' id='word_1_21' title='bbox 1391 361 1536 395; x_wconf 87' lang='lat' dir='ltr'>autem</span> <span class='ocrx_word' id='word_1_22' title='bbox 1570 367 1719 396; x_wconf 89' lang='lat' dir='ltr'>omnes</span> 
     </span>
     <span class='ocr_line' id='line_1_4' title="bbox 340 419 1719 480; baseline 0 -16"><span class='ocrx_word' id='word_1_23' title='bbox 340 420 540 464; x_wconf 84' lang='lat' dir='ltr'>cervicati</span> <span class='ocrx_word' id='word_1_24' title='bbox 560 429 682 475; x_wconf 88' lang='lat' dir='ltr'>sunt,</span> <span class='ocrx_word' id='word_1_25' title='bbox 700 421 776 480; x_wconf 90' lang='lat' dir='ltr'>qui</span> <span class='ocrx_word' id='word_1_26' title='bbox 793 436 882 464; x_wconf 91' lang='lat' dir='ltr'>non</span> <span class='ocrx_word' id='word_1_27' title='bbox 898 420 1039 464; x_wconf 90' lang='lat' dir='ltr'>solum</span> <span class='ocrx_word' id='word_1_28' title='bbox 1055 419 1219 465; x_wconf 89' lang='lat' dir='ltr'>faciunt</span> <span class='ocrx_word' id='word_1_29' title='bbox 1233 420 1362 475; x_wconf 85' lang='lat' dir='ltr'>mala,</span> <span class='ocrx_word' id='word_1_30' title='bbox 1379 420 1453 464; x_wconf 89' lang='lat' dir='ltr'>sed</span> <span class='ocrx_word' id='word_1_31' title='bbox 1467 436 1546 465; x_wconf 90' lang='lat' dir='ltr'>nec</span> <span class='ocrx_word' id='word_1_32' title='bbox 1564 436 1719 478; x_wconf 82' lang='lat' dir='ltr'>agnos-</span> 
     </span>
     <span class='ocr_line' id='line_1_5' title="bbox 340 490 1719 551; baseline 0 -17"><span class='ocrx_word' id='word_1_33' title='bbox 340 505 437 534; x_wconf 82' lang='lat' dir='ltr'>cere</span> <span class='ocrx_word' id='word_1_34' title='bbox 454 490 636 544; x_wconf 89' lang='lat' dir='ltr'>volunt,</span> <span class='ocrx_word' id='word_1_35' title='bbox 661 500 705 534; x_wconf 87' lang='lat' dir='ltr'>et</span> <span class='ocrx_word' id='word_1_36' title='bbox 726 490 903 551; x_wconf 85' lang='lat' dir='ltr'>quando</span> <span class='ocrx_word' id='word_1_37' title='bbox 921 491 1222 550; x_wconf 81' lang='lat' dir='ltr'>objurgantur,</span> <span class='ocrx_word' id='word_1_38' title='bbox 1234 491 1475 550; x_wconf 84' lang='lat' dir='ltr'>justificant</span> <span class='ocrx_word' id='word_1_39' title='bbox 1487 506 1531 534; x_wconf 89' lang='lat' dir='ltr'>se</span> <span class='ocrx_word' id='word_1_40' title='bbox 1549 510 1565 535; x_wconf 90' lang='lat'>:-</span> <span class='ocrx_word' id='word_1_41' title='bbox 1578 493 1594 548; x_wconf 86' lang='lat'><strong>(</strong></span> <span class='ocrx_word' id='word_1_42' title='bbox 1608 494 1719 534; x_wconf 88' lang='lat' dir='ltr'>Ecce</span> 
     </span>
     <span class='ocr_line' id='line_1_6' title="bbox 338 558 1718 619; baseline 0.001 -16"><span class='ocrx_word' id='word_1_43' title='bbox 338 558 477 604; x_wconf 83' lang='lat' dir='ltr'>fecisti</span> <span class='ocrx_word' id='word_1_44' title='bbox 498 594 508 614; x_wconf 94' lang='lat'>,</span> <span class='ocrx_word' id='word_1_45' title='bbox 533 560 684 603; x_wconf 88' lang='lat' dir='ltr'>saltem</span> <span class='ocrx_word' id='word_1_46' title='bbox 705 575 889 618; x_wconf 80' lang='lat' dir='ltr'>agnosce</span> <span class='ocrx_word' id='word_1_47' title='bbox 911 559 1019 619; x_wconf 84' lang='lat' dir='ltr'>quid</span> <span class='ocrx_word' id='word_1_48' title='bbox 1040 558 1190 603; x_wconf 82' lang='lat' dir='ltr'>seceris</span> <span class='ocrx_word' id='word_1_49' title='bbox 1217 578 1227 604; x_wconf 69' lang='grc' dir='ltr'>ε</span> <span class='ocrx_word' id='word_1_50' title='bbox 1258 559 1351 604; x_wconf 86' lang='lat' dir='ltr'>odit</span> <span class='ocrx_word' id='word_1_51' title='bbox 1374 563 1488 603; x_wconf 91' lang='lat' dir='ltr'>Deus</span> <span class='ocrx_word' id='word_1_52' title='bbox 1515 569 1718 619; x_wconf 85' lang='lat' dir='ltr'>peccato—</span> 
     </span>
     <span class='ocr_line' id='line_1_7' title="bbox 337 628 1719 690; baseline 0.001 -17"><span class='ocrx_word' id='word_1_53' title='bbox 337 645 429 673; x_wconf 86' lang='lat' dir='ltr'>rem</span> <span class='ocrx_word' id='word_1_54' title='bbox 444 665 454 685; x_wconf 89' lang='lat'>,</span> <span class='ocrx_word' id='word_1_55' title='bbox 481 629 622 674; x_wconf 88' lang='lat' dir='ltr'>oderis</span> <span class='ocrx_word' id='word_1_56' title='bbox 643 639 687 674; x_wconf 90' lang='lat' dir='ltr'>et</span> <span class='ocrx_word' id='word_1_57' title='bbox 707 639 757 674; x_wconf 89' lang='lat' dir='ltr'>tu</span> <span class='ocrx_word' id='word_1_58' title='bbox 777 652 788 688; x_wconf 80' lang='lat'>3</span> <span class='ocrx_word' id='word_1_59' title='bbox 813 632 1079 690; x_wconf 80' lang='lat' dir='ltr'>conjungere</span> <span class='ocrx_word' id='word_1_60' title='bbox 1100 632 1188 674; x_wconf 92' lang='lat' dir='ltr'>Deo</span> <span class='ocrx_word' id='word_1_61' title='bbox 1208 664 1219 684; x_wconf 90' lang='lat'>,</span> <span class='ocrx_word' id='word_1_62' title='bbox 1244 628 1373 673; x_wconf 91' lang='lat' dir='ltr'>simul</span> <span class='ocrx_word' id='word_1_63' title='bbox 1402 630 1719 689; x_wconf 83' lang='lat' dir='ltr'>persequemini</span> 
     </span>
     <span class='ocr_line' id='line_1_8' title="bbox 337 699 1720 758; baseline 0 -15"><span class='ocrx_word' id='word_1_64' title='bbox 337 709 565 758; x_wconf 89' lang='lat' dir='ltr'>peccatum</span> <span class='ocrx_word' id='word_1_65' title='bbox 589 709 733 743; x_wconf 88' lang='lat' dir='ltr'>tuum.</span> <span class='ocrx_word' id='word_1_66' title='bbox 754 703 874 754; x_wconf 85' lang='lat' dir='ltr'>Non,</span> <span class='ocrx_word' id='word_1_67' title='bbox 898 700 1042 758; x_wconf 85' lang='lat' dir='ltr'>inquit</span> <span class='ocrx_word' id='word_1_68' title='bbox 1063 717 1072 743; x_wconf 89' lang='lat'><strong>:</strong></span> <span class='ocrx_word' id='word_1_69' title='bbox 1095 714 1173 757; x_wconf 85' lang='lat' dir='ltr'>ego</span> <span class='ocrx_word' id='word_1_70' title='bbox 1197 699 1309 742; x_wconf 91' lang='lat' dir='ltr'>bene</span> <span class='ocrx_word' id='word_1_71' title='bbox 1338 699 1424 743; x_wconf 84' lang='lat' dir='ltr'>feci</span> <span class='ocrx_word' id='word_1_72' title='bbox 1439 733 1450 752; x_wconf 90' lang='lat'>,</span> <span class='ocrx_word' id='word_1_73' title='bbox 1474 703 1586 743; x_wconf 88' lang='lat' dir='ltr'>Deus</span> <span class='ocrx_word' id='word_1_74' title='bbox 1608 699 1720 743; x_wconf 89' lang='lat' dir='ltr'>male</span> 
     </span>
     <span class='ocr_line' id='line_1_9' title="bbox 337 766 1721 828; baseline 0 -16"><span class='ocrx_word' id='word_1_75' title='bbox 337 768 456 813; x_wconf 86' lang='lat' dir='ltr'>fecit.</span> <span class='ocrx_word' id='word_1_76' title='bbox 482 768 602 821; x_wconf 88' lang='lat' dir='ltr'>Quid</span> <span class='ocrx_word' id='word_1_77' title='bbox 623 769 707 812; x_wconf 93' lang='lat' dir='ltr'>hoc</span> <span class='ocrx_word' id='word_1_78' title='bbox 719 771 808 812; x_wconf 75' lang='lat' dir='ltr'>est?</span> <span class='ocrx_word' id='word_1_79' title='bbox 830 772 924 827; x_wconf 86' lang='lat' dir='ltr'>Ego</span> <span class='ocrx_word' id='word_1_80' title='bbox 945 768 1055 812; x_wconf 89' lang='lat' dir='ltr'>nihil</span> <span class='ocrx_word' id='word_1_81' title='bbox 1071 767 1174 812; x_wconf 89' lang='lat' dir='ltr'>mali</span> <span class='ocrx_word' id='word_1_82' title='bbox 1195 766 1278 812; x_wconf 88' lang='lat' dir='ltr'>feci</span> <span class='ocrx_word' id='word_1_83' title='bbox 1295 802 1306 823; x_wconf 86' lang='lat'>,</span> <span class='ocrx_word' id='word_1_84' title='bbox 1327 768 1472 827; x_wconf 86' lang='lat' dir='ltr'>inquit</span> <span class='ocrx_word' id='word_1_85' title='bbox 1496 787 1506 813; x_wconf 91' lang='lat'>:</span> <span class='ocrx_word' id='word_1_86' title='bbox 1529 769 1628 828; x_wconf 85' lang='lat' dir='ltr'>quia</span> <span class='ocrx_word' id='word_1_87' title='bbox 1645 771 1721 813; x_wconf 88' lang='lat' dir='ltr'>Sa-</span> 
     </span>
     <span class='ocr_line' id='line_1_10' title="bbox 337 837 1720 897; baseline 0 -15"><span class='ocrx_word' id='word_1_88' title='bbox 337 848 494 882; x_wconf 85' lang='lat' dir='ltr'>turnus</span> <span class='ocrx_word' id='word_1_89' title='bbox 511 837 612 881; x_wconf 90' lang='lat' dir='ltr'>fecit</span> <span class='ocrx_word' id='word_1_90' title='bbox 630 873 641 892; x_wconf 93' lang='lat'>,</span> <span class='ocrx_word' id='word_1_91' title='bbox 666 838 768 897; x_wconf 89' lang='lat' dir='ltr'>quia</span> <span class='ocrx_word' id='word_1_92' title='bbox 785 841 899 882; x_wconf 88' lang='lat' dir='ltr'>Mars</span> <span class='ocrx_word' id='word_1_93' title='bbox 923 837 1026 882; x_wconf 87' lang='lat' dir='ltr'>fecit</span> <span class='ocrx_word' id='word_1_94' title='bbox 1040 873 1052 892; x_wconf 92' lang='lat'>,</span> <span class='ocrx_word' id='word_1_95' title='bbox 1076 838 1179 897; x_wconf 88' lang='lat' dir='ltr'>quia</span> <span class='ocrx_word' id='word_1_96' title='bbox 1197 840 1343 882; x_wconf 90' lang='lat' dir='ltr'>Venus</span> <span class='ocrx_word' id='word_1_97' title='bbox 1358 838 1462 882; x_wconf 87' lang='lat' dir='ltr'>fecit</span> <span class='ocrx_word' id='word_1_98' title='bbox 1488 857 1497 882; x_wconf 74' lang='grc' dir='ltr'>ι</span> <span class='ocrx_word' id='word_1_99' title='bbox 1518 853 1596 896; x_wconf 85' lang='lat' dir='ltr'>ego</span> <span class='ocrx_word' id='word_1_100' title='bbox 1610 838 1720 882; x_wconf 90' lang='lat' dir='ltr'>nihil</span> 
     </span>
     <span class='ocr_line' id='line_1_11' title="bbox 337 905 1720 967; baseline 0.001 -16"><span class='ocrx_word' id='word_1_101' title='bbox 337 906 420 952; x_wconf 88' lang='lat' dir='ltr'>feci</span> <span class='ocrx_word' id='word_1_102' title='bbox 436 942 447 961; x_wconf 98' lang='lat'>,</span> <span class='ocrx_word' id='word_1_103' title='bbox 472 905 608 951; x_wconf 83' lang='lat' dir='ltr'>stellae</span> <span class='ocrx_word' id='word_1_104' title='bbox 629 907 844 952; x_wconf 85' lang='lat' dir='ltr'>fecerunt.</span> <span class='ocrx_word' id='word_1_105' title='bbox 864 910 888 952; x_wconf 88' lang='lat' dir='ltr'>J</span> <span class='ocrx_word' id='word_1_106' title='bbox 893 908 1077 952; x_wconf 88' lang='lat' dir='ltr'>ustificas</span> <span class='ocrx_word' id='word_1_107' title='bbox 1093 916 1156 961; x_wconf 88' lang='lat' dir='ltr'>te,</span> <span class='ocrx_word' id='word_1_108' title='bbox 1183 922 1356 951; x_wconf 82' lang='lat' dir='ltr'>accusas</span> <span class='ocrx_word' id='word_1_109' title='bbox 1374 911 1512 951; x_wconf 91' lang='lat' dir='ltr'>Deum</span> <span class='ocrx_word' id='word_1_110' title='bbox 1525 909 1600 967; x_wconf 90' lang='lat' dir='ltr'>qui</span> <span class='ocrx_word' id='word_1_111' title='bbox 1618 908 1720 952; x_wconf 86' lang='lat' dir='ltr'>fecit</span> 
     </span>
     <span class='ocr_line' id='line_1_12' title="bbox 337 976 1718 1037; baseline 0 -16"><span class='ocrx_word' id='word_1_112' title='bbox 337 976 507 1031; x_wconf 84' lang='lat' dir='ltr'>stellas,</span> <span class='ocrx_word' id='word_1_113' title='bbox 543 977 619 1037; x_wconf 91' lang='lat' dir='ltr'>qui</span> <span class='ocrx_word' id='word_1_114' title='bbox 653 978 825 1022; x_wconf 82' lang='lat' dir='ltr'>ornavit</span> <span class='ocrx_word' id='word_1_115' title='bbox 854 977 1065 1035; x_wconf 87' lang='lat' dir='ltr'>coelum.)</span> <span class='ocrx_word' id='word_1_116' title='bbox 1098 980 1250 1036; x_wconf 89' lang='lat' dir='ltr'>Itaque</span> <span class='ocrx_word' id='word_1_117' title='bbox 1280 977 1488 1037; x_wconf 87' lang='lat' dir='ltr'>quoniam</span> <span class='ocrx_word' id='word_1_118' title='bbox 1510 978 1718 1036; x_wconf 78' lang='lat' dir='ltr'>justificas</span> 
     </span>
     <span class='ocr_line' id='line_1_13' title="bbox 337 1047 1722 1108; baseline 0 -17"><span class='ocrx_word' id='word_1_119' title='bbox 337 1057 564 1108; x_wconf 88' lang='lat' dir='ltr'>peccatum</span> <span class='ocrx_word' id='word_1_120' title='bbox 587 1057 714 1092; x_wconf 86' lang='lat' dir='ltr'>tuum</span> <span class='ocrx_word' id='word_1_121' title='bbox 734 1083 745 1103; x_wconf 94' lang='lat'>,</span> <span class='ocrx_word' id='word_1_122' title='bbox 761 1058 804 1092; x_wconf 91' lang='lat' dir='ltr'>et</span> <span class='ocrx_word' id='word_1_123' title='bbox 823 1048 1017 1108; x_wconf 89' lang='lat' dir='ltr'>superbis</span> <span class='ocrx_word' id='word_1_124' title='bbox 1038 1047 1243 1092; x_wconf 88' lang='lat' dir='ltr'>adversus</span> <span class='ocrx_word' id='word_1_125' title='bbox 1260 1051 1419 1102; x_wconf 89' lang='lat' dir='ltr'>Deum,</span> <span class='ocrx_word' id='word_1_126' title='bbox 1436 1048 1537 1107; x_wconf 87' lang='lat' dir='ltr'>quia</span> <span class='ocrx_word' id='word_1_127' title='bbox 1558 1057 1602 1091; x_wconf 90' lang='lat' dir='ltr'>te</span> <span class='ocrx_word' id='word_1_128' title='bbox 1619 1047 1722 1091; x_wconf 85' lang='lat' dir='ltr'>facis</span> 
     </span>
    </p>
   </div>
   <div class='ocr_carea' id='block_1_3' title="bbox 337 1117 1729 1176">
    <p class='ocr_par' dir='ltr' id='par_1_3' title="bbox 337 1117 1729 1176">
     <span class='ocr_line' id='line_1_14' title="bbox 337 1117 1729 1176; baseline -0.001 -15"><span class='ocrx_word' id='word_1_129' title='bbox 337 1126 454 1162; x_wconf 82' lang='lat' dir='ltr'>extra</span> <span class='ocrx_word' id='word_1_130' title='bbox 474 1117 670 1176; x_wconf 88' lang='lat' dir='ltr'>culpam,</span> <span class='ocrx_word' id='word_1_131' title='bbox 695 1126 738 1161; x_wconf 90' lang='lat' dir='ltr'>et</span> <span class='ocrx_word' id='word_1_132' title='bbox 758 1121 896 1161; x_wconf 89' lang='lat' dir='ltr'>Deum</span> <span class='ocrx_word' id='word_1_133' title='bbox 919 1118 967 1162; x_wconf 93' lang='lat' dir='ltr'>in</span> <span class='ocrx_word' id='word_1_134' title='bbox 989 1117 1117 1176; x_wconf 85' lang='lat' dir='ltr'>culpa</span> <span class='ocrx_word' id='word_1_135' title='bbox 1139 1153 1150 1172; x_wconf 88' lang='lat'>,</span> <span class='ocrx_word' id='word_1_136' title='bbox 1182 1126 1226 1161; x_wconf 92' lang='lat' dir='ltr'>et</span> <span class='ocrx_word' id='word_1_137' title='bbox 1247 1126 1419 1161; x_wconf 83' lang='lat' dir='ltr'>tantum</span> <span class='ocrx_word' id='word_1_138' title='bbox 1446 1118 1613 1161; x_wconf 82' lang='lat' dir='ltr'>erexisti</span> <span class='ocrx_word' id='word_1_139' title='bbox 1628 1123 1729 1161; x_wconf 70' lang='lat' dir='ltr'>cer-⁴</span> 
     </span>
    </p>
   </div>
   <div class='ocr_carea' id='block_1_4' title="bbox 335 1190 1723 1529">
    <p class='ocr_par' dir='ltr' id='par_1_4' title="bbox 335 1190 1723 1529">
     <span class='ocr_line' id='line_1_15' title="bbox 335 1190 1721 1249; baseline -0.001 -15"><span class='ocrx_word' id='word_1_140' title='bbox 335 1190 476 1234; x_wconf 87' lang='lat' dir='ltr'>vicem</span> <span class='ocrx_word' id='word_1_141' title='bbox 494 1199 615 1234; x_wconf 87' lang='lat' dir='ltr'>tuam</span> <span class='ocrx_word' id='word_1_142' title='bbox 632 1224 643 1243; x_wconf 83' lang='lat'>,</span> <span class='ocrx_word' id='word_1_143' title='bbox 669 1199 712 1233; x_wconf 86' lang='lat' dir='ltr'>et</span> <span class='ocrx_word' id='word_1_144' title='bbox 739 1190 968 1234; x_wconf 85' lang='lat' dir='ltr'>cucurristi</span> <span class='ocrx_word' id='word_1_145' title='bbox 999 1199 1148 1234; x_wconf 86' lang='lat' dir='ltr'>contra</span> <span class='ocrx_word' id='word_1_146' title='bbox 1180 1193 1319 1234; x_wconf 89' lang='lat' dir='ltr'>Deum</span> <span class='ocrx_word' id='word_1_147' title='bbox 1338 1225 1349 1245; x_wconf 88' lang='lat'>,</span> <span class='ocrx_word' id='word_1_148' title='bbox 1375 1191 1485 1234; x_wconf 86' lang='lat' dir='ltr'>sicut</span> <span class='ocrx_word' id='word_1_149' title='bbox 1512 1191 1721 1249; x_wconf 85' lang='lat' dir='ltr'>scriptum</span> 
     </span>
     <span class='ocr_line' id='line_1_16' title="bbox 338 1258 1720 1319; baseline -0.001 -16"><span class='ocrx_word' id='word_1_150' title='bbox 338 1268 402 1304; x_wconf 90' lang='lat' dir='ltr'>est</span> <span class='ocrx_word' id='word_1_151' title='bbox 416 1260 461 1303; x_wconf 92' lang='lat' dir='ltr'>in</span> <span class='ocrx_word' id='word_1_152' title='bbox 479 1260 586 1314; x_wconf 87' lang='lat' dir='ltr'>Job,</span> <span class='ocrx_word' id='word_1_153' title='bbox 611 1258 783 1303; x_wconf 89' lang='lat' dir='ltr'>dicebat</span> <span class='ocrx_word' id='word_1_154' title='bbox 805 1258 859 1303; x_wconf 91' lang='lat' dir='ltr'>de</span> <span class='ocrx_word' id='word_1_155' title='bbox 880 1260 1015 1319; x_wconf 90' lang='lat' dir='ltr'>impio</span> <span class='ocrx_word' id='word_1_156' title='bbox 1034 1269 1261 1319; x_wconf 86' lang='lat' dir='ltr'>peccatore</span> <span class='ocrx_word' id='word_1_157' title='bbox 1276 1295 1287 1315; x_wconf 88' lang='lat'>,</span> <span class='ocrx_word' id='word_1_158' title='bbox 1317 1279 1336 1301; x_wconf 92' lang='lat'>«</span> <span class='ocrx_word' id='word_1_159' title='bbox 1359 1262 1546 1304; x_wconf 89' lang='lat' dir='ltr'>Currens</span> <span class='ocrx_word' id='word_1_160' title='bbox 1565 1259 1720 1304; x_wconf 88' lang='lat' dir='ltr'>adver-</span> 
     </span>
     <span class='ocr_line' id='line_1_17' title="bbox 340 1329 1722 1386; baseline 0.001 -15"><span class='ocrx_word' id='word_1_161' title='bbox 340 1346 362 1370; x_wconf 90' lang='lat'>»</span> <span class='ocrx_word' id='word_1_162' title='bbox 396 1344 467 1373; x_wconf 90' lang='lat' dir='ltr'>sus</span> <span class='ocrx_word' id='word_1_163' title='bbox 485 1332 624 1372; x_wconf 92' lang='lat' dir='ltr'>Deum</span> <span class='ocrx_word' id='word_1_164' title='bbox 646 1330 695 1373; x_wconf 85' lang='lat' dir='ltr'>in</span> <span class='ocrx_word' id='word_1_165' title='bbox 716 1345 853 1373; x_wconf 89' lang='lat' dir='ltr'>crassa</span> <span class='ocrx_word' id='word_1_166' title='bbox 875 1330 1039 1373; x_wconf 88' lang='lat' dir='ltr'>cervice</span> <span class='ocrx_word' id='word_1_167' title='bbox 1060 1329 1171 1373; x_wconf 88' lang='lat' dir='ltr'>scuti</span> <span class='ocrx_word' id='word_1_168' title='bbox 1185 1329 1249 1373; x_wconf 90' lang='lat' dir='ltr'>sui</span> <span class='ocrx_word' id='word_1_169' title='bbox 1264 1332 1277 1355; x_wconf 78' lang='lat'><strong>¹</strong></span> <span class='ocrx_word' id='word_1_170' title='bbox 1294 1351 1305 1386; x_wconf 77' lang='lat'>3</span> <span class='ocrx_word' id='word_1_171' title='bbox 1325 1348 1346 1371; x_wconf 84' lang='lat'>»</span> <span class='ocrx_word' id='word_1_172' title='bbox 1371 1335 1414 1373; x_wconf 82' lang='lat' dir='ltr'>et</span> <span class='ocrx_word' id='word_1_173' title='bbox 1429 1330 1491 1373; x_wconf 90' lang='lat' dir='ltr'>ibi</span> <span class='ocrx_word' id='word_1_174' title='bbox 1513 1330 1722 1373; x_wconf 87' lang='lat' dir='ltr'>cervicem</span> 
     </span>
     <span class='ocr_line' id='line_1_18' title="bbox 337 1398 1722 1458; baseline 0.001 -17"><span class='ocrx_word' id='word_1_175' title='bbox 337 1398 578 1442; x_wconf 83' lang='lat' dir='ltr'>nominavit</span> <span class='ocrx_word' id='word_1_176' title='bbox 606 1417 614 1442; x_wconf 91' lang='lat'>:</span> <span class='ocrx_word' id='word_1_177' title='bbox 639 1398 740 1458; x_wconf 88' lang='lat' dir='ltr'>quia</span> <span class='ocrx_word' id='word_1_178' title='bbox 758 1399 816 1443; x_wconf 92' lang='lat' dir='ltr'>sic</span> <span class='ocrx_word' id='word_1_179' title='bbox 839 1408 881 1442; x_wconf 90' lang='lat' dir='ltr'>te</span> <span class='ocrx_word' id='word_1_180' title='bbox 903 1398 1028 1456; x_wconf 82' lang='lat' dir='ltr'>erigis</span> <span class='ocrx_word' id='word_1_181' title='bbox 1044 1433 1056 1452; x_wconf 88' lang='lat'>,</span> <span class='ocrx_word' id='word_1_182' title='bbox 1081 1408 1125 1442; x_wconf 87' lang='lat' dir='ltr'>et</span> <span class='ocrx_word' id='word_1_183' title='bbox 1145 1414 1235 1442; x_wconf 91' lang='lat' dir='ltr'>non</span> <span class='ocrx_word' id='word_1_184' title='bbox 1256 1398 1378 1442; x_wconf 90' lang='lat' dir='ltr'>elidis</span> <span class='ocrx_word' id='word_1_185' title='bbox 1393 1398 1541 1443; x_wconf 90' lang='lat' dir='ltr'>oculos</span> <span class='ocrx_word' id='word_1_186' title='bbox 1564 1398 1618 1442; x_wconf 90' lang='lat' dir='ltr'>ad</span> <span class='ocrx_word' id='word_1_187' title='bbox 1642 1407 1722 1442; x_wconf 88' lang='lat' dir='ltr'>ter-</span> 
     </span>
     <span class='ocr_line' id='line_1_19' title="bbox 338 1468 1723 1529; baseline 0.001 -16"><span class='ocrx_word' id='word_1_188' title='bbox 338 1485 430 1513; x_wconf 89' lang='lat' dir='ltr'>ram</span> <span class='ocrx_word' id='word_1_189' title='bbox 446 1504 456 1523; x_wconf 92' lang='lat'>,</span> <span class='ocrx_word' id='word_1_190' title='bbox 491 1479 534 1513; x_wconf 91' lang='lat' dir='ltr'>et</span> <span class='ocrx_word' id='word_1_191' title='bbox 555 1468 704 1514; x_wconf 89' lang='lat' dir='ltr'>tundis</span> <span class='ocrx_word' id='word_1_192' title='bbox 726 1479 897 1529; x_wconf 81' lang='lat' dir='ltr'>pectUS,</span> <span class='ocrx_word' id='word_1_193' title='bbox 929 1479 973 1514; x_wconf 86' lang='lat' dir='ltr'>et</span> <span class='ocrx_word' id='word_1_194' title='bbox 994 1468 1100 1514; x_wconf 87' lang='lat' dir='ltr'>dicis</span> <span class='ocrx_word' id='word_1_195' title='bbox 1118 1488 1127 1514; x_wconf 91' lang='lat'>:</span> <span class='ocrx_word' id='word_1_196' title='bbox 1159 1470 1343 1514; x_wconf 86' lang='lat' dir='ltr'>Domine</span> <span class='ocrx_word' id='word_1_197' title='bbox 1362 1505 1373 1525; x_wconf 93' lang='lat'>,</span> <span class='ocrx_word' id='word_1_198' title='bbox 1398 1470 1609 1529; x_wconf 87' lang='lat' dir='ltr'>propitius</span> <span class='ocrx_word' id='word_1_199' title='bbox 1632 1479 1723 1514; x_wconf 89' lang='lat' dir='ltr'>esto</span> 
     </span>
    </p>
   </div>
   <div class='ocr_carea' id='block_1_5' title="bbox 345 1538 1731 1599">
    <p class='ocr_par' dir='ltr' id='par_1_5' title="bbox 345 1538 1731 1599">
     <span class='ocr_line' id='line_1_20' title="bbox 345 1538 1731 1599; baseline 0.002 -19"><span class='ocrx_word' id='word_1_200' title='bbox 345 1558 363 1580; x_wconf 86' lang='lat'>»</span> <span class='ocrx_word' id='word_1_201' title='bbox 390 1539 497 1582; x_wconf 89' lang='lat' dir='ltr'>mihi</span> <span class='ocrx_word' id='word_1_202' title='bbox 516 1541 756 1598; x_wconf 80' lang='lat' dir='ltr'>peccatori3</span> <span class='ocrx_word' id='word_1_203' title='bbox 791 1539 866 1583; x_wconf 87' lang='lat' dir='ltr'>sed</span> <span class='ocrx_word' id='word_1_204' title='bbox 882 1540 1017 1599; x_wconf 84' lang='lat' dir='ltr'>jactas</span> <span class='ocrx_word' id='word_1_205' title='bbox 1034 1549 1077 1583; x_wconf 92' lang='lat' dir='ltr'>te</span> <span class='ocrx_word' id='word_1_206' title='bbox 1107 1538 1161 1583; x_wconf 89' lang='lat' dir='ltr'>de</span> <span class='ocrx_word' id='word_1_207' title='bbox 1191 1540 1352 1583; x_wconf 84' lang='lat' dir='ltr'>meritis</span> <span class='ocrx_word' id='word_1_208' title='bbox 1388 1541 1503 1584; x_wconf 89' lang='lat' dir='ltr'>tuis:</span> <span class='ocrx_word' id='word_1_209' title='bbox 1540 1559 1559 1581; x_wconf 91' lang='lat'>«</span> <span class='ocrx_word' id='word_1_210' title='bbox 1583 1542 1640 1583; x_wconf 89' lang='lat' dir='ltr'>Et</span> <span class='ocrx_word' id='word_1_211' title='bbox 1661 1540 1731 1584; x_wconf 89' lang='lat' dir='ltr'>vis·</span> 
     </span>
    </p>
   </div>
   <div class='ocr_carea' id='block_1_6' title="bbox 341 1609 1722 1669">
    <p class='ocr_par' dir='ltr' id='par_1_6' title="bbox 341 1609 1722 1669">
     <span class='ocr_line' id='line_1_21' title="bbox 341 1609 1722 1669; baseline 0.003 -19"><span class='ocrx_word' id='word_1_212' title='bbox 341 1626 362 1650; x_wconf 94' lang='lat'>»</span> <span class='ocrx_word' id='word_1_213' title='bbox 396 1624 592 1662; x_wconf 87' lang='lat' dir='ltr'>mecum,</span> <span class='ocrx_word' id='word_1_214' title='bbox 611 1609 756 1668; x_wconf 89' lang='lat' dir='ltr'>inquit</span> <span class='ocrx_word' id='word_1_215' title='bbox 778 1612 892 1653; x_wconf 91' lang='lat' dir='ltr'>Deus</span> <span class='ocrx_word' id='word_1_216' title='bbox 908 1645 919 1663; x_wconf 95' lang='lat'>,</span> <span class='ocrx_word' id='word_1_217' title='bbox 939 1609 1104 1669; x_wconf 84' lang='lat' dir='ltr'>judicio</span> <span class='ocrx_word' id='word_1_218' title='bbox 1131 1609 1394 1654; x_wconf 89' lang='lat' dir='ltr'>contendere</span> <span class='ocrx_word' id='word_1_219' title='bbox 1410 1646 1421 1665; x_wconf 99' lang='lat'>,</span> <span class='ocrx_word' id='word_1_220' title='bbox 1446 1611 1606 1654; x_wconf 81' lang='lat' dir='ltr'>intrare</span> <span class='ocrx_word' id='word_1_221' title='bbox 1628 1626 1722 1654; x_wconf 88' lang='lat' dir='ltr'>me-</span> 
     </span>
    </p>
   </div>
   <div class='ocr_carea' id='block_1_7' title="bbox 336 1678 1765 1880">
    <p class='ocr_par' dir='ltr' id='par_1_7' title="bbox 336 1678 1765 1883">
     <span class='ocr_line' id='line_1_22' title="bbox 339 1678 1731 1738; baseline 0.002 -17"><span class='ocrx_word' id='word_1_222' title='bbox 339 1696 361 1721; x_wconf 86' lang='lat'>»</span> <span class='ocrx_word' id='word_1_223' title='bbox 395 1694 498 1723; x_wconf 87' lang='lat' dir='ltr'>cum</span> <span class='ocrx_word' id='word_1_224' title='bbox 515 1678 570 1722; x_wconf 85' lang='lat' dir='ltr'>ad</span> <span class='ocrx_word' id='word_1_225' title='bbox 582 1678 822 1738; x_wconf 76' lang='lat' dir='ltr'>judicium2</span> <span class='ocrx_word' id='word_1_226' title='bbox 843 1698 851 1723; x_wconf 91' lang='lat'>:</span> <span class='ocrx_word' id='word_1_227' title='bbox 870 1697 890 1721; x_wconf 90' lang='lat'>»</span> <span class='ocrx_word' id='word_1_228' title='bbox 903 1685 1003 1723; x_wconf 88' lang='lat' dir='ltr'>c&#39;um</span> <span class='ocrx_word' id='word_1_229' title='bbox 1019 1679 1175 1724; x_wconf 89' lang='lat' dir='ltr'>debeas</span> <span class='ocrx_word' id='word_1_230' title='bbox 1188 1681 1234 1724; x_wconf 92' lang='lat' dir='ltr'>in</span> <span class='ocrx_word' id='word_1_231' title='bbox 1252 1689 1373 1724; x_wconf 85' lang='lat' dir='ltr'>reatu</span> <span class='ocrx_word' id='word_1_232' title='bbox 1389 1689 1465 1724; x_wconf 89' lang='lat' dir='ltr'>tuo</span> <span class='ocrx_word' id='word_1_233' title='bbox 1481 1678 1731 1724; x_wconf 50' lang='lat' dir='ltr'>satisfacere,</span> 
     </span>
     <span class='ocr_line' id='line_1_23' title="bbox 336 1748 1765 1810; baseline 0.001 -16"><span class='ocrx_word' id='word_1_234' title='bbox 336 1752 448 1803; x_wconf 84' lang='lat' dir='ltr'>Deo,</span> <span class='ocrx_word' id='word_1_235' title='bbox 476 1758 519 1793; x_wconf 91' lang='lat' dir='ltr'>et</span> <span class='ocrx_word' id='word_1_236' title='bbox 540 1748 726 1793; x_wconf 86' lang='lat' dir='ltr'>clamare</span> <span class='ocrx_word' id='word_1_237' title='bbox 745 1749 799 1793; x_wconf 86' lang='lat' dir='ltr'>ad</span> <span class='ocrx_word' id='word_1_238' title='bbox 820 1749 943 1794; x_wconf 90' lang='lat' dir='ltr'>illum</span> <span class='ocrx_word' id='word_1_239' title='bbox 959 1785 970 1804; x_wconf 90' lang='lat'>,</span> <span class='ocrx_word' id='word_1_240' title='bbox 997 1750 1118 1810; x_wconf 85' lang='lat' dir='ltr'>quod</span> <span class='ocrx_word' id='word_1_241' title='bbox 1135 1749 1348 1794; x_wconf 85' lang='lat' dir='ltr'>clamatur</span> <span class='ocrx_word' id='word_1_242' title='bbox 1368 1750 1413 1793; x_wconf 88' lang='lat' dir='ltr'>in</span> <span class='ocrx_word' id='word_1_243' title='bbox 1432 1750 1516 1794; x_wconf 86' lang='lat' dir='ltr'>alio</span> <span class='ocrx_word' id='word_1_244' title='bbox 1532 1749 1718 1805; x_wconf 83' lang='lat' dir='ltr'>Psalmo,</span> <span class='ocrx_word' id='word_1_245' title='bbox 1762 1775 1765 1796; x_wconf 83' lang='lat'><em>:</em></span> 
     </span>
     <span class='ocr_line' id='line_1_24' title="bbox 339 1819 1721 1880; baseline 0.002 -19"><span class='ocrx_word' id='word_1_246' title='bbox 339 1838 360 1862; x_wconf 88' lang='lat'>«</span> <span class='ocrx_word' id='word_1_247' title='bbox 397 1820 440 1864; x_wconf 91' lang='lat' dir='ltr'>Si</span> <span class='ocrx_word' id='word_1_248' title='bbox 456 1819 703 1878; x_wconf 83' lang='lat' dir='ltr'>iniquitates</span> <span class='ocrx_word' id='word_1_249' title='bbox 718 1819 1008 1864; x_wconf 86' lang='lat' dir='ltr'>observaveris</span> <span class='ocrx_word' id='word_1_250' title='bbox 1024 1855 1034 1874; x_wconf 89' lang='lat'>,</span> <span class='ocrx_word' id='word_1_251' title='bbox 1057 1820 1239 1864; x_wconf 87' lang='lat' dir='ltr'>Domine</span> <span class='ocrx_word' id='word_1_252' title='bbox 1253 1855 1263 1874; x_wconf 89' lang='lat'>,</span> <span class='ocrx_word' id='word_1_253' title='bbox 1285 1821 1469 1863; x_wconf 89' lang='lat' dir='ltr'>Domine</span> <span class='ocrx_word' id='word_1_254' title='bbox 1485 1855 1496 1874; x_wconf 93' lang='lat'>,</span> <span class='ocrx_word' id='word_1_255' title='bbox 1522 1821 1618 1880; x_wconf 89' lang='lat' dir='ltr'>quis</span> <span class='ocrx_word' id='word_1_256' title='bbox 1635 1835 1721 1864; x_wconf 90' lang='lat' dir='ltr'>sus-</span> 
     </span>
    </p>
   </div>
   <div class='ocr_carea' id='block_1_8' title="bbox 337 1888 1723 2088">
    <p class='ocr_par' dir='ltr' id='par_1_8' title="bbox 337 1888 1723 2088">
     <span class='ocr_line' id='line_1_25' title="bbox 340 1888 1723 1948; baseline 0.002 -18"><span class='ocrx_word' id='word_1_257' title='bbox 340 1907 360 1931; x_wconf 86' lang='lat'>&gt;›</span> <span class='ocrx_word' id='word_1_258' title='bbox 395 1889 553 1932; x_wconf 86' lang='lat' dir='ltr'>tinebit</span> <span class='ocrx_word' id='word_1_259' title='bbox 570 1890 619 1929; x_wconf 76' lang='lat'>3?</span> <span class='ocrx_word' id='word_1_260' title='bbox 639 1906 659 1930; x_wconf 87' lang='lat'>»</span> <span class='ocrx_word' id='word_1_261' title='bbox 697 1888 884 1932; x_wconf 83' lang='lat' dir='ltr'>clamare</span> <span class='ocrx_word' id='word_1_262' title='bbox 906 1888 961 1933; x_wconf 88' lang='lat' dir='ltr'>ad</span> <span class='ocrx_word' id='word_1_263' title='bbox 994 1888 1118 1933; x_wconf 91' lang='lat' dir='ltr'>illum</span> <span class='ocrx_word' id='word_1_264' title='bbox 1136 1924 1147 1943; x_wconf 92' lang='lat'>,</span> <span class='ocrx_word' id='word_1_265' title='bbox 1173 1889 1295 1948; x_wconf 86' lang='lat' dir='ltr'>quod</span> <span class='ocrx_word' id='word_1_266' title='bbox 1332 1888 1545 1933; x_wconf 84' lang='lat' dir='ltr'>clamatur</span> <span class='ocrx_word' id='word_1_267' title='bbox 1566 1890 1611 1933; x_wconf 90' lang='lat' dir='ltr'>in</span> <span class='ocrx_word' id='word_1_268' title='bbox 1636 1889 1723 1933; x_wconf 85' lang='lat' dir='ltr'>alio</span> 
     </span>
     <span class='ocr_line' id='line_1_26' title="bbox 337 1958 1722 2017; baseline 0 -14"><span class='ocrx_word' id='word_1_269' title='bbox 337 1958 525 2013; x_wconf 90' lang='lat' dir='ltr'>Psalmo,</span> <span class='ocrx_word' id='word_1_270' title='bbox 555 1978 575 2000; x_wconf 92' lang='lat'>«</span> <span class='ocrx_word' id='word_1_271' title='bbox 594 1961 689 2017; x_wconf 84' lang='lat' dir='ltr'>Ego</span> <span class='ocrx_word' id='word_1_272' title='bbox 708 1958 813 2013; x_wconf 80' lang='lat' dir='ltr'>dixi,</span> <span class='ocrx_word' id='word_1_273' title='bbox 840 1960 1044 2014; x_wconf 86' lang='lat' dir='ltr'>Domine,</span> <span class='ocrx_word' id='word_1_274' title='bbox 1071 1960 1271 2003; x_wconf 90' lang='lat' dir='ltr'>miserere</span> <span class='ocrx_word' id='word_1_275' title='bbox 1289 1960 1389 2011; x_wconf 86' lang='lat' dir='ltr'>mei,</span> <span class='ocrx_word' id='word_1_276' title='bbox 1409 1974 1511 2003; x_wconf 87' lang='lat' dir='ltr'>sana</span> <span class='ocrx_word' id='word_1_277' title='bbox 1533 1960 1722 2004; x_wconf 86' lang='lat' dir='ltr'>animam</span> 
     </span>
     <span class='ocr_line' id='line_1_27' title="bbox 339 2029 1723 2088; baseline 0.001 -18"><span class='ocrx_word' id='word_1_278' title='bbox 339 2047 359 2071; x_wconf 92' lang='lat'>»</span> <span class='ocrx_word' id='word_1_279' title='bbox 395 2044 557 2083; x_wconf 89' lang='lat' dir='ltr'>meam,</span> <span class='ocrx_word' id='word_1_280' title='bbox 583 2029 683 2088; x_wconf 87' lang='lat' dir='ltr'>quia</span> <span class='ocrx_word' id='word_1_281' title='bbox 706 2030 881 2087; x_wconf 82' lang='lat' dir='ltr'>peccavi</span> <span class='ocrx_word' id='word_1_282' title='bbox 906 2029 1026 2073; x_wconf 76' lang='lat' dir='ltr'>tibi⁴.</span> <span class='ocrx_word' id='word_1_283' title='bbox 1050 2047 1070 2071; x_wconf 89' lang='lat'>»</span> <span class='ocrx_word' id='word_1_284' title='bbox 1097 2030 1313 2083; x_wconf 85' lang='lat' dir='ltr'>Quoniam</span> <span class='ocrx_word' id='word_1_285' title='bbox 1334 2030 1428 2073; x_wconf 81' lang='lat' dir='ltr'>haec</span> <span class='ocrx_word' id='word_1_286' title='bbox 1455 2045 1545 2073; x_wconf 89' lang='lat' dir='ltr'>non</span> <span class='ocrx_word' id='word_1_287' title='bbox 1565 2030 1627 2073; x_wconf 90' lang='lat' dir='ltr'>vis</span> <span class='ocrx_word' id='word_1_288' title='bbox 1655 2029 1723 2073; x_wconf 92' lang='lat' dir='ltr'>di-</span> 
     </span>
    </p>
   </div>
   <div class='ocr_carea' id='block_1_9' title="bbox 335 2098 1763 2158">
    <p class='ocr_par' dir='ltr' id='par_1_9' title="bbox 335 2098 1763 2158">
     <span class='ocr_line' id='line_1_28' title="bbox 335 2098 1763 2158; baseline 0.001 -15"><span class='ocrx_word' id='word_1_289' title='bbox 335 2114 431 2143; x_wconf 89' lang='lat' dir='ltr'>cere</span> <span class='ocrx_word' id='word_1_290' title='bbox 443 2133 454 2153; x_wconf 73' lang='lat'>,</span> <span class='ocrx_word' id='word_1_291' title='bbox 475 2099 551 2143; x_wconf 86' lang='lat' dir='ltr'>sed</span> <span class='ocrx_word' id='word_1_292' title='bbox 559 2099 767 2158; x_wconf 87' lang='lat' dir='ltr'>justificas</span> <span class='ocrx_word' id='word_1_293' title='bbox 784 2098 897 2143; x_wconf 85' lang='lat' dir='ltr'>facta</span> <span class='ocrx_word' id='word_1_294' title='bbox 915 2109 988 2143; x_wconf 82' lang='lat' dir='ltr'>tua</span> <span class='ocrx_word' id='word_1_295' title='bbox 1006 2099 1208 2144; x_wconf 86' lang='lat' dir='ltr'>adversus</span> <span class='ocrx_word' id='word_1_296' title='bbox 1223 2114 1464 2143; x_wconf 86' lang='lat' dir='ltr'>sermonem</span> <span class='ocrx_word' id='word_1_297' title='bbox 1484 2100 1585 2153; x_wconf 83' lang='lat' dir='ltr'>Dei,</span> <span class='ocrx_word' id='word_1_298' title='bbox 1603 2099 1723 2144; x_wconf 86' lang='lat' dir='ltr'>venit</span> <span class='ocrx_word' id='word_1_299' title='bbox 1760 2104 1763 2145; x_wconf 67' lang='lat' dir='ltr'>t</span> 
     </span>
    </p>
   </div>
   <div class='ocr_carea' id='block_1_10' title="bbox 336 2167 1721 2363">
    <p class='ocr_par' dir='ltr' id='par_1_10' title="bbox 336 2167 1721 2363">
     <span class='ocr_line' id='line_1_29' title="bbox 336 2167 1721 2229; baseline 0.002 -18"><span class='ocrx_word' id='word_1_300' title='bbox 336 2168 382 2211; x_wconf 91' lang='lat' dir='ltr'>in</span> <span class='ocrx_word' id='word_1_301' title='bbox 402 2177 444 2211; x_wconf 85' lang='lat' dir='ltr'>te</span> <span class='ocrx_word' id='word_1_302' title='bbox 467 2167 588 2227; x_wconf 86' lang='lat' dir='ltr'>quod</span> <span class='ocrx_word' id='word_1_303' title='bbox 604 2168 800 2226; x_wconf 89' lang='lat' dir='ltr'>sequitur</span> <span class='ocrx_word' id='word_1_304' title='bbox 817 2169 1035 2227; x_wconf 86' lang='lat' dir='ltr'>Scriptura</span> <span class='ocrx_word' id='word_1_305' title='bbox 1053 2203 1064 2223; x_wconf 94' lang='lat'>,</span> <span class='ocrx_word' id='word_1_306' title='bbox 1089 2178 1132 2212; x_wconf 89' lang='lat' dir='ltr'>et</span> <span class='ocrx_word' id='word_1_307' title='bbox 1159 2169 1263 2213; x_wconf 88' lang='lat' dir='ltr'>dicit</span> <span class='ocrx_word' id='word_1_308' title='bbox 1280 2204 1291 2224; x_wconf 82' lang='lat'>,</span> <span class='ocrx_word' id='word_1_309' title='bbox 1313 2187 1333 2211; x_wconf 91' lang='lat'>«</span> <span class='ocrx_word' id='word_1_310' title='bbox 1352 2169 1561 2214; x_wconf 90' lang='lat' dir='ltr'>Dominus</span> <span class='ocrx_word' id='word_1_311' title='bbox 1578 2170 1721 2229; x_wconf 82' lang='lat' dir='ltr'>justus</span> 
     </span>
     <span class='ocr_line' id='line_1_30' title="bbox 339 2237 1190 2297; baseline -0.001 -16"><span class='ocrx_word' id='word_1_312' title='bbox 339 2255 361 2278; x_wconf 91' lang='lat'>»</span> <span class='ocrx_word' id='word_1_313' title='bbox 396 2237 597 2281; x_wconf 88' lang='lat' dir='ltr'>concidet</span> <span class='ocrx_word' id='word_1_314' title='bbox 613 2237 799 2282; x_wconf 89' lang='lat' dir='ltr'>cervices</span> <span class='ocrx_word' id='word_1_315' title='bbox 820 2247 1097 2297; x_wconf 86' lang='lat' dir='ltr'>peccatorum</span> <span class='ocrx_word' id='word_1_316' title='bbox 1114 2240 1145 2282; x_wconf 87' lang='lat'>⁵.</span> <span class='ocrx_word' id='word_1_317' title='bbox 1169 2255 1190 2279; x_wconf 75' lang='lat' dir='ltr'>n</span> 
     </span>
     <span class='ocr_line' id='line_1_31' title="bbox 393 2307 1720 2363; baseline 0.001 -13"><span class='ocrx_word' id='word_1_318' title='bbox 393 2309 450 2350; x_wconf 88' lang='lat' dir='ltr'>X.</span> <span class='ocrx_word' id='word_1_319' title='bbox 479 2325 500 2349; x_wconf 91' lang='lat'>«</span> <span class='ocrx_word' id='word_1_320' title='bbox 530 2307 892 2363; x_wconf 84' lang='lat' dir='ltr'>Confundantur,</span> <span class='ocrx_word' id='word_1_321' title='bbox 918 2317 961 2352; x_wconf 88' lang='lat' dir='ltr'>ct</span> <span class='ocrx_word' id='word_1_322' title='bbox 983 2316 1232 2352; x_wconf 85' lang='lat' dir='ltr'>avertantur</span> <span class='ocrx_word' id='word_1_323' title='bbox 1266 2316 1504 2352; x_wconf 86' lang='lat' dir='ltr'>retrorsum</span> <span class='ocrx_word' id='word_1_324' title='bbox 1521 2342 1532 2362; x_wconf 95' lang='lat'>,</span> <span class='ocrx_word' id='word_1_325' title='bbox 1570 2322 1720 2352; x_wconf 90' lang='lat' dir='ltr'>omnes</span> 
     </span>
    </p>
   </div>
   <div class='ocr_carea' id='block_1_11' title="bbox 337 2363 1760 2436">
    <p class='ocr_par' dir='ltr' id='par_1_11' title="bbox 337 2363 1760 2436">
     <span class='ocr_line' id='line_1_32' title="bbox 337 2363 1760 2436; baseline 0.002 -18"><span class='ocrx_word' id='word_1_326' title='bbox 337 2393 360 2418; x_wconf 83' lang='lat'>»</span> <span class='ocrx_word' id='word_1_327' title='bbox 393 2376 470 2436; x_wconf 88' lang='lat' dir='ltr'>qui</span> <span class='ocrx_word' id='word_1_328' title='bbox 484 2375 672 2421; x_wconf 84' lang='lat' dir='ltr'>oderunt</span> <span class='ocrx_word' id='word_1_329' title='bbox 696 2377 812 2422; x_wconf 89' lang='lat' dir='ltr'>Sion.</span> <span class='ocrx_word' id='word_1_330' title='bbox 834 2396 854 2419; x_wconf 92' lang='lat'>»</span> <span class='ocrx_word' id='word_1_331' title='bbox 881 2377 966 2430; x_wconf 88' lang='lat' dir='ltr'>Qui</span> <span class='ocrx_word' id='word_1_332' title='bbox 990 2377 1178 2422; x_wconf 90' lang='lat' dir='ltr'>oderunt</span> <span class='ocrx_word' id='word_1_333' title='bbox 1202 2377 1304 2422; x_wconf 90' lang='lat' dir='ltr'>Sion</span> <span class='ocrx_word' id='word_1_334' title='bbox 1322 2413 1332 2433; x_wconf 90' lang='lat'>,</span> <span class='ocrx_word' id='word_1_335' title='bbox 1358 2377 1547 2422; x_wconf 85' lang='lat' dir='ltr'>oderunt</span> <span class='ocrx_word' id='word_1_336' title='bbox 1568 2376 1720 2422; x_wconf 88' lang='lat' dir='ltr'>Eccle-</span> <span class='ocrx_word' id='word_1_337' title='bbox 1757 2363 1760 2410; x_wconf 52' lang='lat' dir='ltr'>‘i</span> 
     </span>
    </p>
   </div>
   <div class='ocr_carea' id='block_1_12' title="bbox 384 2465 1759 2515">
    <p class='ocr_par' dir='ltr' id='par_1_12' title="bbox 384 2465 1759 2515">
     <span class='ocr_line' id='line_1_33' title="bbox 384 2465 1759 2515; baseline 0.001 -12"><span class='ocrx_word' id='word_1_338' title='bbox 384 2477 394 2494; x_wconf 90' lang='lat'>¹</span> <span class='ocrx_word' id='word_1_339' title='bbox 411 2470 483 2503; x_wconf 80' lang='lat' dir='ltr'>Job.</span> <span class='ocrx_word' id='word_1_340' title='bbox 504 2482 560 2512; x_wconf 83' lang='lat' dir='ltr'>xv,</span> <span class='ocrx_word' id='word_1_341' title='bbox 576 2471 630 2505; x_wconf 83' lang='lat'>26.</span> <span class='ocrx_word' id='word_1_342' title='bbox 651 2489 693 2496; x_wconf 94' lang='lat'><strong>—</strong></span> <span class='ocrx_word' id='word_1_343' title='bbox 709 2478 722 2496; x_wconf 87' lang='lat'>²</span> <span class='ocrx_word' id='word_1_344' title='bbox 745 2474 864 2506; x_wconf 86' lang='lat' dir='ltr'>Jerem.</span> <span class='ocrx_word' id='word_1_345' title='bbox 879 2483 915 2515; x_wconf 80' lang='grc' dir='ltr'>ιι,</span> <span class='ocrx_word' id='word_1_346' title='bbox 933 2481 989 2515; x_wconf 81' lang='lat'>29.</span> <span class='ocrx_word' id='word_1_347' title='bbox 1011 2489 1054 2496; x_wconf 87' lang='lat'>--</span> <span class='ocrx_word' id='word_1_348' title='bbox 1069 2470 1083 2496; x_wconf 86' lang='lat'>3</span> <span class='ocrx_word' id='word_1_349' title='bbox 1104 2471 1186 2505; x_wconf 87' lang='lat' dir='ltr'>Psal.</span> <span class='ocrx_word' id='word_1_350' title='bbox 1209 2482 1317 2514; x_wconf 79' lang='lat' dir='ltr'>cmx,</span> <span class='ocrx_word' id='word_1_351' title='bbox 1336 2472 1366 2504; x_wconf 78' lang='lat'>3.</span> <span class='ocrx_word' id='word_1_352' title='bbox 1384 2488 1426 2496; x_wconf 91' lang='lat'>—-</span> <span class='ocrx_word' id='word_1_353' title='bbox 1444 2470 1462 2502; x_wconf 76' lang='grc'><strong>4</strong></span> <span class='ocrx_word' id='word_1_354' title='bbox 1478 2472 1527 2504; x_wconf 88' lang='lat' dir='ltr'>Id.</span> <span class='ocrx_word' id='word_1_355' title='bbox 1550 2482 1604 2514; x_wconf 69' lang='grc' dir='ltr'>ιι,</span> <span class='ocrx_word' id='word_1_356' title='bbox 1625 2471 1657 2504; x_wconf 88' lang='grc'>5.</span> <span class='ocrx_word' id='word_1_357' title='bbox 1677 2485 1718 2494; x_wconf 92' lang='lat'>—·</span> <span class='ocrx_word' id='word_1_358' title='bbox 1757 2465 1759 2494; x_wconf 60' lang='lat'><em>3</em></span> 
     </span>
    </p>
   </div>
   <div class='ocr_carea' id='block_1_13' title="bbox 337 2523 614 2568">
    <p class='ocr_par' dir='ltr' id='par_1_13' title="bbox 337 2523 614 2568">
     <span class='ocr_line' id='line_1_34' title="bbox 337 2523 614 2568; baseline 0.011 -11"><span class='ocrx_word' id='word_1_359' title='bbox 337 2523 353 2548; x_wconf 83' lang='lat'><em>⁵</em></span> <span class='ocrx_word' id='word_1_360' title='bbox 371 2526 418 2558; x_wconf 90' lang='lat' dir='ltr'>Id.</span> <span class='ocrx_word' id='word_1_361' title='bbox 437 2536 563 2568; x_wconf 74' lang='lat' dir='ltr'>cxxviii,</span> <span class='ocrx_word' id='word_1_362' title='bbox 580 2525 614 2560; x_wconf 81' lang='grc'>5.</span> 
     </span>
    </p>
   </div>
   <div class='ocr_carea' id='block_1_14' title="bbox 1755 470 1775 2847">
    <p class='ocr_par' dir='ltr' id='par_1_14' title="bbox 1755 470 1775 2847">
     <span class='ocr_line' id='line_1_35' title="bbox 1755 470 1775 2847; baseline 0 0"><span class='ocrx_word' id='word_1_363' title='bbox 1755 470 1775 2847; x_wconf 95' lang='lat' dir='ltr'> </span> 
     </span>
    </p>
   </div>
  </div>
 </body>
</html>
