1815 3253
419 236 660 265 ENARRATIO
694 239 738 265 m
771 237 973 267 PSALMUM
1007 241 1145 268 «κων.
1404 230 1488 270 469

100 320 119 342 »
154 303 382 347 exaudiam
405 304 536 348 008¹?
563 322 582 343 n
604 305 719 362 Ergo
749 305 847 348 vide
876 304 996 365 quod
1019 307 1216 365 sequitur
1243 327 1251 352 ε
1283 327 1301 350 «
1329 310 1488 353 Omni-

95 391 113 413 »
150 374 230 417 bus
253 375 328 434 qui
346 375 550 418 invocant
569 390 672 418 eum
696 375 739 419 in
762 376 958 419 veritate.
982 395 1000 416 »
1025 379 1132 421 Nam
1157 377 1281 422 multi
1304 394 1406 422 eum
1429 381 1491 424 in-

92 455 252 490 vocant
267 462 354 490 non
369 447 412 489 in
427 446 622 491 veritate.
640 445 772 491 Aliud
787 446 934 490 abillo
949 457 1169 506 quaerunt,
1187 458 1230 493 et
1242 450 1383 508 ipsum
1399 466 1490 495 non

92 526 311 574 quaerunt.
339 521 478 570 Quare
496 532 611 560 amas
636 517 804 561 Deum?
822 516 929 570 Quia
951 515 1074 562 dedit
1097 518 1204 562 mihi
1232 520 1478 564 sanitatem.

91 585 215 630 Istud
238 585 514 632 manifestum
544 596 628 642 est,
654 587 744 647 ipse
777 585 912 630 dedit.
946 589 1044 632 Non
1077 588 1194 632 enim
1227 589 1282 633 ab
1303 589 1396 634 ullo
1418 601 1482 635 est

90 656 180 701 ulla
202 657 337 711 salus,
354 658 435 702 nisi
457 659 512 702 ab
534 658 625 703 illo.
657 660 768 712 Quia
791 657 912 702 dedit
931 658 1039 702 mihi
1056 694 1068 711 ‚
1103 659 1248 720 inquit
1263 695 1273 714 ,
1299 677 1480 706 uxorem

89 727 268 772 divitem
286 764 296 784 ‚
322 729 398 789 qui
421 728 530 772 nihil
550 728 767 773 habebam
785 763 796 783 ‚
822 737 865 772 et
886 729 1143 774 servientem
1169 731 1291 775 mihi.
1313 734 1370 776 Et
1391 733 1478 776 hoc

89 797 179 857 ipse
196 796 338 854 dedit,
368 814 520 843 verum
556 799 678 843 dicis.
704 798 855 854 Dedit,
890 799 1036 859 inquit
1050 834 1065 855 ,
1090 799 1201 845 filios
1217 836 1228 855 ,
1253 810 1297 845 et
1320 801 1482 846 multos

87 877 131 912 et
156 869 312 924 bonos,
333 869 455 914 dedit
473 869 701 925 familiam,
727 869 851 914 dedit
872 870 1018 914 omnia
1040 871 1172 915 bona.
1204 870 1308 917 Ideo
1337 875 1485 918 amas?

88 937 193 983 Ideo
212 939 320 984 nihil
343 941 529 1000 amplius
554 940 744 1002 quaeris?
762 944 867 985 Esto
889 942 1082 986 esuriens
1096 977 1107 997 ,
1133 942 1278 987 adhuc
1295 943 1418 1004 pulsa
1430 944 1486 988 ad

81 1009 262 1069 januam
282 1010 619 1069 patrisfamilias,
634 1011 770 1055 habet
792 1010 936 1056 adhuc
953 1011 1072 1072 quod
1090 1012 1179 1056 det.
1201 1015 1251 1057 In
1266 1012 1483 1058 mendici-

86 1087 174 1123 tate
188 1094 232 1124 es
245 1095 345 1124 cum
361 1080 564 1125 omnibus
578 1081 643 1125 his
655 1097 755 1141 quae
770 1081 992 1141 accepisti,
1014 1091 1058 1126 et
1069 1083 1219 1127 nescis.
1237 1086 1480 1128 Pannosam

84 1165 257 1194 carnem
289 1151 564 1195 mortalitatis
600 1151 745 1196 adhuc
779 1160 949 1211 portas,
986 1151 1142 1197 stolam
1177 1152 1298 1197 illam
1331 1153 1480 1213 gloriae

85 1220 422 1265 immortalitatis
445 1221 664 1281 numquid
694 1222 925 1282 accepisti,
963 1231 1006 1266 et
1035 1223 1158 1283 quasi
1186 1224 1276 1283 jam
1305 1225 1485 1269 satiatus

84 1306 172 1335 non
196 1294 346 1350 rogas?
372 1311 391 1333 «
417 1292 535 1336 Beati
559 1292 636 1352 qui
658 1293 855 1337 esuriunt
875 1302 918 1336 et
939 1293 1092 1337 sitiunt
1113 1294 1350 1353 justitiam,
1378 1295 1481 1356 quia

86 1379 106 1403 »
142 1363 221 1422 ipsi
239 1362 599 1407 satui·ah=.1ntur2.
629 1383 649 1405 »
675 1367 792 1422 Ergo
814 1364 848 1408 si
869 1364 1012 1409 bonus
1034 1374 1098 1410 est
1120 1368 1256 1421 Deus,
1282 1367 1381 1426 quia
1403 1367 1482 1411 ista

81 1432 161 1476 tibi
179 1431 299 1476 dedit
328 1452 335 1478 ε
362 1443 527 1493 quanto
560 1433 727 1479 beatior
750 1434 854 1489 eris,
885 1436 985 1478 cum
1010 1450 1053 1478 se
1073 1436 1216 1494 ipsum
1238 1435 1321 1479 tibi
1343 1435 1481 1480 dede-

81 1503 132 1546 rit
151 1505 168 1547 ?
190 1503 446 1547 Desiderasti
468 1514 589 1548 tanta
615 1505 670 1549 ab
693 1505 768 1550 illo
788 1540 798 1559 ,
820 1521 927 1564 rogo
958 1515 1014 1561 te,
1041 1505 1237 1551 desidera
1257 1516 1302 1551 et
1317 1508 1478 1567 ipsum.

79 1577 231 1635 Neque
256 1576 370 1619 enim
402 1592 503 1620 vere
535 1576 730 1621 dulciora
763 1586 866 1621 sunt
888 1577 993 1632 ista,
1027 1593 1159 1637 quam
1196 1577 1292 1634 ille,
1329 1588 1404 1622 aut
1433 1594 1483 1622 ex

81 1645 228 1705 aliqua
248 1655 370 1704 parte
393 1646 687 1706 comparanda
704 1656 806 1691 sunt
827 1646 905 1690 illi.
928 1650 1043 1705 Ergo
1058 1649 1133 1709 qui
1156 1652 1295 1692 Deum
1318 1650 1479 1708 ipsum,

80 1732 103 1760 a
126 1731 214 1775 quo
239 1716 405 1775 accepit
434 1717 488 1760 de
519 1717 680 1776 quibus
707 1716 890 1775 gaudet,
922 1719 1140 1778 praeponit
1175 1719 1242 1762 his
1275 1719 1481 1763 omnibus

77 1786 210 1834 rebus
231 1803 338 1847 quas
367 1788 534 1847 accepit
554 1823 564 1843 ‚
590 1788 681 1847 ipse
700 1788 877 1832 invocat
910 1791 1049 1833 Deum
1076 1790 1121 1833 in
1149 1790 1346 1834 veritate.
1368 1792 1479 1835 Nam

77 1866 129 1901 ut
151 1857 370 1912 noveritis,
388 1857 421 1901 si
437 1857 597 1902 talibus
620 1858 873 1903 hominibus
891 1869 1167 1919 proponatur
1182 1896 1192 1915 ‚
1220 1869 1263 1905 et
1285 1860 1473 1915 dicatur,

78 1927 194 1982 Quid
216 1929 249 1972 si
271 1929 351 1973 ista
381 1930 546 1983 omnia,
573 1929 628 1973 de
658 1929 820 1990 quibus
844 1929 1004 1988 gaudes
1022 1966 1032 1986 ,
1056 1931 1162 1974 velit
1199 1931 1277 1976 tibi
1304 1931 1477 1975 auferre

77 2001 219 2043 Deus?
241 2002 337 2043 Jam
357 2015 442 2044 non
467 2000 685 2044 amabitur
705 2019 715 2045 ε
740 2016 829 2044 non
852 2001 933 2044 erit
951 2001 1027 2061 qui
1051 2000 1168 2045 dicat
1187 2037 1197 2056 ‚
1220 2021 1240 2044 «
1262 2001 1476 2046 Dominus

80 2088 100 2110 n
136 2069 279 2125 dedit,
305 2071 517 2114 Dominus
540 2070 743 2129 abstulit3
768 2071 878 2115 sicut
898 2072 1085 2116 Domino
1099 2072 1287 2131 placuit,
1308 2073 1367 2116 ita
1385 2071 1474 2116 fac-

80 2158 101 2182 »
136 2149 231 2184 tum
255 2150 318 2184 est
341 2160 348 2185 :
374 2141 428 2185 sit
450 2157 612 2186 nomen
635 2141 811 2185 Domini
846 2141 1172 2186 benedictumss.
1195 2161 1216 2184 »
1248 2142 1333 2187 Sed
1363 2141 1477 2187 forte

76 2211 147 2256 cui
170 2210 349 2255 abstulit
371 2211 478 2272 quid
516 2211 651 2256 dicit?
673 2215 788 2256 Deus
818 2211 925 2272 quid
949 2211 1027 2256 tibi
1056 2212 1166 2257 feei?
1188 2216 1333 2267 Quare
1368 2213 1473 2256 mihi

78 2281 309 2337 abstulisti,
328 2291 371 2326 et
386 2282 468 2325 illis
486 2281 669 2326 dedisti?
682 2281 849 2342 Iniquis
865 2281 957 2338 das,
972 2292 1016 2326 et
1034 2283 1120 2327 tuis
1136 2282 1268 2327 tollis.
1288 2286 1475 2327 Accusas

78 2356 217 2397 Deum
241 2353 364 2412 quasi
385 2353 596 2413 injustum
614 2389 624 2408 ‚
649 2362 693 2397 et
704 2362 746 2397 te
760 2352 911 2398 laudas
927 2354 1051 2414 quasi
1068 2355 1253 2414 justum.
1280 2356 1476 2399 Conver-

77 2434 168 2468 tere
184 2459 193 2476 ,
213 2439 365 2468 accusa
386 2433 451 2480 te,
494 2424 625 2469 lauda
650 2423 792 2468 illum.
816 2428 939 2469 Tunc
968 2426 1050 2470 eris
1082 2435 1224 2470 rectus
1245 2461 1256 2480 ‚
1297 2441 1396 2470 cum
1429 2425 1474 2469 in

78 2494 280 2539 omnibus
295 2495 419 2539 bonis
437 2511 536 2555 qna:
556 2495 678 2551 facit,
700 2498 815 2539 Deus
828 2495 908 2538 tibi
924 2496 1091 2555 placet3
1110 2496 1156 2541 in
1169 2496 1372 2541 omnibus
1388 2511 1477 2540 ma-

128 2586 133 2600 ¹
159 2581 251 2610 l‘rov.
276 2592 300 2619 ῐ,
319 2581 374 2611 ¹18.
398 2597 438 2601 -—
460 2587 471 2602 ²
492 2579 604 2611 Manli.
628 2591 661 2619 v,
681 2580 713 2611 6.
731 2596 773 2601 —-
794 2576 807 2602 3
829 2579 949 2620 John,
965 2589 1017 2612 αι.
