1815 3253
28 9 32 81 !

28 180 31 199 1

418 240 662 271 ENARRATIO
692 244 738 271 IN
769 241 973 271 rsALMUM
1002 243 1152 270 CXXXI·
1367 227 1452 268 18⁷

28 312 31 373 J
66 310 246 364 debetis,
274 324 329 353 ne
351 310 497 354 omnia
518 318 728 369 tanquam
747 325 858 353 nova
886 325 909 353 a
928 308 1054 354 nobis
1076 307 1161 351 dici
1186 321 1358 351 necesse
1379 306 1447 351 sit.

27 392 30 415 ¹
66 383 122 426 Et
142 380 242 425 novi
275 379 451 440 quidem
477 395 566 423 esse
584 379 793 423 debemus
809 415 819 433 ‚
847 379 947 440 quia
967 386 1155 423 vetustas
1173 377 1300 421 nobis
1323 377 1452 421 obre-

28 474 30 500 :
65 465 164 511 pere
186 466 274 494 non
296 449 429 493 debet
449 471 460 506 ·,
484 449 559 493 sed
595 450 723 493 etiam
753 449 1034 493 crescendum
1064 457 1107 492 et
1131 447 1451 507 proficiendum

27 508 30 595 l
65 530 140 565 est.
164 524 225 565 De
252 521 344 580 ipso
368 521 531 580 quippe
553 519 754 579 prosectu
776 520 835 564 ait
864 518 1097 579 Apostolus
1124 537 1133 563 :
1161 537 1181 560 «
1202 520 1258 561 Et
1279 517 1312 560 si
1332 525 1451 560 exte-

27 601 29 643 ξ
69 609 90 634 ι)
122 592 207 637 rior
229 593 360 636 homo
393 601 539 635 noster
566 591 862 651 corrumpitur
880 625 891 645 ‚
916 589 989 634 sed
1012 589 1192 633 interior
1216 596 1452 632 renovatur

67 680 88 705 »ι
121 662 176 707 de
194 662 266 707 die
292 664 337 707 in
359 663 539 707 diem1.»
556 665 653 707 Non
676 663 735 707 sic
757 663 1033 722 proficiamus
1055 669 1105 705 ut
1127 676 1176 704 ex
1199 659 1321 704 novis
1338 668 1455 703 vete-

63 748 127 777 res
145 733 386 777 essiciamur
401 767 412 787 ,
433 733 508 776 sed
530 733 619 792 ipsa
637 733 806 777 novitas
828 740 1006 777 crescat.

122 805 179 846 11.
201 821 220 844 «
240 806 485 857 Memento,
512 803 717 857 Domine,
738 802 875 847 David
893 837 904 857 ,
924 810 967 845 et
988 800 1128 845 omnis
1147 797 1452 844 mansuetudi-

65 890 87 914 »
120 872 185 916 nis
214 874 321 932 ejus.
350 874 471 918 Sicut
496 874 660 933 juravit
684 873 868 918 Domino
886 906 897 928 ,
935 880 1087 916 votum
1117 870 1238 915 vovit
1259 873 1351 914 Deo
1374 872 1452 913 Ja-

65 960 86 986 »
119 943 202 988 cob
217 945 249 987 ².
278 961 299 985 »
326 942 464 988 David
485 944 729 988 secundum
762 942 892 988 fidem
920 957 1067 987 rerum
1097 950 1314 1000 gestarum
1336 956 1451 984 unus

24 1003 28 1080 ξ
62 1014 192 1058 homo
215 1023 330 1068 erat,
358 1029 432 1057 rex
460 1012 591 1057 Israel
610 1048 621 1068 ,
647 1012 762 1057 filius
784 1016 916 1057 Jesse.
949 1016 1056 1057 Erat
1078 1011 1258 1072 quidem
1287 1020 1332 1054 et
1360 1011 1452 1070 ipse

24 1098 27 1169 1
61 1093 327 1139 mansuetus,
348 1086 459 1128 sicut
475 1100 577 1129 eum
594 1084 759 1128 indicat
777 1093 908 1143 atque
923 1083 1204 1127 commendat
1228 1082 1451 1141 Scriptura

24 1171 27 1189 ν
60 1155 220 1210 divina,
235 1164 278 1199 et
299 1155 357 1199 ita
378 1163 629 1199 mansuetus
653 1163 702 1198 ut
723 1169 803 1198 nec
826 1153 1092 1213 persecutori
1113 1168 1193 1197 suo
1217 1151 1336 1197 Saiili
1358 1167 1449 1196 ma-

60 1224 150 1269 lum
174 1240 253 1285 pro
275 1225 390 1270 malo
413 1224 693 1270 reddideritss.
723 1224 918 1269 Servavit
939 1232 1084 1268 autem
1106 1238 1207 1282 erga
1227 1237 1329 1268 eum
1350 1232 1451 1267 tan-

62 1304 148 1340 tam
186 1295 475 1340 humilitatem
494 1330 506 1350 ,
541 1305 593 1339 ut
627 1295 753 1339 illum
785 1310 933 1353 regem
964 1293 1202 1349 fateretur,
1238 1308 1283 1338 se
1305 1303 1451 1338 autem

60 1380 226 1410 canem.
252 1368 310 1410 Et
333 1381 420 1409 non
445 1374 669 1424 proterve,
700 1380 780 1409 nec
801 1364 987 1424 superbe
1008 1399 1019 1420 ‚
1037 1379 1139 1409 cum
1162 1373 1272 1408 esset
1292 1364 1338 1408 in
1360 1367 1453 1407 Deo

48 1437 302 1496 -potentior,
338 1436 628 1495 respondebat
651 1436 742 1494 regi
768 1455 777 1480 :
807 1435 881 1479 sed
899 1450 1002 1479 eum
1023 1434 1196 1495 placare
1218 1435 1364 1494 potius
1385 1434 1452 1480 af-

59 1505 248 1552 fectabat
276 1506 522 1551 humilitate
542 1541 552 1561 ,
583 1521 715 1566 quam
740 1506 958 1551 concitare
984 1505 1202 1565 superbia.
1229 1506 1373 1550 Etiam
1405 1505 1452 1549 in

23 1591 26 1622 l
58 1585 270 1636 potestate
299 1576 426 1620 datus
448 1585 512 1620 est
543 1576 582 1619 ei
609 1575 732 1631 Saiil,
762 1585 805 1620 et
827 1576 911 1620 hoc
934 1592 956 1619 a
981 1576 1168 1620 Domino
1198 1579 1288 1620 Deo
1305 1610 1316 1630 ,
1339 1584 1389 1619 ut
1411 1575 1450 1618 ei

23 1701 25 1714 ⁴
60 1646 219 1692 laceret
236 1646 453 1707 quidquid
475 1645 623 1690 vellet.
652 1646 738 1691 Sed
754 1647 856 1706 quia
879 1661 968 1690 non
986 1655 1257 1706 praeceptum
1277 1645 1339 1689 illi
1358 1654 1451 1690 erat

59 1728 109 1763 ut
130 1717 368 1773 occideret,
392 1717 468 1762 sed
490 1726 662 1761 tantum
692 1717 738 1760 in
764 1726 978 1776 potestate
1001 1716 1129 1761 datus
1148 1715 1208 1760 illi
1229 1726 1347 1771 erat,
1368 1716 1449 1774 (li-

59 1798 126 1834 cet
147 1797 292 1833 autem
314 1788 483 1833 homini
504 1788 569 1832 uti
587 1796 800 1848 potestate
821 1803 897 1832 sua
914 1808 925 1844 3
945 1790 961 1845 )
979 1786 1034 1832 ad
1054 1786 1280 1831 lenitatem
1303 1788 1449 1847 potius

24 1906 25 1914 ἵ
59 1859 232 1904 deflexit
252 1858 374 1919 quod
395 1859 433 1902 ei
458 1862 570 1903 Deus
587 1859 813 1902 concessit.
837 1858 919 1911 Qui
937 1859 971 1902 si
992 1857 1125 1903 vellet
1142 1858 1356 1912 occidere,
1374 1873 1448 1902 ca-

23 1928 25 1948 ³
59 1938 168 1974 reret
187 1930 388 1984 inimico,
411 1929 487 1973 sed
516 1929 739 1989 quomodo
767 1928 931 1973 diceret
953 1949 961 1974 :
987 1948 1007 1971 «
1034 1929 1211 1973 Dimitte
1232 1928 1341 1973 mihi
1366 1928 1446 1972 de-

22 2047 24 2051 ,
61 2017 82 2040 »
116 2000 203 2044 bita
218 2035 230 2055 ,
254 2000 364 2045 sicut
382 2009 425 2044 et
445 2014 525 2057 ego
542 2000 715 2043 dimitto
739 1998 1011 2044 debitoribus
1031 2000 1163 2043 mcis4
1181 2001 1200 2043 Ρ
1225 2016 1245 2039 »
1274 2002 1326 2043 In
1344 2014 1445 2058 spe-

0 2093 2 2100 *
57 2069 230 2115 luncam
258 2071 434 2115 intravit
460 2070 562 2115 Saiil
588 2070 664 2114 ubi
685 2080 777 2115 erat
799 2070 959 2125 David,
984 2071 1180 2114 nesciens
1203 2068 1322 2130 quod
1357 2069 1446 2114 illic

0 2164 1 2170 =
57 2150 163 2185 esset
184 2140 318 2186 David
335 2144 349 2166 ⁵
376 2161 384 2185 z
415 2141 470 2185 ad
492 2142 729 2186 necessaria
750 2142 912 2192 ventris
935 2141 1008 2185 ille
1031 2141 1224 2186 intravit.
1254 2142 1446 2186 Surrexit

0 2215 2 2240 ²
59 2210 194 2255 David
216 2212 372 2255 sensim
401 2220 444 2255 et
469 2211 587 2256 lente
613 2222 711 2272 post
732 2213 876 2272 ipsum
895 2248 906 2268 ,
941 2211 1140 2272 praecidit
1163 2211 1226 2255 illi
1250 2211 1305 2255 de
1326 2220 1446 2255 veste

0 2283 3 2311 f
56 2280 361 2340 panniculum,
397 2297 528 2342 quem
554 2282 618 2327 illi
639 2285 910 2339 ostenderet,
936 2293 987 2328 ut
1013 2292 1159 2328 nosset
1188 2283 1291 2342 quia
1319 2281 1444 2326 illum

0 2355 3 2381 ³
20 2335 24 2483 ⁴
58 2351 268 2396 habuerat
289 2352 333 2395 in
363 2362 574 2411 potestate
595 2374 606 2411 3
626 2363 670 2397 et
691 2370 781 2398 non
802 2355 1057 2399 necessitate
1074 2388 1085 2409 ‚
1119 2353 1195 2398 sed
1216 2352 1446 2397 voluntate

0 2425 2 2453 ³
58 2431 331 2482 pepercerat,
355 2430 398 2466 et
417 2421 559 2466 noluit
586 2423 799 2468 occidere.
825 2427 957 2470 Forte
974 2425 1112 2484 ipsam
1135 2422 1443 2468 mansuetudi-

0 2487 24 2590 Ἰ
105 2522 116 2541 ¹
135 2524 155 2549 2
177 2518 247 2550 Cor.
273 2528 320 2560 iv,
355 2518 406 2551 ιδ.
427 2534 469 2542 -·
499 2524 513 2541 ²
533 2518 611 2551 Psal.
631 2528 723 2551 cxxxi
738 2543 747 2561 ‚
782 2530 813 2562 1,
838 2529 868 2552 2.
889 2536 931 2543 --
951 2517 965 2544 3
986 2531 997 2553 ι
1020 2522 1097 2562 Reg.
1121 2529 1216 2561 μιν,
1241 2516 1275 2559 4,
1306 2522 1372 2552 etc.
1398 2533 1441 2542 -·-

21 2598 23 2623 ς
59 2571 79 2603 4
98 2573 208 2608 matth.
228 2585 278 2617 vx,
299 2583 351 2608 12.
371 2590 414 2599 —-·
431 2572 447 2599 ⁵
464 2585 477 2608 1
498 2576 577 2617 Reg.
597 2584 689 2616 xxiv,
704 2572 739 2616 4.
