1815 3253
397 251 636 282 ENAnnATlo
668 254 713 280 IN
746 252 947 280 rsAtMUM
979 251 1100 280 cxxv.
1371 241 1425 279 97

0 342 2 363 ι
44 321 198 381 premit
226 319 393 364 facinus
421 329 514 364 toto
542 318 712 363 silentio
734 339 744 376 3
771 327 814 362 et
842 333 980 379 usque
1003 317 1110 361 adeo
1132 331 1282 362 vocem
1305 333 1426 361 suam

0 416 5 435 ³
42 391 161 435 timet
194 390 354 446 audiri,
391 400 441 435 ut
462 406 542 435 nec
564 390 739 448 vestigia
771 406 847 435 sua
873 390 977 434 velit
1001 404 1151 433 sonare
1174 408 1182 433 :
1208 389 1426 448 numquid

40 478 141 522 ergo
159 463 260 523 quia
282 463 340 507 ita
363 462 460 507 silet
475 498 485 517 ,
514 463 704 507 mundus
724 464 821 506 est?
844 461 946 506 Plus
966 470 1110 505 autem
1130 460 1228 504 dico
1241 495 1251 514 ,
1274 459 1425 504 fratres

0 551 1 554 ¹
38 533 137 577 mei.
164 535 275 578 Ecce
299 532 442 578 adhuc
465 534 510 577 in
532 542 669 578 stratu
687 549 765 578 suo
781 534 920 594 jacet,
954 532 1150 576 nondum
1171 531 1354 575 surrexit
1375 539 1425 574 ut

37 604 207 650 furtum
229 604 385 663 faciat3
410 605 582 664 vigilat,
600 614 643 649 et
662 614 860 665 expectat
884 613 934 649 ut
954 602 1152 648 homines
1175 602 1419 646 dormiant:

0 695 4 721 e
29 675 121 736 jam
142 678 232 720 Deo
254 676 432 731 clamat,
454 677 543 736 jam
564 673 636 720 fur
658 685 743 731 est,
763 676 854 736 jam
875 673 1129 719 immundus
1152 682 1229 728 est,
1249 674 1340 733 jam
1357 670 1423 716 sa-

35 746 156 791 cinus
179 746 233 792 de
260 763 334 792 ore
359 748 564 792 interiore
586 748 808 807 processit.
833 745 1020 800 Quando
1041 745 1158 789 enim
1180 744 1348 789 facinus
1371 760 1421 788 ex

33 833 107 862 ore
129 818 356 877 procedit?
389 818 576 872 Quando
605 818 808 864 voluntas
831 816 1019 862 faciendi
1040 816 1305 861 decernitur.
1334 819 1420 860 De-

32 889 200 934 crevisti
218 888 386 947 facere3
411 889 569 945 dixisti,
588 889 741 935 fecisti.
757 891 800 935 Si
823 888 990 934 furtum
1012 905 1103 933 non
1122 887 1271 932 feceris
1290 887 1417 945 sori53

31 958 209 1005 forsitan
235 959 308 1005 ille
337 976 427 1006 non
448 961 610 1005 meruit
630 961 833 1021 perdere,
859 961 930 1006 cui
949 959 1207 1020 disponebas
1229 958 1414 1004 auferre.

30 1033 87 1075 Et
112 1031 184 1075 ille
206 1031 315 1075 nihil
338 1031 550 1092 perdidit,
576 1042 620 1077 et
642 1041 689 1076 tu
713 1033 767 1076 de
789 1033 910 1077 furto
939 1031 1230 1076 damnaberis.
1256 1034 1417 1075 Decre-

28 1101 125 1146 visti
154 1102 345 1147 occidere
371 1102 624 1160 hominem,
662 1102 803 1148 dixisti
836 1103 881 1147 in
916 1101 1047 1147 corde
1064 1137 1074 1155 ,
1101 1102 1248 1145 sonuit
1266 1100 1321 1145 de
1343 1116 1418 1145 orc

27 1181 105 1217 tuo
126 1172 327 1217 interiore
355 1173 644 1218 homicidium
671 1193 679 1218 :
707 1173 851 1217 adhuc
884 1173 989 1217 vivit
1011 1173 1165 1226 homo,
1191 1181 1235 1216 et
1259 1180 1304 1216 tu
1335 1172 1417 1216 ho-

26 1243 183 1288 micida
204 1244 383 1304 puniris.
411 1244 527 1298 Quid
549 1245 603 1289 sis
625 1245 739 1288 enim
764 1243 883 1304 apud
906 1247 1063 1299 Deum,
1085 1243 1311 1303 quaeritur,
1324 1259 1414 1288 non

0 1333 3 1336 ’
26 1315 131 1376 quid
153 1315 349 1361 nondum
372 1317 621 1377 apparueris
644 1317 761 1376 apud
782 1316 995 1361 homines.

82 1388 344 1432 VIILCerte
365 1403 466 1446 ergo
488 1389 703 1442 novimus,
723 1396 765 1431 et
789 1403 913 1432 nosse
935 1385 1162 1441 debemus,
1184 1394 1226 1430 et
1243 1395 1407 1441 tenere,

24 1457 121 1517 quia
151 1466 214 1501 est
235 1474 281 1502 os
301 1459 463 1513 cordis,
490 1468 553 1503 est
574 1467 618 1502 et
646 1458 794 1516 lingua
826 1457 982 1501 cordis.
1011 1460 1159 1515 Ipsum
1182 1472 1228 1500 os
1249 1455 1408 1516 imple-

22 1535 92 1571 tur
114 1528 269 1585 gaudio
295 1548 304 1573 ε
339 1529 385 1573 in
408 1529 500 1588 ipso
523 1544 597 1573 ore
618 1529 734 1572 intus
757 1543 929 1572 oramus
949 1530 1109 1581 Deum,
1137 1527 1314 1586 quando
1343 1526 1410 1571 la-

21 1597 91 1642 bia
118 1598 262 1644 clausa
294 1609 424 1655 sunt,
458 1609 500 1644 et
528 1608 647 1659 patet
675 1599 952 1644 conscientia.
992 1597 1220 1643 Silentium
1249 1606 1336 1652 est,
1362 1608 1405 1642 et

19 1667 174 1714 clamat
197 1680 345 1730 pectus
368 1690 376 1715 z
397 1670 473 1716 sed
494 1671 671 1715 auribus
693 1671 848 1731 cujus?
870 1673 968 1715 Non
984 1668 1187 1722 hominis,
1214 1668 1289 1713 sed
1307 1669 1400 1714 Dei.

20 1742 202 1785 Securus
236 1757 337 1799 ergo
373 1751 492 1796 esto,
523 1741 597 1786 ille
632 1741 753 1786 audit
781 1741 858 1802 qui
887 1742 1129 1786 miseretur.
1163 1743 1219 1785 Et
1256 1757 1403 1785 rursus

17 1811 192 1870 quando
220 1828 349 1857 nemo
372 1813 602 1856 hominum
626 1812 748 1857 audit
765 1811 899 1866 mala,
921 1813 953 1855 si
975 1811 1222 1871 procedunt
1249 1812 1303 1854 de
1327 1827 1401 1855 ore

34 1897 113 1935 uo,
149 1882 238 1926 noli
270 1898 359 1926 esse
387 1898 589 1937 securus,
623 1883 725 1942 quia
754 1882 829 1926 illc
853 1883 974 1927 audit
995 1883 1072 1942 qui
1094 1884 1287 1926 damnat,
1317 1885 1400 1927 Su-

11 1941 144 1996 sanna
167 1968 255 1996 non
278 1954 539 1997 audiebatur
555 1954 610 1997 ab
629 1953 797 2013 injustis
808 1952 1045 2012 judicibus,
1066 1953 1233 1996 tacebat
1250 1962 1399 1997 etora·

15 2021 100 2067 bat.
121 2024 179 2067 Os
200 2024 290 2084 ejus
311 2039 400 2068 non
432 2023 692 2069 audiebatur
717 2025 771 2069 ab
793 2024 1046 2068 hominibus
1062 2059 1072 2078 ,
1099 2040 1173 2068 cor
1193 2025 1284 2083 ejus
1307 2023 1397 2068 cla-

16 2093 157 2138 mabat
178 2094 233 2139 ad
251 2096 670 2156 Deum1.Numquid
690 2096 792 2156 quia
815 2111 899 2140 vox
920 2096 1011 2155 ejus
1032 2094 1088 2139 de
1111 2110 1185 2139 ore
1204 2095 1396 2155 corporis

15 2179 99 2208 non
120 2166 345 2224 processit,
375 2175 605 2226 propterca
638 2165 831 2211 exaudiri
852 2182 942 2211 non
966 2167 1155 2210 meruit?
1182 2166 1395 2210 Exaudita

15 2243 73 2279 cst
93 2234 164 2280 illa
184 2257 194 2294 3
220 2236 397 2298 quando
419 2237 572 2293 oravit,
589 2253 718 2283 nemo
739 2237 971 2282 hominum
992 2236 1130 2282 scivit.
1156 2240 1287 2295 Ergo,
1304 2237 1394 2282 fra-

16 2314 114 2362 tres,
135 2306 242 2367 quid
264 2308 500 2353 habeamus
520 2309 567 2352 in
588 2324 662 2353 ore
683 2309 888 2354 interiore
905 2343 915 2363 ,
936 2307 1138 2366 cogitate.
1164 2308 1230 2351 Ibi
1250 2306 1396 2352 videte

15 2391 65 2420 ne
93 2378 201 2437 quid
219 2377 318 2422 mali
340 2378 491 2423 dicatis
511 2379 630 2424 intus
644 2415 655 2435 ,
676 2389 719 2424 et
741 2379 851 2423 nihil
868 2379 970 2423 mali
987 2379 1127 2423 facitis
1150 2378 1252 2423 foris
1273 2398 1282 2424 ε
1305 2395 1395 2424 non

15 2456 149 2506 potest
170 2449 285 2493 enim
304 2449 394 2493 fieri
415 2450 471 2494 ab
492 2451 670 2495 homine
690 2451 812 2507 foris,
838 2451 919 2496 nisi
940 2450 1061 2512 quod
1078 2449 1245 2496 dictum
1263 2450 1395 2495 fuerit

63 2550 72 2567 ¹
92 2547 171 2578 Dan.
187 2556 256 2587 xm,
276 2545 331 2589 35,
352 2551 417 2579 etc.

9 2630 12 2752 r
167 2621 296 2654 cmx,
1058 2641 1060 2644 >
1182 2614 1207 2652 7
