1815 3253
398 250 638 281 ENARnAno
672 255 716 281 m
748 251 951 282 PsALMUM
983 256 1132 283 CXLIII.
1371 246 1450 286 431

69 317 311 371 lectationis
333 316 538 362 titillatio.
566 320 652 362 Ista
681 317 891 375 titillatio,
928 328 972 364 et
1002 319 1075 364 ille
1109 321 1242 365 hostis
1261 322 1354 382 jam
1376 337 1456 367 nec

72 397 260 447 pugnat,
293 402 373 431 nec
409 397 560 447 regnat
586 407 594 432 :
618 388 728 433 inest
751 398 920 445 tamen,
957 399 1000 434 et
1030 391 1153 450 quasi
1193 401 1390 443 moratur
1410 393 1457 442 in

70 474 199 502 carne
220 457 424 513 mortali,
461 456 582 518 quod
603 474 692 503 non
725 460 820 503 erit.
863 463 1058 504 Ducetur
1092 461 1207 504 enim
1243 471 1387 507 totum
1410 463 1458 517 in

69 528 295 574 victoriam
311 563 322 583 ,
345 527 421 573 sed
444 537 593 588 postea
620 549 628 574 z
656 530 788 574 modo
823 539 969 575 autem
985 565 996 586 ,
1029 533 1240 591 «Corpus
1275 533 1457 592 quidem

73 618 99 655 »7
128 609 352 645 mortuum
375 609 458 656 est,
483 610 661 660 propter
681 610 912 661 peccatum
934 621 946 657 3
965 611 1048 646 »et
1068 601 1169 647 ideo
1200 602 1342 647 eidem
1365 619 1460 648 cor-

68 671 164 730 pori
188 670 299 714 inest
318 679 567 730 peccatum,
594 671 672 715 etsi
698 687 787 716 non
809 680 960 729 regnat
980 681 1208 731 peccatum
1234 691 1243 717 :
1274 691 1294 715 «
1321 674 1459 733 Spiri-

73 759 94 783 »
129 750 197 786 tus
220 750 366 785 autem
387 740 474 785 vita
492 750 555 786 est
576 750 754 802 propter
770 741 997 801 justitiam.
1025 742 1068 787 Si
1090 751 1237 787 autem
1264 743 1342 803 qui
1363 758 1458 788 sus-

75 833 92 854 »
115 812 264 864 citavit
276 812 497 858 Christum
514 829 536 857 a
547 813 744 868 mortuis,
759 813 982 868 habitatin
991 814 1114 859 vobis
1127 835 1138 872 3
1149 815 1225 874 qui
1237 815 1460 873 suscitavit

73 903 92 926 »
129 883 349 929 Christum
365 899 387 927 a
404 885 608 939 mortuis,
633 883 867 939 vivificabit
893 893 937 929 et
955 884 1151 930 mortalia
1164 901 1346 945 corpora
1364 900 1460 930 ves-

75 973 92 995 »
129 963 222 1009 tra,
255 963 432 1013 propter
464 954 782 1000 inhabitantem
806 955 1015 1015 Spiritum
1045 957 1135 1016 ejus
1164 956 1210 1001 in
1237 956 1405 1001 vobis¹.
1435 973 1456 998 »

70 1025 137 1074 Ibi
154 1028 246 1086 jam
268 1040 349 1069 nec
368 1024 490 1086 quod
517 1035 682 1085 pugnet
711 1026 792 1070 erit
808 1061 819 1082 ,
852 1042 933 1071 nec
967 1027 1088 1087 quod
1114 1026 1260 1072 titillet
1286 1046 1295 1072 ε
1316 1036 1459 1076 totum

64 1095 190 1145 ,cedet
210 1095 256 1140 in
278 1088 397 1155 pace.
434 1098 532 1142 Non
565 1097 680 1141 enim
710 1097 927 1142 contraria
961 1106 1117 1143 natura
1140 1107 1293 1142 contra
1326 1096 1454 1142 aliam

65 1175 267 1218 naturam
284 1177 472 1225 pugnat,
498 1166 574 1210 sed
599 1176 809 1227 tanquam
832 1167 878 1211 in
901 1166 1036 1211 domo
1059 1168 1239 1212 maritus
1267 1175 1311 1210 et
1331 1182 1456 1211 uxor.

68 1235 111 1290 Si
127 1234 332 1280 adversus
349 1251 393 1280 se
411 1236 669 1280 dissentiant
685 1271 696 1293 ,
724 1235 931 1281 molestus
954 1246 998 1282 et
1011 1236 1282 1297 periculosus
1305 1235 1431 1282 labor
1446 1256 1458 1295 3

65 1307 100 1358 si
120 1307 299 1351 maritus
329 1306 525 1351 vincatur
554 1315 597 1350 et
618 1322 727 1351 uxor
749 1306 1002 1352 dominetur
1019 1342 1029 1359 ,
1062 1323 1143 1367 pax
1168 1322 1368 1367 perversa
1395 1325 1404 1351 :
1426 1306 1462 1351 si

64 1386 211 1421 autem
231 1393 340 1421 uxor
361 1377 516 1429 marito
533 1376 777 1422 dominanti
796 1377 1072 1438 subjiciatur,
1099 1393 1181 1438 pax
1203 1386 1320 1421 recta
1340 1396 1349 1422 :
1371 1391 1463 1421 non

66 1457 213 1492 tamen
236 1447 354 1492 aliud
377 1463 428 1492 ex
450 1448 532 1492 alia
554 1457 733 1503 natura,
755 1448 859 1508 quia
891 1463 944 1492 ex
965 1448 1142 1493 homine
1169 1446 1284 1492 facta
1305 1447 1463 1492 mulier

66 1519 175 1564 viro.
207 1521 319 1564 Caro
349 1528 426 1563 tua
445 1553 456 1575 ,
491 1520 650 1579 conjux
673 1529 747 1563 tua
766 1554 777 1574 ,
802 1517 968 1563 famula
1004 1527 1107 1578 tua3
1138 1517 1370 1579 quodlibet
1389 1517 1464 1562 de-

66 1599 196 1648 puta,
223 1605 332 1649 opus
349 1598 414 1634 est
430 1598 481 1634 ut
501 1590 703 1649 subjicias
731 1608 739 1634 :
761 1589 840 1633 etsi
860 1604 1027 1649 pugnas
1042 1624 1053 1644 ,
1074 1599 1125 1634 ut
1138 1590 1275 1650 prosit
1293 1604 1459 1649 pugna.

67 1662 161 1714 Hoc
183 1661 299 1716 enim
311 1659 505 1720 expedit,
526 1650 706 1704 inferius
724 1659 880 1719 subjici
893 1660 1107 1719 superiori
1127 1678 1136 1704 ι
1157 1669 1207 1703 ut
1226 1669 1270 1704 et
1290 1659 1364 1703 ille
1385 1658 1462 1719 qui

67 1730 150 1785 sibi
172 1730 326 1791 subjici
347 1729 444 1782 vult
464 1729 586 1792 quod
607 1738 672 1774 est
693 1727 874 1773 inferius
891 1745 951 1785 se,
972 1730 1228 1790 subjiciatur
1251 1729 1463 1790 superiori

68 1817 127 1851 se.
149 1805 348 1860 Agnosce
373 1801 572 1847 ordinem
593 1836 604 1856 ,
621 1817 769 1862 quaere
790 1816 958 1861 pacem.
987 1804 1052 1845 Tu
1075 1805 1165 1846 Deo
1180 1837 1191 1857 ,
1232 1801 1313 1846 tibi
1343 1815 1459 1844 caro.

70 1871 184 1925 Quid
213 1873 372 1933 justius
387 1875 405 1914 ’ἶ
429 1873 537 1933 quid
568 1872 818 1933 pulchrius?
852 1876 917 1917 Tu
956 1874 1135 1934 majori,
1176 1875 1320 1918 minor
1342 1872 1423 1917 tibi
1450 1891 1460 1917 ε

70 1943 181 1986 servi
205 1953 255 1987 tu
291 1944 330 1987 ei
360 1944 436 2003 qui
471 1943 572 1988 fecit
593 1953 635 1988 te
653 1978 664 1998 ‚
702 1953 750 1987 ut
772 1944 854 1987 tibi
876 1944 1032 1989 serviat
1054 1943 1176 2004 quod
1206 1943 1371 1988 factum
1400 1951 1465 1988 est

21 2049 25 2055 .
71 2022 248 2073 propter
269 2023 327 2057 te.
343 2017 441 2060 Non
459 2015 573 2058 enim
590 2015 709 2059 hunc
727 2013 928 2058 ordinem
941 2014 1157 2071 novimus,
1183 2030 1327 2075 neque
1344 2015 1464 2058 hunc

72 2083 268 2128 ordinem
284 2083 658 2140 commendamus,
672 2084 767 2128 Tibi
783 2100 881 2129 caro
893 2093 936 2128 et
950 2088 1015 2128 Tu
1033 2088 1122 2129 Deo
1139 2103 1147 2129 :
1164 2084 1255 2140 sed,
1276 2087 1340 2128 Tu
1353 2087 1460 2140 Deo,

72 2164 116 2199 et
140 2155 234 2198 Tibi
253 2170 368 2199 caro.
395 2155 437 2199 Si
455 2165 602 2199 autem
623 2156 866 2199 contemnis
890 2158 955 2199 Tu
972 2158 1060 2199 Deo
1078 2189 1089 2211 ,
1115 2140 1343 2216 nunquar‘n
1363 2155 1463 2198 essi-

72 2225 156 2269 cies
180 2235 229 2269 ut
252 2225 349 2269 Tibi
371 2241 486 2269 οπο.
507 2223 592 2279 Qui
610 2241 699 2269 non
722 2225 995 2284 obtemperas
1011 2226 1196 2270 Domino
1212 2261 1222 2281 ,
1250 2225 1465 2285 torqueris

73 2313 98 2341 a
110 2313 248 2342 servo.
266 2296 492 2357 Numquid
507 2297 541 2341 si
558 2313 647 2342 non
660 2297 779 2356 prius
795 2300 858 2341 Tu
873 2300 977 2352 Deo,
994 2306 1044 2341 ut
1057 2297 1216 2342 deinde
1231 2297 1327 2341 Tibi
1345 2313 1462 2351 caro,

75 2370 235 2428 poteris
270 2369 414 2413 dicere
449 2369 544 2413 haec
581 2369 742 2423 verba,
773 2388 792 2411 «
819 2369 1080 2414 Benedictus
1117 2370 1327 2413 Dominus
1351 2371 1464 2412 Deus

77 2457 98 2481 »
134 2455 276 2495 meus,
302 2440 378 2500 qui
399 2438 529 2484 docet
570 2454 726 2483 manus
755 2455 872 2485 meas
893 2439 941 2483 in
971 2439 1195 2499 praelium,
1229 2448 1274 2483 et
1308 2437 1465 2497 digitos

79 2527 100 2552 »
135 2525 253 2555 meos
275 2509 331 2554 ad
353 2509 545 2554 bellum?
571 2528 590 2551 »
614 2508 806 2555 Praeliari
837 2510 901 2555 vis
928 2510 1154 2566 indoctus,
1189 2507 1465 2554 damnaberis

125 2601 134 2618 ¹
156 2598 246 2629 Rom.
265 2605 332 2637 vm,
355 2606 394 2628 10
418 2599 534 2638 etseq.
