1815 3253
356 234 440 272 412
778 242 812 271 s.
849 243 1080 273 AUGUSTINI
1111 246 1292 274 EPISCOPI

354 310 410 355 ad
431 325 548 366 eam,
569 319 612 354 et
633 325 789 370 pravus
811 310 1023 355 invenior.
1055 329 1074 352 «
1098 313 1162 357 Ne
1184 312 1317 354 intres
1340 310 1384 353 in
1401 309 1617 370 judicium
1634 322 1736 352 cum

356 401 376 423 »
413 397 535 426 servo
559 391 651 426 tuo.
681 401 700 423 »
731 385 872 437 Bene,
902 401 922 424 «
947 383 1060 427 Cum
1093 397 1215 427 servo
1238 391 1330 426 tuo.
1370 398 1391 422 »
1419 379 1654 439 Indignum,
1675 388 1740 425 est

354 452 430 497 tibi
452 468 553 497 cum
575 469 697 497 servo
718 463 795 498 tuo
816 453 978 498 intrare
1005 453 1051 497 in
1068 453 1307 513 judicium,
1328 466 1409 496 nec
1431 451 1612 512 quidem
1634 466 1739 496 cum

351 522 489 568 amico
510 532 622 567 tuo.
648 524 774 584 quia,
806 543 825 566 «
847 523 980 568 Vobis
993 522 1090 567 dico
1113 523 1258 567 amicis
1276 522 1380 566 meis
1396 525 1409 548 1
1428 557 1439 577 ,
1464 539 1484 562 »
1504 537 1595 566 non
1616 520 1755 565 dice-

351 609 438 649 res,
468 593 549 638 nisi
580 609 630 638 ex
656 594 785 638 servis
815 593 974 638 amicos
1003 602 1052 637 tu
1080 593 1168 650 ipse
1194 592 1377 638 fecisses.
1407 595 1472 636 Tu
1500 592 1602 636 licet
1622 590 1739 636 dicas

352 665 565 720 amicum,
591 680 671 723 ego
693 665 904 709 confiteor
925 679 1112 708 servum.
1137 662 1430 708 Misericordia
1447 661 1645 721 indigeo,
1670 662 1743 707 fu·
1785 699 1788 706 .
1812 711 1815 719 r

352 734 509 794 gitivus
532 734 683 790 redeo,
700 750 850 795 pacem
866 750 1032 796 quaero,
1057 750 1145 779 non
1163 750 1259 778 sum
1277 733 1435 793 dignus
1457 727 1601 778 vocari
1622 731 1739 777 filius
1767 713 1815 792 mlvii

350 808 496 848 tuus‘2.
522 824 542 846 «
574 807 636 850 Ne
669 805 802 849 intres
823 805 868 849 in
887 804 1102 866 judicium
1131 820 1232 849 cum
1250 820 1373 849 servo
1399 813 1475 848 tuo
1497 825 1507 861 3
1532 803 1739 864 quoniam
1768 784 1813 887 {Te

354 894 374 917 »
410 892 499 920 non
514 876 826 936 justificabitur
843 876 888 920 in
908 885 1145 936 conspectu
1166 885 1244 920 tuo
1261 876 1402 920 omnis
1431 874 1595 919 vivens,
1625 877 1740 918 Ante
1785 854 1815 883 Μ’

1758 931 1759 934 ’
1769 925 1815 970 ιιιρι

353 966 373 988 n
409 956 595 991 mortem
626 963 680 990 ne
704 946 853 990 laudes
882 947 1104 991 hominem
1133 948 1461 1007 quemquam3:
1503 964 1522 986 »
1549 945 1740 988 Omnino
1758 969 1813 1026 i'hu

831 1087 838 1094 .
871 1087 878 1094 .
1387 1086 1395 1094 .
1538 1085 1545 1092 .
1673 1084 1681 1092 .
1757 1063 1815 1104 Mel

349 1087 403 1131 de
431 1102 619 1148 quorum
646 1087 766 1146 prole
797 1086 956 1131 dicitur
983 1106 991 1130 :
1028 1107 1047 1129 «
1079 1087 1244 1132 Afferte
1274 1091 1459 1131 Domino
1487 1085 1598 1129 filios
1625 1100 1760 1129 arle-

353 1176 372 1198 »
411 1167 503 1201 tum
518 1159 567 1201 4?
591 1176 611 1199 ι)
647 1161 710 1201 Ex
736 1158 800 1201 his
830 1156 990 1201 Paulus
1015 1166 1098 1211 cst,
1124 1158 1200 1217 qui
1223 1157 1327 1201 dicit
1348 1173 1437 1201 non
1458 1171 1501 1199 se
1524 1171 1614 1200 esse
1635 1171 1736 1215 pel·
1759 1180 1761 1207 2

350 1228 513 1271 fectum
542 1247 550 1272 :
581 1247 600 1269 «
626 1230 722 1272 Non
741 1227 841 1287 quia
858 1229 947 1286 jam
971 1228 1227 1286 acceperim,
1253 1227 1412 1287 inquit,
1434 1235 1509 1270 aut
1524 1227 1613 1286 jam
1636 1241 1736 1285 per-

353 1316 373 1338 »
410 1296 547 1341 fectus
569 1298 647 1341 sim
664 1300 693 1341 ⁵,
713 1316 732 1338 »
762 1298 955 1357 Denique
972 1332 982 1351 ,
1005 1296 1172 1350 fratres,
1198 1306 1247 1341 ut
1263 1298 1349 1341 cito
1371 1297 1630 1354 agnoscatis,
1657 1296 1799 1363 ipsi
1760 1317 1762 1336 ι

350 1366 598 1411 didicerunt
625 1383 746 1412 orare
768 1367 887 1428 quod
911 1383 1083 1412 oramus
1102 1403 1112 1422 ,
1137 1367 1237 1426 ipsis
1260 1366 1359 1410 data
1383 1376 1446 1411 est
1468 1365 1616 1425 regula
1637 1382 1737 1426 pos·
1760 1395 1763 1420 ι

353 1437 542 1493 tulandi,
569 1454 592 1481 a
614 1438 870 1497 Jurisperito
898 1436 1078 1482 coelesti.
1109 1456 1128 1478 «
1157 1437 1223 1481 Sic
1247 1438 1415 1490 oratess,
1441 1436 1601 1496 inquit.
1627 1455 1646 1478 »
1680 1439 1737 1481 Et
1760 1443 1762 1446 ⁴
1810 1448 1813 1452 ’

349 1524 447 1551 cum
472 1507 672 1567 quaedam
697 1507 983 1566 preemisisset,
1002 1507 1146 1566 posuit
1173 1517 1216 1550 et
1232 1507 1315 1550 hoc
1338 1515 1388 1550 ut
1409 1505 1604 1550 dicerent
1625 1506 1736 1550 arie-

349 1587 411 1621 tes
435 1579 589 1633 nostri,
621 1577 754 1631 duces
775 1578 943 1632 ovium,
976 1586 1019 1621 et
1051 1577 1267 1636 praecipua
1298 1576 1496 1620 membra
1520 1576 1732 1631 Pastoris,
1762 1609 1763 1612 ι

348 1657 391 1691 et
412 1649 733 1707 congregatoris
751 1648 879 1691 unius
902 1648 1038 1705 gregis
1056 1667 1063 1691 :
1081 1647 1158 1706 ipsi
1182 1646 1431 1702 didicerunt
1450 1647 1613 1701 dicere,
1635 1665 1654 1688 «
1667 1647 1738 1689 Di·
1762 1689 1764 1700 ‚

351 1736 372 1760 »
407 1719 531 1762 mitte
553 1718 676 1761 nobis
705 1717 852 1761 debita
875 1726 1019 1761 nostra
1035 1753 1045 1772 ,
1072 1718 1183 1761 sicut
1204 1727 1247 1761 et
1276 1733 1354 1761 nos
1376 1717 1634 1760 dimittimus
1655 1716 1735 1760 de·
1762 1753 1765 1775 ι

351 1807 371 1829 »
408 1789 620 1833 bitoribus
654 1789 851 1832 nostris⁷.
880 1807 899 1830 »
935 1791 1032 1833 Non
1063 1787 1266 1831 dixerunt
1291 1808 1299 1832 z
1335 1788 1501 1832 Gratias
1528 1787 1604 1831 tibi
1624 1822 1634 1842 ,
1660 1788 1735 1847 qui
1762 1797 1765 1842 ζ

348 1860 545 1904 dimisisti
568 1861 693 1905 nobis
716 1861 862 1904 debita
884 1869 1029 1904 nostra
1049 1895 1059 1914 ,
1086 1860 1198 1903 sicut
1215 1870 1256 1904 et
1275 1875 1353 1903 nos
1376 1859 1632 1903 dimittimus
1654 1859 1733 1902 de-

348 1932 563 1975 bitoribus
585 1932 753 1986 nostris,
779 1930 870 1985 sed,
887 1930 1080 1985 Dimitte,
1107 1930 1218 1974 sicut
1241 1929 1514 1974 dimittimus.
1540 1930 1735 1974 orabant

348 2011 492 2046 autem
517 2002 771 2062 utiquejam
791 2001 962 2055 fideles,
991 2003 1145 2062 utique
1161 2004 1248 2062 jam
1272 2001 1467 2060 Apostoli
1496 2021 1504 2046 ι
1534 2017 1633 2045 nam
1655 2002 1734 2046 ista

348 2073 486 2117 oratio
508 2073 732 2117 Dominica
754 2073 889 2132 magis
914 2073 1115 2116 fidelibus
1138 2072 1281 2116 datur.
1311 2073 1351 2117 Si
1371 2072 1516 2115 debita
1542 2072 1613 2116 illa
1638 2082 1734 2116 tan-
1763 2103 1767 2119 «.

349 2143 577 2187 tummodo
600 2143 849 2187 dicerentur
868 2177 878 2196 ,
917 2159 1015 2202 quse
1039 2158 1114 2202 per
1129 2142 1389 2202 baptismum
1414 2142 1695 2186 dimittuntur
1720 2162 1728 2187 ε

349 2213 669 2258 catechumenis
692 2213 1099 2270 congrueretmagis
1115 2228 1251 2266 orare,
1274 2212 1484 2256 «Dimitte
1507 2213 1631 2257 nobis
1653 2213 1732 2257 de—

351 2300 370 2322 »
388 2282 476 2325 bita
492 2291 681 2326 nostra.»
699 2283 848 2326 Dicant
861 2296 960 2339 crgo
977 2282 1189 2342 Apostoli,
1208 2282 1369 2335 dicant,
1381 2301 1400 2324 «
1416 2282 1593 2326 Dimitte
1608 2282 1732 2326 nobis
1766 2311 1768 2319 ›

353 2372 371 2394 »
389 2351 536 2396 debita
558 2361 701 2396 nostra
717 2387 727 2407 ,
763 2353 872 2396 sicut
896 2362 938 2395 et
956 2368 1033 2395 nos
1061 2352 1316 2396 dimittimus
1341 2352 1609 2396 debitoribus
1631 2369 1732 2396 nos-

397 2526 404 2541 ¹
427 2521 505 2551 Luc.
524 2531 579 2559 xn,
601 2518 631 2560 4
658 2536 695 2541 --
719 2526 731 2541 2
751 2520 796 2551 ld.
814 2531 869 2560 xv,
888 2528 940 2550 αι.
958 2536 999 2542 --
1020 2517 1032 2540 3
1052 2519 1149 2550 Ecoli.
1172 2531 1215 2560 xi,
1236 2519 1287 2551 30.
1310 2537 1350 2542 —
1368 2517 1382 2542 l.
1404 2520 1481 2551 psal.
1504 2530 1617 2561 Ὴνιιῐ,
1642 2531 1670 2552 1.
1688 2536 1727 2542 -->

352 2573 1034 2617 ⁵1‘1151ip.=11,12.—-⁴31i1atih.w,9.—
1053 2582 1066 2607 7
1094 2575 1171 2606 ΙΙιΜ.
1199 2584 1246 2606 19..
