1815 3253
397 220 639 249 ENARRA'HO
671 223 714 249 IN
748 220 951 249 PsALMUM
983 221 1099 248 CXXX.
1363 204 1443 246 167

65 297 148 333 tem
171 287 300 331 etiam
319 286 530 346 templum
548 287 649 341 Dei,
675 287 731 330 de
752 302 841 346 quo
854 286 958 330 dicit
981 285 1215 345 Apostolus
1230 319 1241 339 ,
1270 303 1290 326 «
1317 287 1448 328 Tem-

67 377 88 401 »
123 357 242 417 plum
267 357 383 400 enim
400 357 477 401 Dei
494 365 689 401 sanctum
713 366 801 412 est,
827 355 947 416 quod
971 356 1070 400 estis
1096 357 1194 399 vos¹
1216 374 1225 399 :
1253 373 1273 396 »
1300 369 1451 399 omnes

65 428 139 489 qui
161 426 346 472 credunt
362 428 406 470 in
429 427 649 472 Christum
666 462 676 482 ‚
702 436 746 471 et
767 427 827 472 sic
847 426 1032 471 credunt
1058 435 1108 470 ut
1129 424 1328 484 diligant.
1356 427 1450 469 Hoc

65 507 129 543 est
161 498 276 541 enim
312 497 487 542 credere
510 498 556 541 in
579 498 822 552 Christum,
859 496 1038 555 diligere
1074 495 1296 540 Christum
1324 514 1333 539 ε
1362 509 1453 538 non

67 568 287 629 quomodo
326 568 545 612 daemones
580 568 861 622 credebant2,
886 567 962 611 sed
1000 581 1090 610 non
1121 565 1384 625 diligebant3
1410 573 1454 608 et

66 638 163 683 ideo
185 639 379 698 quamvis
401 638 882 693 crederent‚dicebant‚
907 636 1053 690 «Quid
1076 637 1202 680 nobis
1219 645 1262 679 et
1276 635 1353 679 tibi
1371 643 1450 690 est,

69 726 89 750 »
126 708 209 752 Fili
233 709 359 752 Deiss?
385 727 404 749 »
430 711 515 753 Nos
536 718 681 752 autem
703 708 763 751 sie
780 707 1025 761 credamus,
1046 716 1097 750 ut
1120 707 1166 750 in
1194 707 1336 765 ipsum
1358 720 1455 750 cre-

67 777 243 833 damus,
267 777 496 836 diligentes
513 794 629 834 eum,
646 788 689 822 et
701 794 790 822 non
804 778 1020 832 dicamus,
1041 776 1158 831 Quid
1174 777 1300 821 nobis
1319 785 1361 820 et
1378 776 1457 820 tibi

67 850 158 892 est?
175 848 250 891 sed
269 847 462 892 dicamus
479 851 646 908 potius,
673 850 741 894 Ad
762 859 802 893 te
831 850 1097 908 pertinemus
1113 884 1123 903 ‚
1150 858 1201 893 tu
1224 855 1303 892 nos
1332 847 1458 891 rede-

69 918 198 962 misti.
224 919 385 961 Onmes
403 933 505 976 ergo
523 919 599 978 qui
621 920 680 963 sic
707 919 892 964 credunt
907 954 918 974 ‚
938 928 1147 979 tanquam
1170 918 1336 978 lapides
1356 927 1459 962 sunt

68 988 171 1042 vivi,
183 987 237 1031 de
256 987 415 1048 quibus
439 988 650 1047 templum
661 991 735 1032 Dei
752 988 994 1032 aedificatur
1005 991 1019 1013 4
1032 1010 1043 1046 3
1058 999 1101 1032 et
1114 998 1324 1048 tanquam
1341 988 1459 1046 ligna

0 1076 3 1103 l
69 1057 374 1117 imputribilia,
398 1075 449 1101 ex
466 1057 624 1118 quibus
646 1074 743 1101 arca
772 1058 844 1101 illa
867 1068 1093 1117 compacta
1119 1067 1209 1113 est,
1235 1057 1311 1117 qui
1330 1058 1376 1100 in
1393 1056 1461 1100 di-

69 1127 189 1173 luvio
203 1129 338 1187 mergi
361 1144 451 1172 non
474 1129 617 1188 potuit
632 1131 663 1172 ⁵.
691 1131 785 1173 Hoc
807 1139 950 1172 autem
970 1128 1184 1188 templum
1199 1137 1287 1184 est,
1313 1128 1357 1171 id
1380 1137 1460 1183 est,

43 1217 46 1221 ·
71 1200 149 1259 ipsi
171 1200 472 1254 homines‚ul)i
497 1209 671 1257 rogatur
694 1203 824 1254 Deus‚
843 1208 885 1243 et
909 1199 1099 1243 exaudit.
1128 1199 1328 1259 Quisquis
1346 1198 1464 1243 enim

70 1278 224 1330 praeter
246 1269 458 1329 templum
469 1270 544 1314 Dei
563 1271 749 1314 oraverit
760 1276 1011 1324 Deum‚non
1027 1269 1256 1314 exauditur
1278 1269 1333 1314 ad
1346 1268 1465 1313 illam

69 1355 218 1399 pacem
233 1356 432 1399 supernae
451 1340 706 1395 Jerusalem,
719 1340 798 1384 etsi
817 1340 1046 1384 exauditur
1059 1339 1114 1384 ad
1127 1339 1330 1400 quaedam
1353 1349 1467 1383 tem-

68 1411 252 1470 poralia,
274 1428 373 1471 quae
392 1415 506 1456 Deus
529 1420 573 1456 et
590 1412 769 1469 Paganis
787 1411 980 1456 donavit.
1008 1415 1118 1457 Nam
1140 1422 1184 1456 et
1204 1412 1285 1471 ipsi
1302 1411 1466 1455 daemo-

69 1496 144 1525 nes
172 1482 363 1526 exauditi
387 1491 509 1536 sunt,
534 1492 583 1526 ut
599 1482 714 1526 irent
731 1482 777 1525 in
799 1484 996 1541 porcosfi.
1025 1481 1232 1525 Exaudiri
1256 1483 1311 1526 ad
1331 1482 1465 1525 vitam

69 1561 275 1597 aeternam
309 1552 429 1596 aliud
451 1563 535 1608 est,
567 1568 648 1597 nec
685 1552 943 1597 'conceditur
965 1553 1047 1596 nisi
1067 1553 1106 1595 ei
1127 1552 1204 1612 qui
1232 1552 1277 1595 in
1301 1552 1466 1612 templo

69 1623 146 1667 Dei
167 1632 275 1667 orat.
300 1622 380 1667 Ille
407 1633 553 1667 autem
582 1624 626 1667 in
648 1623 815 1683 templo
841 1623 919 1668 Dei
939 1632 1053 1679 orat,
1078 1624 1155 1684 qui
1176 1633 1271 1668 orat
1291 1623 1337 1667 in
1359 1639 1467 1683 pace

70 1692 294 1748 Ecclesiae,
326 1693 371 1736 in
389 1694 555 1737 unitate
574 1694 766 1752 corporis
781 1693 970 1749 Christi,
996 1693 1118 1754 quod
1132 1710 1288 1754 corpus
1305 1695 1467 1738 Christi

70 1773 240 1808 constat
258 1779 308 1806 ex
338 1762 485 1807 multis
519 1763 800 1808 credentibus
823 1765 869 1808 in
889 1773 982 1809 toto
1012 1765 1117 1808 orbe
1148 1774 1360 1809 terrarum
1388 1784 1398 1809 ι
1423 1775 1467 1809 et

71 1834 169 1877 ideo
203 1833 431 1877 exauditur
451 1869 461 1888 ‚
494 1835 570 1894 qui
594 1843 688 1878 orat
713 1835 759 1878 in
786 1834 967 1894 templo.
998 1838 1095 1894 Ipse
1130 1836 1247 1879 enim
1288 1845 1383 1879 orat
1419 1835 1467 1879 in

72 1905 225 1963 spiritu
246 1913 290 1947 et
308 1905 509 1959 veritate,
536 1905 612 1965 qui
628 1915 722 1949 orat
745 1906 791 1949 in
812 1921 917 1965 pace
936 1905 1190 1964 Ecclesiae⁷3
1216 1922 1305 1950 non
1328 1906 1374 1949 in
1391 1905 1468 1950 illo

72 1974 256 2033 templo,
283 1975 360 2018 ubi
387 1976 525 2034 figura
544 1985 650 2020 erat.

130 2047 188 2088 Il.
212 2045 461 2089 Secundum
485 2046 672 2104 figuram
691 2045 806 2089 enim
834 2047 1044 2090 Dominus
1071 2045 1255 2090 exclusit
1271 2046 1470 2090 homines

71 2113 126 2158 de
150 2114 310 2174 templo
326 2151 336 2170 ‚
362 2115 457 2160 illos
479 2117 555 2176 qui
577 2133 651 2160 sua
674 2116 931 2177 quaerebant
951 2153 961 2169 ‚
978 2117 1023 2160 id
1042 2127 1106 2161 est
1126 2153 1136 2171 ‚
1162 2126 1342 2176 propter
1360 2133 1468 2161 ven-

71 2183 264 2228 dendum
283 2195 326 2229 et
348 2189 585 2230 emendum
606 2188 730 2230 ibant
753 2187 797 2229 in
817 2187 1074 2246 templumss.
1097 2187 1138 2232 Si
1162 2197 1306 2231 autem
1326 2188 1467 2246 figura

71 2265 162 2299 erat
180 2254 292 2299 illud
316 2256 545 2315 templum,
563 2258 843 2301 manifestum
858 2267 921 2301 est
934 2259 1035 2317 quia
1051 2267 1094 2302 et
1111 2273 1269 2317 corpus
1285 2259 1462 2314 Christi,

71 2326 190 2385 quod
223 2336 287 2370 est
307 2342 456 2370 verum
496 2327 710 2387 templum
727 2363 738 2383 ⁷
764 2329 888 2388 cujus
920 2328 994 2372 illa
1022 2329 1165 2388 imago
1184 2339 1305 2385 erat,
1329 2330 1466 2374 habet

121 2447 128 2463 ¹
149 2453 161 2472 1
191 2443 263 2474 Cor.
292 2452 352 2481 ιιι,
375 2453 424 2483 ¹7·
446 2459 487 2464 —
508 2449 520 2464 ²
536 2442 649 2474 Jacob.
671 2454 716 2481 n,
741 2455 792 2487 ¹9·
814 2461 855 2466 —
878 2442 891 2466 3
919 2444 1033 2476 Matth.
1063 2456 1121 2477 vni
1137 2471 1145 2487 ‚
1163 2454 1218 2487 29.
1243 2462 1285 2468 -
1303 2444 1320 2475 4
1341 2457 1353 2477 1
1376 2447 1465 2477 Petr.

72 2508 106 2538 n,
138 2498 168 2529 5.
190 2515 231 2521 —
251 2496 267 2521 ⁵
292 2500 370 2531 Gen.
401 2497 523 2540 v1‚14.
550 2516 593 2522 -—
611 2497 626 2521 ⁶
648 2499 763 2532 Matth.
790 2511 864 2542 vm,
894 2500 948 2533 32.
973 2518 1015 2524 --
1034 2509 1048 2534 7
1070 2504 1162 2535 Joan.
1183 2512 1226 2544 iv,
1245 2501 1300 2544 24.
1319 2518 1362 2525 -
1379 2500 1395 2524 8
1414 2503 1464 2536 Id.

74 2563 117 2594 11,
145 2552 196 2585 15.
