1815 3253
389 236 474 276 316
708 267 711 271 >
745 252 747 255 ·
823 247 859 276 s.
894 246 1123 278 AUGUSTIM
1154 249 1335 278 EPISCOPI

387 328 485 357 mus
509 327 688 372 pennas,
706 321 749 357 et
764 312 926 359 fuimus
941 315 1133 374 quodam
1149 314 1280 359 modo
1302 315 1503 375 captivati
1520 315 1567 359 in
1589 318 1767 377 aucupis

387 392 602 443 potestate
622 404 631 429 :
648 384 750 428 inde
772 400 850 429 nos
872 386 1081 444 sanguine
1102 401 1180 430 suo
1197 385 1403 441 redemit,
1423 401 1555 446 quem
1576 385 1767 446 fugimus

387 463 438 498 ut
473 469 740 514 caperemur.
781 456 927 501 Nutrit
960 454 1086 500 nobis
1118 471 1281 515 pennas
1313 456 1367 500 de
1388 457 1614 516 praeceptis
1636 458 1721 502 suis
1754 477 1780 504 :

379 516 593 584 'erigimus
615 541 683 569 eas
699 527 790 585 jam
812 527 902 571 sine
920 528 1050 571 visco.
1075 529 1172 572 Non
1187 542 1377 571 amemus
1392 542 1531 583 mare,
1554 526 1629 572 scd
1649 527 1768 573 vole-

387 611 483 640 mus
505 595 551 639 in
568 605 756 641 extrema
778 597 923 641 maris.
943 599 1081 643 Nemo
1103 597 1315 657 trepidet,
1342 597 1417 642 sed
1435 613 1565 643 nemo
1582 597 1637 643 de
1657 613 1778 660 pen-

388 667 454 710 nis
475 667 560 710 suis
581 676 814 726 praesumat
840 687 849 712 ε
875 668 976 728 quia
998 677 1041 712 et
1068 677 1280 728 pennatos
1298 668 1378 712 nisi
1395 668 1485 727 ipse
1502 669 1636 727 erigat
1651 704 1662 724 ,
1687 669 1777 715 nisi
1795 708 1815 738 ml

389 736 479 795 ipse
501 735 690 781 deducat
709 772 720 792 ‚
745 737 1115 797 praecipitabimur
1141 739 1186 782 in
1207 737 1426 798 profunda
1449 739 1602 792 maris,
1627 739 1777 783 lassati
1793 763 1815 809 &a

388 815 431 850 et
459 804 655 863 fatigati,
688 807 812 867 quasi
839 817 1149 867 praesumentes
1182 807 1236 852 de
1259 808 1422 853 viribus
1444 808 1615 853 nostris.
1649 810 1749 868 Opu

388 891 491 935 ergo
513 885 576 921 est
598 885 648 921 ut
668 877 908 922 habeamus
937 893 1099 938 pennas
1117 914 1128 935 ‚
1154 888 1198 923 et
1219 893 1328 939 opus
1351 888 1414 923 est
1435 888 1485 923 ut
1507 879 1598 939 ipse
1627 879 1769 923 dedu-

387 956 457 991 cat
486 966 495 991 ε
521 946 694 1008 adjutor
725 949 840 993 enim
875 959 1020 994 noster
1051 959 1130 995 est.
1169 949 1390 994 Habemus
1425 949 1612 993 liberum
1653 950 1769 994 arbi-

388 1021 521 1065 trium
553 1040 561 1066 :
588 1020 663 1065 sed
689 1021 763 1067 illo
787 1023 881 1083 ipso
909 1023 1048 1068 libero
1076 1023 1254 1068 arbitrio
1275 1032 1489 1083 quantum
1512 1039 1738 1082 possumus
1756 1059 1767 1078 ,
1793 1048 1815 1093 *ffb

390 1092 467 1136 nisi
487 1108 564 1137 nos
589 1094 765 1153 adjuvet
782 1094 851 1137 ille
875 1095 950 1154 qui
967 1094 1125 1154 jubet?
1149 1113 1169 1136 «
1194 1094 1369 1138 Etenim
1391 1093 1494 1138 illuc
1520 1109 1673 1138 manus
1697 1104 1768 1138 tua

391 1180 412 1203 »
447 1161 634 1207 deducet
649 1179 718 1206 me
735 1199 746 1218 ,
767 1173 810 1207 et
827 1162 1016 1208 adducet
1037 1180 1107 1208 me
1129 1164 1302 1208 dextera
1320 1173 1410 1208 tua.
1434 1183 1452 1205 »

447 1234 567 1277 XIV.
607 1236 663 1277 Et
698 1234 975 1278 considerans
1004 1234 1370 1294 longinquitatem
1406 1235 1486 1279 viae
1500 1269 1511 1289 ‚
1548 1233 1654 1295 quid
1691 1234 1771 1278 sibi

389 1301 530 1347 dixit?
560 1321 578 1345 «
598 1296 655 1347 Et
676 1302 762 1347 dixi
783 1323 791 1348 :
822 1307 1020 1348 Fortasse
1042 1305 1239 1349 tenebrae
1265 1304 1585 1349 conculcabunt
1606 1306 1716 1349 me1.
1746 1323 1772 1346 >1
1792 1334 1795 1344 ,

389 1376 501 1417 Ecce
526 1374 641 1417 enim
659 1375 750 1435 jam
785 1373 950 1419 credidi
978 1375 1024 1419 in
1046 1375 1268 1420 Christum
1286 1410 1296 1430 ‚
1313 1376 1404 1435 jam
1432 1375 1573 1434 erigor
1604 1374 1754 1419 duabu

389 1443 465 1487 alis
488 1444 671 1503 geminae
688 1445 922 1501 charitatis,
949 1455 992 1490 et
1011 1445 1207 1489 abundat
1224 1446 1430 1506 iniquitas
1454 1446 1582 1506 hujus
1599 1444 1744 1489 saeculi
1761 1467 1764 1473 ¹

388 1523 431 1558 et
447 1515 654 1574 quoniam
678 1515 917 1560 abundavit
940 1516 1144 1576 iniquitas
1163 1551 1173 1571 ‚
1200 1515 1438 1574 refrigescit
1456 1516 1640 1561 charitas
1661 1515 1764 1559 mul·

388 1593 549 1629 torum.
581 1586 648 1630 Sic
673 1585 778 1630 dixit
796 1587 1005 1631 Dominus
1025 1606 1033 1631 :
1056 1606 1075 1628 «
1099 1586 1315 1640 Quoniam
1339 1586 1584 1630 abundabit
1614 1586 1764 1646 iniqui

392 1674 412 1697 »
449 1665 511 1699 tas
527 1692 537 1711 ,
571 1656 818 1715 refrigescet
838 1657 1021 1701 charitas
1042 1657 1282 1701 multorum
1300 1660 1332 1700 ².
1355 1676 1372 1698 »
1391 1659 1443 1700 ln
1458 1656 1537 1701 ista
1553 1656 1641 1701 vita
1662 1651 1775 1701 inte1

389 1735 508 1770 tanta
531 1728 752 1782 scandala,
773 1728 885 1771 inter
910 1736 995 1771 tam
1009 1726 1148 1771 multa
1166 1735 1369 1786 peccata,
1392 1727 1506 1770 inter
1528 1735 1669 1771 tantas
1687 1735 1759 1771 tur

390 1796 467 1839 bas
489 1796 842 1856 quotidianarum
868 1797 1189 1852 tentationum5
1214 1796 1568 1856 quotidianarum
1598 1810 1771 1855 sugges·

390 1867 560 1910 tionum
584 1866 795 1911 malarum
811 1902 822 1923 ‚
861 1866 969 1924 quid
997 1865 1134 1922 facio,
1165 1866 1337 1927 inquit?
1367 1865 1599 1920 Quomodo
1620 1882 1770 1926 perve-

390 1938 507 1982 niam
540 1938 594 1984 ad
628 1948 817 1983 extrema
854 1938 1012 1999 maris?
1043 1936 1186 1983 Audio
1223 1937 1473 1982 terribiliter
1496 1954 1519 1982 a
1549 1938 1736 1982 Domino
1766 1951 1771 1998 ζ

394 2028 414 2051 «
450 2009 662 2061 Quoniam
686 2008 929 2053 abundabit
950 2008 1170 2068 iniquitas,
1193 2008 1442 2066 refrigescet
1463 2008 1652 2051 charitas
1666 2023 1739 2051 mu
1767 2004 1771 2024 ⁷

394 2311 414 2334 »
446 2308 532 2336 nox
552 2291 811 2336 illuminatio
833 2292 877 2336 in
903 2290 1067 2336 deliciis
1095 2291 1214 2335 meis.
1247 2309 1267 2332 »
1295 2294 1426 2335 Facta
1460 2300 1523 2335 est
1552 2291 1658 2334 mihi
1691 2271 1815 2369 110·qu

390 2364 652 2408 illuminatio
682 2382 691 2408 ε
716 2363 818 2424 quia
850 2364 895 2407 in
917 2372 1044 2407 nocte
1065 2378 1135 2407 me
1157 2362 1485 2423 desperaveram
1507 2377 1630 2422 posse
1655 2371 1774 2406 trau
1787 2396 1815 2439 p

392 2436 474 2480 sire
494 2444 665 2479 tantum
684 2450 801 2478 mare
817 2469 827 2485 ‚
854 2443 896 2478 et
915 2443 1082 2478 tantam
1103 2434 1214 2478 viam
1233 2448 1434 2493 superare
1451 2469 1460 2487 ‚
1488 2442 1531 2477 et
1551 2434 1698 2477 venire
1721 2449 1779 2487 ξιιμΙ
1801 2415 1815 2442 H'

392 2515 633 2551 extremum
656 2504 969 2566 perseverando
991 2519 1130 2565 usque
1161 2504 1205 2547 in
1227 2504 1376 2547 finem.
1409 2502 1573 2547 Gratias
1607 2502 1669 2547 illi
1698 2516 1757 2595 qu¹

443 2598 451 2614 ¹
470 2591 550 2624 psal.
575 2601 726 2632 oxxxvrn,
750 2601 800 2623 11.
822 2607 863 2612 —
885 2596 897 2613 ²
916 2588 1030 2622 Manli.
1051 2599 1139 2631 xxiv,
1158 2598 1209 2620 12.
1231 2604 1271 2610 —
1291 2585 1304 2612 3
1325 2586 1406 2620 lbm.
1431 2587 1480 2618 13.
