1815 3253
345 243 430 284 444
772 260 805 287 s.
841 257 1072 288 Auens-run
1102 260 1282 289 Erlscom

344 324 517 369 dextera
545 341 706 386 ponere
729 327 1008 372 debuerunt?
1040 331 1205 384 Deum,
1239 327 1550 384 aeternitatem,
1588 343 1725 372 annos

344 395 421 439 Dei
445 412 534 441 non
551 396 820 454 deficientes,
847 398 902 443 de
923 398 1084 460 quibus
1101 398 1284 444 dicitur:
1309 418 1329 441 «
1354 401 1412 443 Et
1432 398 1535 444 anni
1551 399 1616 443 tui
1637 414 1727 443 non

346 485 367 508 »
402 465 605 511 deficient
628 469 658 512 ¹.
689 486 708 509 »
744 468 811 512 Ibi
848 468 1046 518 dextera,
1087 469 1149 512 ibi
1178 484 1267 513 esse
1298 469 1429 513 debet
1465 468 1728 513 desiderium

344 547 558 583 nostrum.
598 540 775 584 Sinistra
811 550 986 585 utamur
1015 540 1069 586 ad
1091 549 1289 601 tempus,
1315 540 1535 585 dexteram
1559 539 1730 585 deside-

343 624 488 653 remus
511 610 556 653 in
573 619 801 654 aeternum.
829 611 997 655 Divitiae
1020 611 1054 655 si
1084 611 1225 655 fluant
1241 646 1252 667 ,
1279 627 1334 656 ne
1356 611 1580 671 apponatis
1603 614 1722 655 cor‘2.

347 680 391 724 Si
414 680 530 723 enim
559 679 718 725 divitiis
747 681 984 726 fluentibus
1008 698 1082 727 cor
1103 682 1385 742 apposueritis
1405 717 1416 736 ‚
1452 682 1573 742 quod
1603 681 1730 726 sinis-

346 759 460 795 trum
491 759 585 806 est,
611 750 837 796 dexterum
859 753 1039 798 facietis.
1065 753 1276 811 Corrigite
1297 768 1396 808 vos,
1422 752 1640 813 agnoscite
1661 767 1730 797 sa-

344 820 552 880 pientiam
585 820 919 881 amplectentem
943 839 1049 868 vos:
1079 823 1148 868 cui
1170 822 1336 868 dictum
1369 832 1433 867 est
1458 841 1467 867 ι
1506 841 1526 865 «
1554 822 1731 867 Sinistra

349 910 369 933 »
406 893 498 952 ejus
514 892 595 936 sub
612 909 657 937 ca
666 894 752 953 pite
772 910 885 949 meo⁷
901 904 942 940 et
961 895 1135 940 dextera
1153 897 1244 956 ejus
1259 894 1573 954 complectetur
1588 895 1726 937 me3.»

348 961 503 1006 Videte
531 965 737 1008 amatoria
766 974 911 1009 sancta
935 965 1114 1011 Cantica
1133 1001 1144 1019 ‚
1169 965 1312 1010 videte
1333 965 1512 1010 Cantica
1540 964 1732 1009 cantico-

346 1049 443 1077 rum
461 1069 472 1089 ‚
497 1037 750 1095 nuptiarum
772 1036 1014 1081 coelestium
1038 1036 1198 1082 Christi
1219 1047 1262 1081 et
1283 1035 1502 1081 Ecclesiae.
1528 1033 1644 1088 Quid
1665 1034 1732 1078 di-

348 1105 407 1148 cit
429 1121 584 1164 sponsa
607 1105 661 1150 de
682 1109 874 1166 sponso?
905 1127 925 1150 «
953 1107 1125 1153 Sixistra
1148 1109 1237 1168 ejus
1258 1107 1339 1151 sub
1374 1106 1515 1166 capite
1536 1121 1655 1160 meo,
1690 1114 1732 1149 et

350 1194 371 1216 »
407 1175 580 1221 dextera
615 1179 706 1237 ejus
731 1178 1045 1238 complectetur
1075 1195 1160 1223 me.
1190 1198 1209 1221 »
1252 1178 1428 1224 Sinistra
1450 1177 1532 1221 sub
1560 1177 1728 1236 capite,

347 1247 521 1292 dextera
564 1264 692 1308 super
725 1260 870 1309 caput.
913 1250 1225 1310 Amplectentis
1260 1250 1375 1293 enim
1409 1248 1594 1307 desuper
1628 1248 1730 1293 bra-

343 1317 489 1361 chium
510 1334 639 1377 super
661 1329 807 1379 caput,
829 1320 995 1364 sinistra
1018 1329 1163 1364 autem
1188 1320 1336 1364 subter
1359 1327 1505 1379 caput.
1533 1318 1728 1375 Sinistra,

346 1387 505 1448 inquit„
521 1390 610 1448 ejus
631 1391 712 1434 sub
734 1391 874 1449 capite
893 1407 1004 1436 meo.
1030 1394 1128 1437 Non
1149 1391 1263 1435 enim
1284 1406 1354 1434 me
1377 1389 1544 1434 deseret
1563 1389 1609 1433 in
1627 1399 1733 1434 tem-

348 1459 569 1518 poralibus
592 1461 836 1506 necessariis
862 1482 871 1506 ι
908 1461 983 1506 sed
1007 1471 1151 1506 tamen
1182 1463 1272 1521 ipsa
1296 1461 1466 1505 sinistra
1487 1460 1569 1505 sub
1592 1461 1733 1520 capite

349 1530 429 1572 crit
449 1564 459 1584 ‚
481 1545 570 1574 non
591 1531 721 1590 capiti
745 1541 1022 1591 praeponetur
1038 1568 1048 1587 ,
1074 1532 1148 1577 sed
1173 1532 1254 1576 erit
1271 1531 1351 1576 sub
1373 1531 1540 1591 capite3
1561 1540 1611 1574 ut
1632 1529 1734 1574 dex-

329 1609 441 1643 ·tera
463 1601 553 1660 ejus
575 1601 890 1661 complectatur
911 1619 1000 1657 me,
1028 1603 1237 1663 pollicens
1260 1603 1390 1647 vitam
1421 1612 1645 1646 aeternam.
1669 1604 1734 1645 Ita

351 1671 465 1714 enim
494 1672 662 1717 sinistra
693 1674 775 1733 sub
805 1674 966 1733 capite,
989 1675 1023 1718 si
1045 1675 1218 1719 dextera
1241 1690 1369 1734 super
1391 1683 1522 1733 caput
1545 1693 1554 1717 z
1579 1671 1735 1732 imple-

350 1751 510 1803 turque
541 1743 661 1804 quod
686 1745 739 1789 ad
770 1745 1048 1790 Timotheum
1070 1747 1279 1806 scriptum
1301 1755 1365 1790 est
1390 1765 1399 1790 ε
1434 1765 1454 1787 «
1481 1744 1734 1789 Promissio-

354 1831 374 1853 »
409 1829 509 1857 nem
534 1815 700 1859 habens
723 1816 823 1859 vitae
855 1817 1078 1876 praesentis
1101 1827 1143 1861 et
1172 1815 1346 1861 futurae.
1369 1816 1699 1860 Promissionem
1721 1850 1732 1870 ‚

355 1902 374 1924 »
411 1885 574 1944 inquit,
604 1886 769 1930 habens
799 1887 900 1931 vitae
925 1888 1145 1947 praesentis
1174 1897 1216 1932 et
1248 1887 1454 1931 t'uturae4.
1484 1905 1504 1928 »
1537 1884 1654 1940 Quid
1690 1885 1735 1930 in

350 1955 584 2013 praesenti?
620 1956 796 2001 Sinistra
833 1958 913 2001 sub
948 1959 1102 2018 capite.
1136 1958 1250 2012 Quid
1286 1959 1331 2001 in
1354 1957 1533 2001 futuro?
1554 1959 1736 2000 Dextera

349 2026 440 2085 ejus
489 2026 803 2086 complectetur
845 2044 928 2072 me.
979 2029 1179 2088 Tempori
1222 2028 1457 2073 necessaria
1500 2027 1692 2087 quaeritis
1717 2027 1735 2070 Ξ)

356 2115 375 2138 «
411 2097 602 2150 Quaerite
636 2099 823 2157 primum
854 2114 1036 2157 regnum
1076 2099 1175 2154 Dei,
1207 2098 1251 2142 id
1284 2108 1374 2152 est,
1408 2097 1655 2155 dexteram3
1693 2105 1737 2141 et

355 2185 374 2207 »
412 2167 504 2211 haec
525 2169 667 2211 omnia
692 2178 966 2227 apponentur
986 2169 1109 2213 vobis
1128 2170 1159 2212 ⁵.
1180 2187 1200 2210 »
1218 2169 1444 2213 Habebitis
1459 2168 1547 2221 hic,
1574 2168 1732 2228 inquit,

353 2247 396 2282 et
424 2237 592 2283 divitias
626 2248 668 2282 et
690 2239 871 2297 gloriam
889 2274 899 2294 ,
935 2248 977 2283 et
1012 2240 1057 2283 in
1085 2239 1232 2284 futuro
1266 2238 1425 2302 saeculo
1453 2239 1584 2283 vitam
1607 2249 1736 2283 aeter-

354 2324 453 2352 nam
472 2328 480 2353 :
506 2318 549 2353 et
570 2309 737 2355 sinistra
756 2310 989 2354 continebo
1012 2311 1307 2355 infirmitatem
1328 2319 1513 2354 vestram
1533 2345 1542 2365 ‚
1569 2319 1612 2353 ct
1635 2310 1737 2353 dex-

355 2390 445 2424 tera
482 2381 699 2426 coronabo
735 2380 1042 2442 perfectionem
1067 2391 1266 2426 vestram.
1302 2386 1368 2426 An
1393 2382 1504 2425 forte
1539 2380 1736 2440 Apostoli

354 2451 646 2512 relinquentes
680 2453 824 2497 omnia
847 2469 950 2509 sua,
977 2463 1051 2498 aut
1075 2453 1336 2513 pauperibus
1359 2451 1476 2512 qnod
1513 2451 1738 2496 habebant

402 2553 409 2569 ¹
431 2548 510 2578 Psal.
536 2559 588 2585 cr,
615 2548 668 2582 28.
690 2566 731 2571 —
751 2556 764 2571 ²
784 2549 817 2581 111
850 2560 898 2582 mu
914 2574 923 2591 ,
951 2560 998 2582 ιι,
1022 2566 1062 2572 --
1083 2548 1203 2583 3Cant.
1223 2559 1257 2590 n,
1285 2548 1318 2580 6.
1341 2564 1378 2570 -
1400 2546 1414 2577 *i
1439 2559 1449 2579 ι
1476 2548 1554 2580 Tim.
1576 2558 1621 2589 iv,
1640 2550 1672 2580 8.
1693 2563 1734 2570 —-

355 2602 368 2625 ⁵
389 2602 499 2636 Matth.
521 2614 566 2645 vt,
589 2604 641 2636 33.
1095 2601 1097 2603 ’
