1815 3253
337 210 423 256 474
696 195 697 199 Ἰ
761 219 796 250 s.
831 219 1064 260 Aucusum
1093 223 1277 259 Eprscom

336 297 415 344 est,
428 287 541 339 infra
552 289 743 343 animam
760 297 839 344 est,
851 297 900 333 »et
912 289 1076 349 quaevis
1098 289 1240 340 anima
1252 286 1348 342 vilis
1361 288 1716 343 excellentissimo
1741 285 1743 287 ’

335 374 516 418 corpore
533 358 811 406 excellentior
830 357 1063 411 invenitur.

346 450 348 453 v
393 430 468 474 IV.
486 431 574 482 Nec
595 429 719 479 vobis
740 429 823 474 hoc
844 429 967 490 quasi
988 427 1184 480 mirabile
1203 427 1426 490 videatur,
1445 428 1547 489 quia
1564 438 1608 479 et
1621 429 1719 476 vilis
1788 424 1810 480 ,’

334 499 477 544 anima
504 499 716 559 quaelibet
751 500 967 559 peccatrix
989 497 1142 545 melior
1165 507 1229 552 est
1263 499 1461 559 quolibet
1493 513 1652 557 magno
1675 508 1720 553 et

334 571 687 630 praestantissimo
719 585 914 629 corpore.
942 572 1039 615 Non
1058 577 1122 613 est
1149 568 1301 616 melior
1329 569 1517 625 meritis,
1543 569 1618 613 sed
1644 585 1719 620 na—..

337 649 449 685 tura.
473 642 550 684 Est
571 640 750 700 quidem
773 639 915 684 anima
933 638 1172 699 peccatrix,
1193 647 1255 690 est
1269 638 1534 699 quibusdam
1556 654 1719 690 concu-

335 710 645 769 piscentiarum
673 709 872 767 sordibus
894 709 1119 769 inquinata
1140 728 1149 754 :
1179 717 1327 754 tamen
1347 709 1502 754 melius
1525 719 1589 755 est
1604 745 1616 765 ,
1640 711 1720 754 etsi
1788 707 1792 716 '

335 781 578 836 sordidum,
595 796 749 826 aurum
765 796 896 841 quam
910 780 1258 840 purgatissimum
1275 779 1524 840 plumbum.
1546 783 1611 825 Ita
1623 796 1720 825 cur-

333 861 400 896 rat
422 852 590 901 animus
605 862 747 898 vester
767 867 845 912 per
857 861 1034 903 cunctas
1056 861 1293 907 creaturas,
1317 860 1361 896 et
1376 851 1576 897 videbitis
1598 851 1720 912 quod
1788 849 1792 857 '

334 922 519 967 dicimus
541 938 632 967 non
654 937 743 967 esse
772 921 1029 972 incredibile
1044 957 1055 977 ,
1077 931 1128 966 ut
1156 922 1353 982 quamvis
1386 922 1528 974 anima
1547 923 1720 982 vitupe-

333 993 503 1048 rabilis,
527 993 789 1039 laudabilior
801 994 856 1042 sit
877 1003 1025 1038 tamen
1045 993 1255 1038 laudabili
1267 1009 1463 1053 corpore.
1489 997 1585 1044 Duo
1603 1009 1720 1054 quae-

333 1065 434 1109 dam
471 1074 593 1120 sunt,
620 1065 763 1111 anima
792 1073 835 1109 et
866 1079 1037 1124 corpus.
1084 1064 1285 1112 Animam
1315 1064 1540 1124 vitupero,
1563 1079 1721 1124 corpus

334 1134 466 1179 laudo
495 1153 504 1178 :
525 1135 714 1178 animam
735 1135 957 1194 vitupero,
982 1134 1083 1194 quia
1098 1134 1248 1193 iniqua
1270 1143 1357 1184 est3
1382 1150 1538 1194 corpus
1558 1134 1691 1179 laudo
1705 1169 1717 1189 ,

333 1206 437 1265 quia
459 1221 611 1252 sanum
628 1215 705 1252 est.
734 1208 897 1249 Tamen
911 1205 957 1250 in
977 1221 1055 1251 suo
1074 1219 1230 1263 genere
1247 1205 1435 1249 animam
1465 1204 1623 1260 laudo,
1651 1205 1720 1254 vel

333 1276 380 1319 in
402 1291 480 1320 suo
514 1290 671 1334 genere
707 1275 897 1319 animam
922 1274 1085 1334 culpo,
1124 1274 1233 1318 etin
1265 1290 1342 1320 suo
1379 1290 1535 1334 genere
1563 1291 1720 1335 corpus

333 1344 488 1401 laudo,
513 1344 584 1390 vel
604 1344 751 1405 culpo.
775 1346 818 1390 Si
838 1360 908 1389 me
930 1344 1168 1403 interroges
1181 1343 1289 1405 quid
1305 1345 1358 1389 sit
1370 1344 1546 1401 melius,
1567 1355 1720 1398 utrum

332 1415 454 1476 quod
474 1415 733 1474 vituperavi,
759 1431 815 1459 an
838 1414 960 1475 quod
975 1414 1150 1474 laudavi
1172 1433 1180 1460 z
1205 1414 1450 1460 mirabilem
1472 1416 1718 1475 responsio-

330 1501 432 1531 nem
454 1495 707 1546 recepturus
728 1501 787 1531 es.
808 1488 902 1545 Ego
919 1495 1035 1530 certe
1050 1484 1163 1529 illud
1183 1485 1447 1545 vituperavi,
1467 1495 1510 1530 et
1531 1501 1612 1545 ego
1634 1486 1718 1532 hoc

329 1555 504 1601 laudavi
530 1575 539 1602 :
565 1556 855 1615 interrogatus
876 1565 1025 1601 tamen
1046 1554 1153 1617 quid
1174 1557 1228 1600 sit
1263 1556 1438 1611 meliuS‚
1475 1555 1718 1616 respondeo

333 1642 423 1671 esse
443 1627 599 1671 melius
620 1627 740 1687 quod
761 1626 1005 1686 vituperavi
1025 1660 1036 1682 ,
1057 1641 1109 1671 eo
1130 1625 1250 1686 quod
1267 1625 1457 1681 laudavi.
1485 1627 1528 1678 Si
1551 1627 1718 1679 miraris

330 1697 377 1740 in
393 1696 460 1740 his
481 1697 655 1749 duobus
672 1731 683 1752 ,
708 1695 884 1741 attende
912 1696 987 1741 illa
1010 1696 1100 1741 duo
1122 1697 1168 1740 in
1188 1705 1397 1756 promptu
1425 1697 1566 1756 posita
1582 1731 1593 1752 ,
1618 1711 1718 1757 quae

330 1768 667 1812 commemoravi
687 1766 742 1811 de
765 1782 872 1811 auro
907 1775 951 1811 et
986 1765 1184 1826 plumbo.
1220 1769 1335 1811 Ecce
1368 1766 1610 1826 vituperavi
1640 1783 1719 1812 au·
1762 1797 1765 1801 s

329 1853 428 1882 rum
453 1856 464 1883 ι
483 1841 581 1884 Non
602 1838 770 1883 bonum
793 1853 969 1893 aurum,
989 1836 1214 1883 sordidum
1232 1846 1316 1893 est,
1355 1853 1446 1883 non
1463 1837 1524 1882 ita
1539 1837 1679 1896 fulget
1702 1872 1713 1893 ,

326 1922 418 1952 non
453 1909 514 1953 ita
541 1917 797 1967 purgatum3
820 1909 904 1953 hoc
938 1908 1171 1968 plumbum
1205 1909 1419 1967 optimum
1432 1942 1443 1962 ,
1476 1907 1587 1952 nihil
1609 1923 1716 1967 pur-

329 1980 484 2037 gatius.
526 1979 643 2024 Illud
684 1978 948 2039 vituperavi,
972 1980 1056 2024 hoc
1091 1977 1290 2036 laudavi,
1317 1987 1360 2035 et
1386 1979 1511 2038 posui
1539 1987 1639 2023 ante
1672 1987 1716 2023 te

328 2059 567 2111 utrumque
590 2085 601 2106 ‚
621 2051 872 2110 vituperans
900 2065 1038 2094 unum
1055 2085 1066 2106 ,
1100 2049 1283 2094 laudans
1312 2049 1447 2094 aliud.
1473 2052 1573 2093 Post
1603 2050 1716 2094 hanc

328 2121 695 2181 vituperationem
717 2122 1104 2181 laudationemque
1121 2136 1262 2165 meam
1278 2121 1495 2180 interroga
1517 2136 1588 2165 me
1607 2122 1716 2181 quid

328 2193 486 2237 horum
510 2194 565 2237 sit
586 2193 766 2250 melius,
797 2192 1070 2252 respondebo
1083 2227 1096 2247 ,
1136 2196 1305 2236 Aurum
1326 2192 1479 2237 melius
1499 2201 1563 2237 est
1584 2192 1714 2237 etiam

328 2262 574 2318 sordidum,
610 2279 743 2323 quam
769 2264 998 2323 plumbum
1029 2273 1277 2323 purgatum.
1311 2262 1435 2308 Unde
1462 2263 1647 2308 melius?
1669 2273 1712 2308 et

327 2349 461 2394 quare
494 2334 773 2392 vituperasti?
807 2337 950 2388 Quare
983 2334 1253 2393 vituperavi?
1275 2334 1387 2387 Quia
1419 2334 1617 2378 nondum
1651 2343 1713 2378 est

328 2419 483 2448 aurum
496 2403 616 2463 quod
636 2413 779 2463 potest
793 2419 897 2449 esse.
910 2403 1026 2458 Quid
1038 2414 1180 2464 potest
1192 2406 1548 2464 essePpurgatum
1567 2413 1610 2448 et
1625 2419 1712 2448 me-

325 2474 425 2519 lius.
451 2474 557 2527 Quia
579 2475 776 2524 nondum
789 2485 1024 2535 purgatum
1035 2484 1119 2530 est,
1144 2475 1440 2534 vituperatum
1458 2484 1536 2519 est.
1558 2474 1710 2519 Plum-

327 2546 434 2589 bum
451 2560 586 2604 quare
607 2543 834 2597 laudatum
851 2548 939 2590 est?
960 2546 1069 2598 Quia
1087 2546 1179 2606 jam
1196 2545 1275 2605 aita
1295 2554 1530 2605 purgatum
1553 2554 1638 2600 est,
1660 2553 1710 2589 ut
