1815 3253
345 201 426 243 138
763 210 799 240 s.
832 209 1064 241 Aucus-nm
1094 213 1276 242 Emscom

343 277 418 322 illa
440 276 556 322 bona
577 293 677 338 quae
697 277 827 322 corde
857 277 1076 323 videntur.
1108 281 1166 322 Et
1192 277 1389 338 quandiu
1420 276 1579 323 videbo
1603 277 1720 323 bona

342 347 581 392 Jerusalem
596 351 646 392 P«
662 349 822 393 Omnes
842 347 932 392 dies
948 348 1048 392 vitae
1064 356 1196 392 tuae.»
1212 347 1296 393 Sed
1312 348 1347 392 si
1367 348 1455 393 vita
1471 357 1546 392 tua
1560 356 1721 393 aeterna

340 418 499 473 fuerit,
532 418 579 461 in
608 427 820 462 aeternum
851 417 1018 462 videbis
1053 418 1168 462 bona
1197 418 1451 463 Jerusalem.
1480 419 1522 463 Si
1549 427 1717 473 autem,
1771 472 1773 474 q

338 489 492 535 fratres
513 489 620 544 mei,
646 489 726 532 ista
746 489 859 533 bona
882 498 1010 543 sunt,
1033 489 1214 534 sednon
1231 505 1380 534 omnes
1402 488 1492 533 dies
1512 489 1612 534 vitae
1633 497 1721 532 tuae

337 559 458 605 vides
480 578 488 604 :
515 575 604 603 non
623 559 739 603 enim
756 557 934 618 quando
951 559 1039 603 exis
1063 559 1117 603 de
1135 575 1332 619 corpore,
1357 559 1551 603 moreris.
1573 562 1722 602 Perse-

336 639 458 675 verat
479 629 567 674 vita
582 638 658 674 tua
684 648 694 674 ι
721 644 876 689 corpus
899 630 1105 683 moritur,
1131 629 1206 674 sed
1228 631 1314 675 vita
1336 630 1508 690 spiritus
1531 644 1723 689 perseve-

335 709 416 744 rat.
442 699 570 744 Oculi
584 714 674 743 non
689 699 840 744 vident
857 734 868 754 ,
893 700 996 759 quia
1017 699 1207 743 discessit
1236 700 1312 760 qui
1333 715 1411 758 per
1432 699 1581 743 oculos
1597 697 1721 743 vide-

337 770 429 814 bat.
448 770 724 830 Ubicumque
746 778 809 813 est
825 770 901 829 qui
923 785 999 829 per
1020 769 1168 814 oculos
1188 770 1379 825 videbat,
1404 769 1521 815 videt
1539 767 1718 827 aliquid.

335 842 433 885 Non
453 840 567 883 enim
589 849 788 885 mortuus
811 849 901 884 erat
921 840 1040 884 dives
1062 840 1134 884 ille
1154 875 1165 895 ‚
1204 840 1279 902 qui
1304 840 1350 883 in
1376 848 1487 883 terra
1510 838 1723 883 indueba-

339 919 413 953 tur
429 925 622 968 purpura
639 919 682 954 et
704 911 831 968 bysso
847 945 858 966 ,
884 911 916 953 si
933 919 1130 955 mortuus
1152 920 1289 966 esset,
1312 908 1430 968 apud
1451 907 1612 953 inferos
1633 924 1723 953 non
1766 945 1768 968 a

339 989 618 1040 torqueretur
631 983 663 1025 1.
692 980 945 1040 Optandum
966 980 1028 1025 illi
1049 979 1161 1025 forte
1179 989 1270 1025 erat
1291 989 1341 1024 ut
1357 988 1598 1026 moreretur
1614 1013 1625 1034 ,
1647 979 1723 1023 sed

341 1049 457 1094 malo
480 1065 559 1094 suo
580 1051 685 1094 vixit
712 1051 829 1110 apud
856 1050 1032 1095 inferos.
1060 1050 1364 1110 Torquebatur
1385 1049 1500 1093 enim
1520 1084 1531 1104 ‚
1562 1057 1605 1092 et
1634 1064 1723 1093 non
1766 1054 1767 1063 ¹

341 1120 520 1165 videbat
548 1122 663 1165 bona
694 1121 767 1165 illa
795 1138 893 1181 quae
915 1123 960 1165 in
982 1131 1094 1166 terra
1116 1122 1350 1165 dimiserat.
1379 1124 1491 1165 Ecce
1521 1128 1612 1163 erat
1636 1119 1724 1163 vita
1765 1107 1767 1128 ÷

342 1190 475 1249 ipsius
496 1190 616 1242 talis,
641 1200 685 1234 et
706 1192 820 1235 bona
846 1190 919 1235 illa
937 1206 1026 1235 non
1052 1191 1243 1236 videbat.
1275 1193 1392 1249 Ergo
1413 1199 1461 1234 tu
1485 1189 1587 1234 talia
1609 1188 1723 1233 desi-
1764 1199 1766 1214 ¹

342 1260 445 1305 dera
480 1261 594 1306 bona
613 1297 623 1317 ,
650 1278 750 1322 quae
769 1262 915 1306 videas
944 1281 962 1304 «
981 1263 1141 1306 Omnes
1165 1261 1254 1306 dies
1275 1262 1375 1306 vitae
1392 1271 1481 1306 tuae
1498 1296 1509 1316 ,
1530 1279 1550 1302 >›
1576 1259 1621 1304 id
1637 1268 1721 1315 est,

340 1340 391 1375 ut
412 1347 513 1374 cum
535 1332 636 1391 ipsis
658 1332 784 1376 bonis
805 1333 923 1376 vivas
940 1333 986 1375 in
1010 1342 1239 1376 aeternum.

398 1403 517 1445 XVI.
552 1404 661 1455 Quae
683 1411 785 1446 sunt
804 1418 906 1461 ergo
922 1402 996 1446 illa
1011 1403 1127 1447 bona
1143 1437 1155 1458 ,
1181 1402 1354 1462 fratres,
1380 1400 1605 1446 attendite.
1631 1400 1725 1445 Dici
1762 1457 1763 1467 ἵ

339 1482 521 1531 possunt
556 1473 673 1517 bona
709 1474 816 1528 ista,
854 1476 1022 1518 Aurum
1057 1482 1147 1529 est,
1181 1482 1408 1531 argentum
1438 1481 1526 1528 est,
1561 1470 1725 1516 fundus

341 1559 540 1587 amoenus
581 1553 669 1598 est,
705 1545 955 1589 marmorati
994 1544 1176 1603 parietes
1213 1553 1340 1599 sunt,
1382 1553 1494 1588 tecta
1525 1543 1724 1603 laqueata

340 1616 474 1658 sunt?
501 1614 639 1658 Absit.
673 1617 757 1658 Ista
794 1614 1088 1658 abundantius
1121 1630 1332 1674 pauperes
1367 1614 1533 1658 habent
1567 1614 1613 1657 in
1644 1613 1725 1656 hac

339 1684 442 1728 vita.
462 1683 564 1728 Plus
581 1693 645 1728 est
666 1684 781 1728 enim
803 1684 983 1743 pauperi
998 1684 1136 1728 videri
1153 1684 1316 1729 coelum
1338 1683 1572 1737 stellatum,
1593 1697 1725 1743 quam
1759 1690 1761 1708 ⁴

341 1754 465 1798 diviti
486 1763 650 1798 tectum
673 1755 937 1798 inauratum.
954 1757 1141 1808 Fratres,
1167 1769 1270 1812 ergo
1287 1753 1404 1814 quod
1428 1763 1492 1797 est
1512 1748 1623 1796 illud
1645 1752 1726 1796 bo-
1758 1764 1759 1770 ¹

343 1839 472 1879 num,
509 1840 598 1885 quo
621 1825 923 1879 accendimur,
950 1824 1020 1868 cui
1042 1824 1324 1883 suspiramus,
1360 1839 1449 1883 quo
1476 1823 1722 1866 inflamma-

343 1909 468 1948 mur,
503 1904 681 1953 propter
716 1895 838 1954 quod
868 1895 1036 1939 honum
1066 1894 1392 1954 adipiscendum
1418 1902 1461 1937 et
1487 1891 1725 1937 videndum
1758 1888 1759 1894 ¹

343 1973 486 2008 tantos
515 1965 683 2009 labores
711 1966 994 2020 sustinemus,
1030 1966 1141 2009 sicut
1170 1964 1346 2009 audistis
1383 1979 1483 2008 cum
1509 1963 1725 2021 legeretur

342 2034 596 2094 Apostolus,
622 2035 723 2094 quia
742 2050 906 2089 omnes,
927 2053 946 2075 «
967 2036 1048 2087 Qui
1069 2034 1224 2078 volunt
1240 2035 1309 2094 pic
1331 2034 1474 2078 vivere
1492 2033 1538 2076 in
1555 2033 1724 2077 Christo
1755 2041 1757 2053 ⁴

345 2123 365 2145 υ
401 2108 527 2159 Jesu,
560 2105 904 2163 persecutionem
940 2105 1212 2163 patiuntur2.
1243 2122 1262 2144 »
1290 2107 1385 2149 Non
1420 2104 1536 2146 enim
1558 2101 1688 2146 modo
1709 2136 1720 2156 ‚
1755 2110 1756 2126 ¹

343 2176 444 2236 quia
468 2175 667 2219 diabolus
700 2191 776 2234 per
808 2190 927 2233 reges
955 2191 1044 2219 non
1073 2175 1219 2229 saevit,
1256 2174 1353 2219 ideo
1377 2174 1609 2219 Christiani
1636 2188 1724 2217 non

342 2246 569 2305 patiuntur
596 2246 958 2304 persecutionem.
987 2245 1029 2289 Si
1054 2254 1249 2289 mortuus
1271 2254 1334 2288 est
1359 2243 1582 2298 diabolus,
1605 2258 1721 2287 mor·
1814 2271 1815 2289 ι

341 2325 428 2359 tuae
455 2324 557 2359 sunt
580 2316 897 2373 persecutiones
924 2334 932 2359 :
958 2315 991 2358 si
1013 2323 1159 2358 autem
1182 2315 1255 2358 ille
1280 2314 1547 2359 adversarius
1579 2321 1723 2356 noster

339 2386 471 2441 vivit,
510 2386 627 2429 unde
665 2401 754 2430 non
789 2386 1048 2430 tentationes
1080 2386 1299 2444 suggerit?
1316 2385 1434 2428 unde
1456 2399 1545 2428 non
1569 2382 1721 2428 saevit?
1751 2406 1753 2413 ι

340 2454 458 2499 unde
486 2470 576 2500 non
597 2456 734 2500 minas
755 2464 830 2499 aut
854 2454 1056 2499 scandala
1076 2457 1314 2515 procurat?
1336 2456 1372 2499 Ο
1395 2454 1429 2499 si
1450 2453 1626 2512 incipias
1647 2452 1717 2512 pie
1750 2464 1751 2479 ²

392 2545 401 2562 1
423 2540 499 2572 Luc.
520 2549 588 2581 xw,
605 2549 656 2581 19.
677 2556 719 2562 —
741 2545 754 2562 ²
769 2549 781 2571 1
799 2538 879 2571 Tim.
900 2548 950 2580 111,
969 2548 1019 2570 12.
