1815 3253
318 201 560 230 ENARRA'HO
593 204 636 229 m
670 201 874 230 PsALMUM
904 204 1120 230 cxxxvm.
1340 191 1425 229 319

33 285 135 328 ergo
161 269 231 313 hic
257 287 267 313 ι
296 269 372 312 sed
399 266 636 328 quamdam
658 267 803 312 lucem
829 283 953 312 suam
979 283 1065 312 nox
1091 268 1171 311 ista
1195 268 1350 323 habet,
1382 276 1427 312 et

33 339 234 384 tenebras
255 353 367 382 suas.
393 340 537 391 Quare
554 338 608 382 sit
631 337 888 396 generaliter
910 353 988 383 nos
1005 336 1191 382 diximus
1211 357 1220 382 :
1244 354 1344 398 quae
1362 347 1426 382 est

34 409 110 455 lux
140 408 279 452 noctis
304 408 468 468 hujus?
502 408 768 467 Prosperitas
800 417 843 452 et
873 407 1056 452 felicitas
1089 406 1236 451 saeculi
1266 408 1420 467 hujus,

37 476 245 540 gaudium
264 476 524 537 temporale,
548 478 690 523 honor
711 477 959 537 temporalis
974 512 985 532 ‚
1005 478 1127 537 quasi
1148 476 1224 521 lux
1240 487 1304 522 est
1317 490 1427 522 noc-

37 549 90 594 tis
120 549 265 608 hujus.
291 546 540 592 Adversitas
572 558 720 593 autem
747 557 792 593 et
817 547 1063 592 amaritudo
1093 547 1429 592 tribulationum

38 617 107 664 vel
120 616 385 677 ignobilitaS,
410 627 619 678 tanquam
640 619 834 662 tenebrae
851 627 954 662 sunt
970 618 1109 663 noctis
1125 618 1269 678 hujus.
1283 621 1334 662 In
1348 618 1430 662 hac

40 697 167 734 nocte
183 723 195 744 ‚
221 688 267 736 iu
291 689 372 733 hac
398 688 662 734 mortalitate
683 689 786 733 vitae
809 689 1015 733 humanae
1044 688 1211 732 habent
1232 688 1431 733 homines

39 759 204 815 lucem,
232 758 398 803 habent
422 760 620 804 homines
642 760 872 817 tenebras,
895 758 1040 804 lucem
1069 759 1400 819 prosperitatem
1417 793 1429 813 ‚

6 859 7 862 =
40 831 242 880 tenebras
262 828 580 874 adversitatem.
608 828 693 875 Sed
713 830 789 874 ubi
809 830 975 874 venerit
997 830 1195 875 Christus
1222 829 1431 874 Dominus

41 908 84 944 et
104 898 367 943 habitaverit
389 899 577 943 animam
595 915 672 960 per
694 900 849 954 fidem,
875 909 919 944 et
939 899 1184 959 promiserit
1206 899 1334 944 aliam
1357 898 1432 944 lu-

41 984 156 1024 cem,
179 978 222 1013 et
243 969 517 1028 inspiraverit
537 979 582 1013 et
597 968 826 1014 donaverit
846 970 1102 1030 patientiam
1117 1004 1128 1025 ,
1153 978 1197 1014 et
1213 969 1434 1014 monuerit

42 1039 263 1086 hominem
281 1055 371 1084 non
390 1038 596 1083 delectari
625 1040 861 1099 prosperis,
890 1055 946 1083 ne
966 1039 1193 1097 frangatur
1214 1039 1402 1084 adversis
1420 1059 1431 1096 3

41 1111 193 1172 incipit
214 1112 346 1156 homo
370 1110 508 1155 fidelis
528 1110 830 1155 indifferenter
850 1111 915 1154 uti
934 1110 1102 1155 mundo
1123 1110 1206 1156 isto
1221 1145 1232 1165 ,
1257 1126 1337 1154 nec
1355 1126 1434 1155 ex-

0 1203 1 1206 *
43 1181 137 1228 tolli
154 1182 331 1242 quando
346 1197 412 1226 res
429 1198 645 1242 prosperae
667 1182 888 1236 accidunt,
913 1197 994 1226 nec
1011 1180 1155 1241 frangi
1170 1180 1348 1242 quando
1370 1197 1436 1226 res

0 1271 2 1274 ’
44 1251 234 1304 adversae
256 1261 381 1306 sunt,
405 1251 481 1296 sed
502 1253 665 1313 ubique
686 1250 917 1296 Dominum
932 1251 1225 1310 benedicere,
1255 1267 1347 1297 non
1367 1267 1438 1297 so-

0 1342 2 1366 1
44 1320 138 1378 lum
158 1322 336 1383 quando
354 1321 552 1367 abundat
566 1358 576 1378 ,
597 1322 674 1367 sed
694 1324 823 1367 etiam
845 1322 1024 1383 quando
1041 1323 1203 1367 amittit
1220 1344 1232 1383 3
1256 1338 1346 1367 non
1363 1338 1435 1368 so-

0 1412 3 1440 ι
45 1392 138 1438 lum
159 1395 336 1455 quando
353 1410 481 1438 sanus
507 1404 591 1449 est,
619 1393 695 1438 sed
717 1395 846 1438 etiam
877 1393 1056 1454 quando
1075 1403 1286 1453 aegrotat3
1311 1404 1361 1439 ut
1382 1394 1438 1439 sit

0 1485 5 1515 ι
46 1465 92 1510 in
118 1464 193 1509 illo
217 1481 319 1510 vera
344 1464 417 1509 illa
442 1464 653 1520 cantatio,
675 1484 696 1507 «
716 1464 978 1508 Benedicam
1000 1465 1230 1509 Dominum
1248 1465 1294 1509 in
1318 1466 1440 1509 omni

0 1527 1 1539 ¹
50 1553 70 1577 »
105 1544 324 1595 tempore,
347 1541 517 1594 semper
536 1534 630 1579 laus
652 1536 744 1596 ejus
767 1535 813 1579 in
830 1550 904 1579 ore
929 1550 1026 1580 meo
1043 1537 1072 1579 ¹.
1095 1554 1114 1576 »
1136 1535 1178 1580 Si
1197 1550 1298 1594 ergo
1322 1552 1440 1580 sem-

48 1621 145 1666 per,
173 1615 216 1650 et
235 1604 414 1665 quando
433 1604 552 1649 lueet
572 1621 659 1649 nox
681 1606 783 1660 ista,
802 1615 846 1649 et
859 1605 1037 1665 quando
1060 1606 1243 1650 obscura
1268 1615 1332 1650 est
1355 1622 1442 1651 nox

50 1677 127 1721 ista
146 1696 158 1734 ᾗ,
174 1675 351 1736 quando
369 1675 529 1720 arridet
549 1676 830 1735 prosperitas,
851 1675 1029 1736 quando
1045 1676 1175 1720 tristis
1193 1686 1256 1720 est
1285 1675 1442 1720 adver-

51 1746 149 1791 sitas
167 1781 179 1801 ,
208 1761 376 1806 semper
401 1746 454 1789 sit
475 1744 570 1789 laus
603 1746 695 1805 ejus
721 1745 767 1790 in
794 1761 868 1790 ore
898 1754 974 1789 tuo
999 1765 1008 1790 :
1039 1755 1082 1790 et
1104 1745 1180 1790 fiet
1206 1746 1288 1790 tibi
1317 1746 1439 1807 quod

51 1816 182 1863 modo
215 1815 382 1861 dictum
419 1825 482 1860 est
511 1835 520 1861 :
553 1835 574 1859 «
603 1815 724 1861 Sicut
758 1817 952 1861 tenebrae
977 1817 1095 1876 ejus,
1132 1816 1193 1861 sic
1222 1826 1264 1861 et
1292 1817 1445 1862 lumen

0 1904 8 1951 ἦ
57 1905 78 1944 ¹»
113 1888 220 1948 ejus.
244 1905 264 1928 n
290 1889 389 1933 Non
413 1901 482 1930 me
503 1885 765 1931 conculcant
778 1886 972 1931 tenebrae
994 1888 1112 1946 ejus,
1137 1887 1240 1947 quia
1262 1903 1351 1932 non
1373 1903 1445 1932 me

0 1957 15 2045 l
56 1958 222 2013 extollit
236 1958 389 2003 lumen
404 1959 441 2019 ej
449 1973 513 2002 us.

0 2051 26 2112 ἦ·
59 2087 61 2090 ⁴
111 2033 256 2076 XVII.
274 2033 387 2074 Ecce
403 2029 537 2074 habes
557 2028 710 2073 lumen
732 2029 865 2088 ipsius
879 2029 925 2072 in
947 2028 1032 2073 Job
1051 2048 1059 2073 :
1085 2028 1343 2074 abundabat
1357 2045 1445 2074 om-

0 2096 20 2160 ,1’
58 2101 186 2148 nibus
201 2102 346 2146 rebus.
364 2104 458 2146 Lux
478 2101 617 2146 noctis
637 2101 684 2144 in
704 2100 820 2145 illius
842 2100 999 2145 divitiis
1018 2100 1154 2160 prima
1170 2100 1444 2146 describitur.

0 2330 17 2375 ὦ,

60 2173 238 2228 Quantis
255 2174 384 2217 rebus
401 2182 445 2216 et
460 2181 625 2233 quanta
646 2172 771 2231 copia
789 2170 1081 2225 redundabat,
1098 2171 1175 2216 lux
1195 2182 1288 2217 erat
1309 2173 1450 2218 noctis

60 2245 164 2305 ejus.
184 2244 357 2289 Putavit
372 2243 573 2288 inimicus
597 2253 825 2303 propterea
844 2242 970 2286 illum
992 2241 1125 2287 talem
1145 2244 1287 2287 virum
1305 2243 1449 2289 colere

61 2320 218 2371 Deum,
243 2314 348 2376 quia
373 2313 447 2358 illa
467 2314 614 2359 omnia
633 2313 870 2359 donaverat
896 2314 964 2370 ei,
989 2323 1032 2358 et
1053 2314 1207 2373 petivit
1227 2324 1277 2358 ut
1302 2314 1451 2359 aufer-

0 2398 19 2446 ἢ
65 2379 213 2431 rentur
227 2387 281 2431 ab
302 2400 369 2430 eo.
387 2388 531 2429 Factae
545 2394 648 2429 sunt
668 2385 862 2429 tenebrae
885 2384 1024 2429 noctis
1038 2384 1168 2439 illius,
1194 2402 1294 2446 quae
1309 2387 1451 2446 primo

0 2470 16 2516 ὁ
65 2457 255 2516 habebat
276 2455 437 2501 lucem.
463 2458 653 2502 Noverat
673 2464 820 2502 tamen
839 2454 929 2511 ille,
945 2455 1033 2500 sive
1046 2455 1124 2500 lux
1139 2455 1200 2500 ibi
1222 2465 1347 2512 esset,
1364 2457 1454 2501 sive

0 2557 15 2589 ὅ
116 2548 125 2565 ¹
149 2541 230 2575 Psal.
249 2552 365 2584 xxxin,
384 2550 418 2574 2.
