1815 3253
378 214 623 246 ENARnAno
653 218 700 245 IN
731 214 936 246 ΡεΑιΜυΜ
965 217 1131 245 cxxxv1.
1373 205 1459 245 267

71 283 153 338 nis,
177 283 280 343 quia
303 281 480 327 noluisti
502 282 650 326 sedere
666 291 709 326 et
730 282 834 327 flere
849 298 979 342 super
998 280 1182 326 flumina
1203 281 1455 340 Babylonis.

130 356 206 398 IV.
227 353 313 398 Alii
334 342 437 412 ergo
459 353 573 398 cives
597 362 756 398 sanctae
779 352 1018 397 Jerusalem
1040 350 1332 410 intelligentes
1355 368 1461 412 cap-

71 422 282 468 tivitatem
307 439 452 479 suam,
482 423 718 468 attendunt
744 424 933 468 humana
968 431 1071 467 vota
1091 430 1136 466 et
1168 422 1357 467 diversas
1383 423 1460 467 ho-

67 494 240 539 minum
270 493 529 554 cupiditates
552 494 633 538 hac
657 503 789 554 atque
810 493 908 537 illac
927 493 1142 552 rapientes
1162 526 1174 548 ‚
1203 493 1424 537 trahentes
1444 527 1455 548 ‚

22 570 26 585 ⁸
69 564 341 624 impellentes
363 565 407 609 in
440 581 557 610 mare
583 585 592 610 :
626 565 774 611 vident
806 566 922 620 haee,
953 573 997 608 et
1024 579 1113 608 non
1145 579 1189 607 se
1209 564 1391 608 mittunt
1414 564 1460 607 in

24 647 26 659 ²
68 633 250 679 flumina
273 635 508 693 Babylonis
529 657 540 693 3
573 636 647 680 sed
667 634 819 679 sedent
837 650 966 694 super
989 634 1171 678 flumina
1186 633 1424 692 Babylonis
1443 668 1454 689 ‚

18 757 20 761 Ι
68 713 112 748 et
133 705 241 749 ssent
261 721 391 764 super
411 705 592 750 flumina
616 704 850 763 Babylonis
864 740 875 757 ‚
900 704 970 748 vel
992 703 1089 748 illos
1107 705 1183 764 qui
1206 704 1457 763 rapiuntur,

66 773 137 818 vel
170 790 215 818 se
246 775 360 834 ipsos
388 777 464 835 qui
497 776 541 819 in
570 775 811 833 Babylonia
834 790 924 818 esse
946 783 1202 818 meruerunt
1228 793 1237 819 :
1263 773 1461 818 sedentes

11 855 21 877 ’·
67 853 214 889 tamen
232 880 242 898 ‚
262 846 448 902 hodest,
470 846 703 891 humiliati.
730 865 749 890 «
778 849 917 905 Super
940 845 1122 890 flumina
1145 861 1249 904 ergo
1270 844 1463 903 Babylo-

13 923 15 927 ’
69 933 90 956 »
125 915 191 960 nis
215 915 275 958 ibi
295 915 487 960 sedimus
510 926 552 960 et
575 917 799 972 flevimus,
825 932 927 960 cum
951 915 1280 960 recordaremur
1304 916 1456 960 Sion.»

10 993 19 1006 '¹
66 987 103 1030 O
125 995 269 1030 sancta
296 988 422 1042 Sion,
450 988 526 1031 ubi
550 997 690 1032 totum
714 997 820 1043 stat,
846 998 889 1032 et
910 987 1020 1032 nihil
1037 988 1161 1032 fluit!
1183 987 1289 1042 Quis
1311 1003 1390 1032 nos
1416 988 1461 1031 in

8 1065 19 1108 ,‘
66 1057 144 1101 ista
166 1057 489 1116 praecipitavit?
517 1060 660 1110 Quare
695 1058 937 1101 dimisimus
959 1059 1246 1102 Conditorem
1268 1067 1395 1101 tuum
1419 1067 1463 1101 et

8 1148 13 1157 ν
65 1126 316 1172 societatem
337 1137 459 1172 tuam
478 1130 496 1172 Ρ
524 1131 638 1172 Ecce
667 1127 780 1172 inter
813 1128 996 1172 fluentia
1019 1137 1062 1172 et
1082 1127 1275 1171 labentia
1297 1127 1462 1172 consti-

8 1221 13 1228 ·
64 1199 176 1254 tuti,
208 1199 276 1243 vix
311 1199 542 1259 quisquam
573 1208 722 1259 raptus
751 1216 774 1243 a
814 1199 1023 1255 flumine,
1059 1200 1093 1243 si
1124 1209 1270 1243 tenere
1291 1199 1463 1258 lignum

6 1315 10 1331 Ξ
64 1269 282 1329 potuerit,
303 1269 472 1314 evadet.
498 1270 725 1315 Humiliati
748 1286 853 1329 ergo
880 1271 927 1314 in
951 1271 1204 1330 captivitate
1223 1279 1371 1314 nostra
1394 1286 1463 1315 se-

6 1331 15 1354 ‘'
64 1339 244 1384 deamus
269 1356 399 1400 super
430 1342 612 1386 flumina
647 1341 883 1399 Babylonis
903 1376 915 1397 ‚
941 1358 1031 1386 non
1055 1358 1134 1386 nos
1156 1341 1399 1387 audeamus
1417 1344 1463 1385 in

63 1409 148 1454 illis
179 1411 433 1455 fluminibus
450 1412 747 1471 praecipitare3
768 1427 848 1456 nec
871 1428 949 1456 nos
977 1412 1214 1456 audeamus
1237 1413 1283 1455 in
1301 1420 1461 1460 nostrae

4 1499 12 1517 r
63 1481 324 1539 captivitatis
342 1481 456 1526 malo
474 1491 606 1542 atque
625 1483 796 1527 tristitia
816 1483 1001 1542 superbe
1021 1483 1202 1541 erigere,
1220 1483 1296 1527 sed
1318 1482 1465 1528 sedea-

0 1603 3 1606 ‚
62 1565 158 1596 mus
173 1586 184 1606 ‚
211 1560 253 1594 et
275 1551 334 1596 sie
358 1552 554 1596 fleamus,
584 1553 820 1597 Sedeamus
840 1569 969 1612 super
993 1554 1176 1597 flumina
1198 1552 1457 1611 Babylonis,

0 1657 4 1665 ,
61 1637 149 1666 non
174 1621 285 1666 infra
318 1621 501 1667 ssumina
524 1622 761 1681 Babylonis
784 1642 793 1667 :
818 1623 916 1667 talis
938 1623 994 1667 sit
1025 1623 1250 1668 humilitas
1274 1633 1421 1667 nostra
1442 1658 1454 1678 ‚

0 1706 3 1748 ξ
61 1701 110 1736 ut
132 1707 210 1737 nos
237 1709 327 1737 non
348 1703 530 1752 mergat.
559 1694 670 1738 Sede
692 1709 823 1753 super
846 1694 1013 1738 flumen
1030 1729 1040 1749 ,
1066 1694 1158 1738 noli
1179 1695 1223 1739 in
1247 1695 1456 1749 flumine,

9 1810 11 1814 ,
62 1764 152 1809 noli
180 1765 263 1808 sub
292 1765 473 1809 flumine
500 1785 509 1810 z
543 1765 619 1809 sed
642 1774 788 1809 tamen
810 1765 912 1809 sede
940 1765 1118 1810 humilis
1136 1800 1147 1822 ,
1171 1766 1354 1827 loquere
1371 1782 1461 1810 non

61 1835 284 1896 quomodo
305 1836 350 1882 in
368 1835 624 1883 Jerusalem.
648 1836 716 1880 Ibi
743 1836 859 1880 enim
880 1836 1012 1880 stabis
1039 1856 1047 1881 :
1069 1837 1172 1897 quia
1191 1837 1246 1880 de
1268 1838 1357 1896 ipsa
1385 1852 1460 1896 spe

60 1906 257 1967 loquitur
280 1905 388 1950 alius
412 1906 608 1951 Psalmus
625 1943 635 1961 ‚
654 1916 697 1951 et
721 1916 870 1952 cantat
886 1906 1034 1951 dicens
1062 1927 1070 1952 :
1097 1928 1115 1949 «
1141 1910 1312 1952 Stantes
1336 1916 1460 1952 erant

64 1996 84 2020 »
118 1977 250 2037 pedes
282 1979 419 2023 nostri
446 1979 489 2023 in
520 1979 634 2023 atriis
664 1978 950 2022 Jerusalem¹.
980 1997 1000 2020 »
1035 1979 1104 2022 Ibi
1132 1979 1333 2038 erigeris,
1359 1979 1393 2022 si
1417 1988 1459 2023 te

62 2048 133 2093 hic
150 2048 406 2108 poenitendo
435 2058 478 2094 et
497 2050 750 2094 confitendo
782 2047 1095 2094 humiliaveris.
1126 2052 1178 2093 In
1207 2049 1324 2093 atriis
1354 2064 1458 2108 ergo

62 2119 298 2165 Jerusalem
317 2129 479 2164 stantes
500 2129 624 2165 erant
646 2119 779 2180 pedes
801 2121 953 2165 nostri.
970 2122 1142 2180 «Super
1156 2120 1340 2164 flumina
1353 2136 1457 2165 vero

64 2206 84 2230 >›
99 2191 158 2234 Ba
166 2189 337 2248 bylonis
351 2190 540 2234 sedimus
553 2199 596 2234 et
608 2191 827 2245 flevimus,
844 2206 944 2235 cum
961 2189 1291 2235 recordaremur
1306 2191 1453 2236 Sion.»

63 2259 170 2305 Inde
193 2269 367 2319 oportet
384 2270 434 2304 ut
451 2261 553 2305 sseas
576 2261 850 2306 recordando
876 2261 995 2306 Sion.

118 2332 171 2374 V.
196 2330 326 2375 Multi
354 2331 471 2374 enim
496 2331 604 2376 ssent
630 2332 737 2375 fletu
770 2331 1040 2389 Babylonio,
1068 2331 1169 2392 quia
1195 2340 1239 2376 et
1263 2329 1456 2390 gaudent

61 2400 217 2460 gaudio
242 2401 501 2459 Babylonio.
538 2402 620 2454 Qui
650 2398 844 2461 gaudent
877 2402 1008 2447 lucris
1045 2411 1089 2446 et
1121 2402 1230 2447 ssent
1259 2401 1451 2457 damnis,

59 2480 296 2532 utrumque
314 2471 369 2515 de
391 2471 631 2530 Babylonia
651 2481 728 2516 est.
752 2471 876 2516 Flere
899 2471 1053 2528 debes,
1081 2472 1158 2517 sed
1180 2469 1451 2517 recordando

110 2565 118 2581 ¹
142 2558 220 2590 Psal.
239 2568 323 2599 cxxi.
345 2567 376 2591 2.
