<?xml version="1.0" encoding="UTF-8"?>
<!DOCTYPE html PUBLIC "-//W3C//DTD XHTML 1.0 Transitional//EN"
    "http://www.w3.org/TR/xhtml1/DTD/xhtml1-transitional.dtd">
<html xmlns="http://www.w3.org/1999/xhtml" xml:lang="en" lang="en">
 <head>
  <title>
</title>
<meta http-equiv="Content-Type" content="text/html;charset=utf-8" />
  <meta name='ocr-system' content='tesseract 3.04.00' />
  <meta name='ocr-capabilities' content='ocr_page ocr_carea ocr_par ocr_line ocrx_word'/>
</head>
<body>
  <div class='ocr_page' id='page_1' title='image "./operaomniaaccura12auguuoft_0041.png"; bbox 0 0 1856 3268; ppageno 0'>
   <div class='ocr_carea' id='block_1_1' title="bbox 427 153 1461 194">
    <p class='ocr_par' dir='ltr' id='par_1_1' title="bbox 427 153 1461 194">
     <span class='ocr_line' id='line_1_1' title="bbox 427 153 1461 194; baseline -0.002 0"><span class='ocrx_word' id='word_1_1' title='bbox 427 161 669 194; x_wconf 75' lang='lat' dir='ltr'>ENARRATIO</span> <span class='ocrx_word' id='word_1_2' title='bbox 700 165 745 193; x_wconf 82' lang='lat' dir='ltr'>IN</span> <span class='ocrx_word' id='word_1_3' title='bbox 778 161 982 194; x_wconf 72' lang='lat' dir='ltr'>PsALMUM</span> <span class='ocrx_word' id='word_1_4' title='bbox 1012 165 1130 193; x_wconf 84' lang='lat' dir='ltr'><strong>CXXI·</strong></span> <span class='ocrx_word' id='word_1_5' title='bbox 1411 153 1461 192; x_wconf 85' lang='lat'>31</span> 
     </span>
    </p>
   </div>
   <div class='ocr_carea' id='block_1_2' title="bbox 79 228 1478 2536">
    <p class='ocr_par' dir='ltr' id='par_1_2' title="bbox 79 228 1478 2536">
     <span class='ocr_line' id='line_1_2' title="bbox 83 228 1465 290; baseline 0.001 -18"><span class='ocrx_word' id='word_1_6' title='bbox 83 249 104 273; x_wconf 85' lang='lat'>»</span> <span class='ocrx_word' id='word_1_7' title='bbox 139 232 234 290; x_wconf 84' lang='lat' dir='ltr'>Ego</span> <span class='ocrx_word' id='word_1_8' title='bbox 249 245 345 274; x_wconf 88' lang='lat' dir='ltr'>sum</span> <span class='ocrx_word' id='word_1_9' title='bbox 366 233 479 274; x_wconf 89' lang='lat' dir='ltr'>Deus</span> <span class='ocrx_word' id='word_1_10' title='bbox 502 230 723 274; x_wconf 85' lang='lat' dir='ltr'>Abraham</span> <span class='ocrx_word' id='word_1_11' title='bbox 737 265 747 285; x_wconf 93' lang='lat'>,</span> <span class='ocrx_word' id='word_1_12' title='bbox 766 239 809 274; x_wconf 90' lang='lat' dir='ltr'>et</span> <span class='ocrx_word' id='word_1_13' title='bbox 830 234 943 275; x_wconf 84' lang='lat' dir='ltr'>Deus</span> <span class='ocrx_word' id='word_1_14' title='bbox 962 233 1096 283; x_wconf 84' lang='lat' dir='ltr'>Isaac,</span> <span class='ocrx_word' id='word_1_15' title='bbox 1114 237 1158 273; x_wconf 88' lang='lat' dir='ltr'>et</span> <span class='ocrx_word' id='word_1_16' title='bbox 1168 231 1281 273; x_wconf 84' lang='lat' dir='ltr'>Dcus</span> <span class='ocrx_word' id='word_1_17' title='bbox 1295 228 1432 273; x_wconf 82' lang='lat' dir='ltr'>Jacob</span> <span class='ocrx_word' id='word_1_18' title='bbox 1454 249 1465 274; x_wconf 85' lang='grc'><strong>;</strong></span> 
     </span>
     <span class='ocr_line' id='line_1_3' title="bbox 83 298 1465 358; baseline 0.001 -16"><span class='ocrx_word' id='word_1_19' title='bbox 83 319 104 343; x_wconf 84' lang='lat'>»</span> <span class='ocrx_word' id='word_1_20' title='bbox 139 302 221 345; x_wconf 90' lang='lat' dir='ltr'>hoc</span> <span class='ocrx_word' id='word_1_21' title='bbox 234 301 338 345; x_wconf 85' lang='lat' dir='ltr'>mihi</span> <span class='ocrx_word' id='word_1_22' title='bbox 355 315 515 345; x_wconf 87' lang='lat' dir='ltr'>nomen</span> <span class='ocrx_word' id='word_1_23' title='bbox 532 301 653 344; x_wconf 89' lang='lat' dir='ltr'>estin</span> <span class='ocrx_word' id='word_1_24' title='bbox 668 309 881 344; x_wconf 81' lang='lat' dir='ltr'>aeternum</span> <span class='ocrx_word' id='word_1_25' title='bbox 895 303 922 343; x_wconf 89' lang='lat'>¹.</span> <span class='ocrx_word' id='word_1_26' title='bbox 942 318 961 340; x_wconf 88' lang='lat'>»</span> <span class='ocrx_word' id='word_1_27' title='bbox 982 299 1079 344; x_wconf 86' lang='lat' dir='ltr'>Noli</span> <span class='ocrx_word' id='word_1_28' title='bbox 1095 298 1150 343; x_wconf 85' lang='lat' dir='ltr'>de</span> <span class='ocrx_word' id='word_1_29' title='bbox 1163 308 1204 342; x_wconf 78' lang='lat' dir='ltr'>te</span> <span class='ocrx_word' id='word_1_30' title='bbox 1220 299 1465 358; x_wconf 84' lang='lat' dir='ltr'>desperare,</span> 
     </span>
     <span class='ocr_line' id='line_1_4' title="bbox 79 370 1469 433; baseline -0.001 -18"><span class='ocrx_word' id='word_1_31' title='bbox 79 372 180 433; x_wconf 91' lang='lat' dir='ltr'>quia</span> <span class='ocrx_word' id='word_1_32' title='bbox 200 371 287 416; x_wconf 85' lang='lat' dir='ltr'><strong>dixi</strong></span> <span class='ocrx_word' id='word_1_33' title='bbox 318 391 327 416; x_wconf 91' lang='lat'>:</span> <span class='ocrx_word' id='word_1_34' title='bbox 358 390 378 413; x_wconf 90' lang='lat'>«</span> <span class='ocrx_word' id='word_1_35' title='bbox 404 374 496 429; x_wconf 84' lang='lat' dir='ltr'>Ego</span> <span class='ocrx_word' id='word_1_36' title='bbox 530 386 626 414; x_wconf 90' lang='lat' dir='ltr'>sum</span> <span class='ocrx_word' id='word_1_37' title='bbox 655 371 731 431; x_wconf 88' lang='lat' dir='ltr'>qui</span> <span class='ocrx_word' id='word_1_38' title='bbox 753 387 872 427; x_wconf 88' lang='lat' dir='ltr'>sum,</span> <span class='ocrx_word' id='word_1_39' title='bbox 893 380 960 425; x_wconf 88' lang='lat' dir='ltr'>et,</span> <span class='ocrx_word' id='word_1_40' title='bbox 982 370 1067 424; x_wconf 86' lang='lat' dir='ltr'>Qui</span> <span class='ocrx_word' id='word_1_41' title='bbox 1095 380 1159 415; x_wconf 88' lang='lat' dir='ltr'>est</span> <span class='ocrx_word' id='word_1_42' title='bbox 1184 370 1299 414; x_wconf 87' lang='lat' dir='ltr'>misit</span> <span class='ocrx_word' id='word_1_43' title='bbox 1321 386 1390 414; x_wconf 89' lang='lat' dir='ltr'>me</span> <span class='ocrx_word' id='word_1_44' title='bbox 1413 370 1469 414; x_wconf 87' lang='lat' dir='ltr'>ad</span> 
     </span>
     <span class='ocr_line' id='line_1_5' title="bbox 81 440 1469 502; baseline 0 -19"><span class='ocrx_word' id='word_1_45' title='bbox 81 460 102 484; x_wconf 87' lang='lat'>»</span> <span class='ocrx_word' id='word_1_46' title='bbox 137 457 213 487; x_wconf 89' lang='lat' dir='ltr'>vos</span> <span class='ocrx_word' id='word_1_47' title='bbox 237 461 245 486; x_wconf 91' lang='lat'>:</span> <span class='ocrx_word' id='word_1_48' title='bbox 275 460 296 483; x_wconf 89' lang='lat'>»</span> <span class='ocrx_word' id='word_1_49' title='bbox 328 442 431 502; x_wconf 90' lang='lat' dir='ltr'>quia</span> <span class='ocrx_word' id='word_1_50' title='bbox 461 450 509 485; x_wconf 88' lang='lat' dir='ltr'>tu</span> <span class='ocrx_word' id='word_1_51' title='bbox 531 441 662 485; x_wconf 89' lang='lat' dir='ltr'>modo</span> <span class='ocrx_word' id='word_1_52' title='bbox 690 441 900 496; x_wconf 76' lang='lat' dir='ltr'>fluctuas,</span> <span class='ocrx_word' id='word_1_53' title='bbox 927 450 971 485; x_wconf 85' lang='lat' dir='ltr'>et</span> <span class='ocrx_word' id='word_1_54' title='bbox 998 440 1290 485; x_wconf 77' lang='lat' dir='ltr'>mutabilitate</span> <span class='ocrx_word' id='word_1_55' title='bbox 1323 455 1469 484; x_wconf 87' lang='lat' dir='ltr'>rerum</span> 
     </span>
     <span class='ocr_line' id='line_1_6' title="bbox 80 508 1470 570; baseline -0.002 -14"><span class='ocrx_word' id='word_1_56' title='bbox 80 521 123 556; x_wconf 87' lang='lat' dir='ltr'>et</span> <span class='ocrx_word' id='word_1_57' title='bbox 138 512 344 556; x_wconf 88' lang='lat' dir='ltr'>varietate</span> <span class='ocrx_word' id='word_1_58' title='bbox 365 510 638 555; x_wconf 81' lang='lat' dir='ltr'>mortalitatis</span> <span class='ocrx_word' id='word_1_59' title='bbox 652 512 855 555; x_wconf 81' lang='lat' dir='ltr'>humanae</span> <span class='ocrx_word' id='word_1_60' title='bbox 871 511 1092 570; x_wconf 80' lang='lat' dir='ltr'>percipere</span> <span class='ocrx_word' id='word_1_61' title='bbox 1109 526 1199 555; x_wconf 91' lang='lat' dir='ltr'>non</span> <span class='ocrx_word' id='word_1_62' title='bbox 1211 519 1333 570; x_wconf 91' lang='lat' dir='ltr'>potes</span> <span class='ocrx_word' id='word_1_63' title='bbox 1349 508 1470 570; x_wconf 87' lang='lat' dir='ltr'>quod</span> 
     </span>
     <span class='ocr_line' id='line_1_7' title="bbox 81 581 1466 642; baseline -0.002 -15"><span class='ocrx_word' id='word_1_64' title='bbox 81 591 144 627; x_wconf 86' lang='lat' dir='ltr'>est</span> <span class='ocrx_word' id='word_1_65' title='bbox 180 582 380 642; x_wconf 88' lang='lat' dir='ltr'>idipsum.</span> <span class='ocrx_word' id='word_1_66' title='bbox 408 584 499 639; x_wconf 82' lang='lat' dir='ltr'>Ego</span> <span class='ocrx_word' id='word_1_67' title='bbox 535 581 776 637; x_wconf 82' lang='lat' dir='ltr'>descendo,</span> <span class='ocrx_word' id='word_1_68' title='bbox 815 582 916 642; x_wconf 86' lang='lat' dir='ltr'>quia</span> <span class='ocrx_word' id='word_1_69' title='bbox 949 591 996 625; x_wconf 91' lang='lat' dir='ltr'>tu</span> <span class='ocrx_word' id='word_1_70' title='bbox 1027 582 1176 624; x_wconf 90' lang='lat' dir='ltr'>venire</span> <span class='ocrx_word' id='word_1_71' title='bbox 1204 597 1294 625; x_wconf 91' lang='lat' dir='ltr'>non</span> <span class='ocrx_word' id='word_1_72' title='bbox 1330 588 1466 640; x_wconf 86' lang='lat' dir='ltr'>potes.</span> 
     </span>
     <span class='ocr_line' id='line_1_8' title="bbox 86 652 1472 711; baseline -0.001 -14"><span class='ocrx_word' id='word_1_73' title='bbox 86 673 106 696; x_wconf 93' lang='lat'>«</span> <span class='ocrx_word' id='word_1_74' title='bbox 141 656 234 711; x_wconf 84' lang='lat' dir='ltr'>Ego</span> <span class='ocrx_word' id='word_1_75' title='bbox 267 667 363 696; x_wconf 91' lang='lat' dir='ltr'>sum</span> <span class='ocrx_word' id='word_1_76' title='bbox 389 655 501 696; x_wconf 86' lang='lat' dir='ltr'>Deus</span> <span class='ocrx_word' id='word_1_77' title='bbox 523 652 744 696; x_wconf 87' lang='lat' dir='ltr'>Abraham</span> <span class='ocrx_word' id='word_1_78' title='bbox 762 688 773 707; x_wconf 94' lang='lat'>,</span> <span class='ocrx_word' id='word_1_79' title='bbox 798 661 841 696; x_wconf 89' lang='lat' dir='ltr'>et</span> <span class='ocrx_word' id='word_1_80' title='bbox 864 655 977 697; x_wconf 87' lang='lat' dir='ltr'>Deus</span> <span class='ocrx_word' id='word_1_81' title='bbox 1012 655 1150 707; x_wconf 82' lang='lat' dir='ltr'>Isaac,</span> <span class='ocrx_word' id='word_1_82' title='bbox 1187 661 1230 695; x_wconf 85' lang='lat' dir='ltr'>et</span> <span class='ocrx_word' id='word_1_83' title='bbox 1259 655 1372 696; x_wconf 88' lang='lat' dir='ltr'>Deus</span> <span class='ocrx_word' id='word_1_84' title='bbox 1396 654 1472 696; x_wconf 88' lang='lat' dir='ltr'>Ja-</span> 
     </span>
     <span class='ocr_line' id='line_1_9' title="bbox 84 722 1472 783; baseline -0.001 -17"><span class='ocrx_word' id='word_1_85' title='bbox 84 743 105 766; x_wconf 85' lang='lat'>»</span> <span class='ocrx_word' id='word_1_86' title='bbox 140 724 240 768; x_wconf 88' lang='lat' dir='ltr'>coh.</span> <span class='ocrx_word' id='word_1_87' title='bbox 269 742 289 764; x_wconf 87' lang='lat'>»</span> <span class='ocrx_word' id='word_1_88' title='bbox 317 726 368 767; x_wconf 94' lang='lat' dir='ltr'>ln</span> <span class='ocrx_word' id='word_1_89' title='bbox 385 723 546 766; x_wconf 83' lang='lat' dir='ltr'>semine</span> <span class='ocrx_word' id='word_1_90' title='bbox 568 723 786 767; x_wconf 84' lang='lat' dir='ltr'>Abraham</span> <span class='ocrx_word' id='word_1_91' title='bbox 809 739 932 783; x_wconf 84' lang='lat' dir='ltr'>spera</span> <span class='ocrx_word' id='word_1_92' title='bbox 947 722 1134 782; x_wconf 87' lang='lat' dir='ltr'>aliquid,</span> <span class='ocrx_word' id='word_1_93' title='bbox 1158 732 1208 766; x_wconf 91' lang='lat' dir='ltr'>ut</span> <span class='ocrx_word' id='word_1_94' title='bbox 1222 722 1472 767; x_wconf 86' lang='lat' dir='ltr'>confirmari</span> 
     </span>
     <span class='ocr_line' id='line_1_10' title="bbox 82 793 1381 854; baseline -0.002 -15"><span class='ocrx_word' id='word_1_95' title='bbox 82 796 215 854; x_wconf 89' lang='lat' dir='ltr'>possis</span> <span class='ocrx_word' id='word_1_96' title='bbox 236 794 292 838; x_wconf 89' lang='lat' dir='ltr'>ad</span> <span class='ocrx_word' id='word_1_97' title='bbox 314 794 554 837; x_wconf 87' lang='lat' dir='ltr'>videndum</span> <span class='ocrx_word' id='word_1_98' title='bbox 571 795 647 853; x_wconf 89' lang='lat' dir='ltr'>qui</span> <span class='ocrx_word' id='word_1_99' title='bbox 664 795 783 838; x_wconf 89' lang='lat' dir='ltr'>venit</span> <span class='ocrx_word' id='word_1_100' title='bbox 799 793 854 838; x_wconf 79' lang='lat' dir='ltr'>acl</span> <span class='ocrx_word' id='word_1_101' title='bbox 874 803 916 837; x_wconf 88' lang='lat' dir='ltr'>te</span> <span class='ocrx_word' id='word_1_102' title='bbox 929 794 975 836; x_wconf 88' lang='lat' dir='ltr'>in</span> <span class='ocrx_word' id='word_1_103' title='bbox 994 795 1157 837; x_wconf 75' lang='lat' dir='ltr'>semine</span> <span class='ocrx_word' id='word_1_104' title='bbox 1180 794 1381 837; x_wconf 83' lang='lat' dir='ltr'>Abrahae.</span> 
     </span>
     <span class='ocr_line' id='line_1_11' title="bbox 140 864 1475 924; baseline -0.001 -15"><span class='ocrx_word' id='word_1_105' title='bbox 140 868 216 909; x_wconf 90' lang='lat' dir='ltr'>VI.</span> <span class='ocrx_word' id='word_1_106' title='bbox 234 867 351 923; x_wconf 82' lang='lat' dir='ltr'>Ergo</span> <span class='ocrx_word' id='word_1_107' title='bbox 374 865 457 908; x_wconf 91' lang='lat' dir='ltr'>hoc</span> <span class='ocrx_word' id='word_1_108' title='bbox 479 873 544 907; x_wconf 87' lang='lat' dir='ltr'>est</span> <span class='ocrx_word' id='word_1_109' title='bbox 563 864 769 922; x_wconf 85' lang='lat' dir='ltr'>idipsum,</span> <span class='ocrx_word' id='word_1_110' title='bbox 797 864 852 908; x_wconf 84' lang='lat' dir='ltr'>de</span> <span class='ocrx_word' id='word_1_111' title='bbox 874 880 962 924; x_wconf 89' lang='lat' dir='ltr'>quo</span> <span class='ocrx_word' id='word_1_112' title='bbox 983 864 1150 907; x_wconf 87' lang='lat' dir='ltr'>dictum</span> <span class='ocrx_word' id='word_1_113' title='bbox 1169 873 1233 908; x_wconf 80' lang='lat' dir='ltr'>est</span> <span class='ocrx_word' id='word_1_114' title='bbox 1247 899 1257 919; x_wconf 92' lang='lat'>,</span> <span class='ocrx_word' id='word_1_115' title='bbox 1283 883 1303 906; x_wconf 89' lang='lat'>«</span> <span class='ocrx_word' id='word_1_116' title='bbox 1328 866 1475 907; x_wconf 87' lang='lat' dir='ltr'>Muta-</span> 
     </span>
     <span class='ocr_line' id='line_1_12' title="bbox 86 934 1473 993; baseline -0.001 -16"><span class='ocrx_word' id='word_1_117' title='bbox 86 955 105 978; x_wconf 85' lang='lat'>»</span> <span class='ocrx_word' id='word_1_118' title='bbox 141 936 206 980; x_wconf 90' lang='lat' dir='ltr'>bis</span> <span class='ocrx_word' id='word_1_119' title='bbox 231 950 280 978; x_wconf 89' lang='lat' dir='ltr'>ea</span> <span class='ocrx_word' id='word_1_120' title='bbox 299 969 310 988; x_wconf 91' lang='lat'>,</span> <span class='ocrx_word' id='word_1_121' title='bbox 335 944 378 978; x_wconf 87' lang='lat' dir='ltr'>et</span> <span class='ocrx_word' id='word_1_122' title='bbox 400 934 691 978; x_wconf 88' lang='lat' dir='ltr'>mutabuntur</span> <span class='ocrx_word' id='word_1_123' title='bbox 711 968 722 988; x_wconf 93' lang='lat'>,</span> <span class='ocrx_word' id='word_1_124' title='bbox 748 943 798 978; x_wconf 90' lang='lat' dir='ltr'>tu</span> <span class='ocrx_word' id='word_1_125' title='bbox 816 943 963 977; x_wconf 89' lang='lat' dir='ltr'>autem</span> <span class='ocrx_word' id='word_1_126' title='bbox 982 934 1098 977; x_wconf 91' lang='lat' dir='ltr'>idem</span> <span class='ocrx_word' id='word_1_127' title='bbox 1115 934 1206 993; x_wconf 86' lang='lat' dir='ltr'>ipse</span> <span class='ocrx_word' id='word_1_128' title='bbox 1219 949 1262 977; x_wconf 89' lang='lat' dir='ltr'>es</span> <span class='ocrx_word' id='word_1_129' title='bbox 1278 968 1289 987; x_wconf 87' lang='lat'>,</span> <span class='ocrx_word' id='word_1_130' title='bbox 1308 943 1351 977; x_wconf 85' lang='lat' dir='ltr'>et</span> <span class='ocrx_word' id='word_1_131' title='bbox 1368 934 1473 976; x_wconf 87' lang='lat' dir='ltr'>anni</span> 
     </span>
     <span class='ocr_line' id='line_1_13' title="bbox 85 1003 1475 1063; baseline -0.001 -16"><span class='ocrx_word' id='word_1_132' title='bbox 85 1024 106 1048; x_wconf 87' lang='lat'>»</span> <span class='ocrx_word' id='word_1_133' title='bbox 140 1006 204 1049; x_wconf 89' lang='lat' dir='ltr'>tui</span> <span class='ocrx_word' id='word_1_134' title='bbox 226 1021 314 1049; x_wconf 93' lang='lat' dir='ltr'>non</span> <span class='ocrx_word' id='word_1_135' title='bbox 348 1004 568 1048; x_wconf 82' lang='lat' dir='ltr'>deficient.</span> <span class='ocrx_word' id='word_1_136' title='bbox 603 1007 717 1048; x_wconf 88' lang='lat' dir='ltr'>Ecce</span> <span class='ocrx_word' id='word_1_137' title='bbox 743 1003 955 1062; x_wconf 86' lang='lat' dir='ltr'>idipsum,</span> <span class='ocrx_word' id='word_1_138' title='bbox 981 1005 1103 1063; x_wconf 88' lang='lat' dir='ltr'>cujus</span> <span class='ocrx_word' id='word_1_139' title='bbox 1126 1005 1229 1047; x_wconf 88' lang='lat' dir='ltr'>anni</span> <span class='ocrx_word' id='word_1_140' title='bbox 1252 1019 1341 1047; x_wconf 89' lang='lat' dir='ltr'>non</span> <span class='ocrx_word' id='word_1_141' title='bbox 1365 1004 1475 1046; x_wconf 87' lang='lat' dir='ltr'>defi-</span> 
     </span>
     <span class='ocr_line' id='line_1_14' title="bbox 87 1072 1469 1133; baseline 0.001 -17"><span class='ocrx_word' id='word_1_142' title='bbox 87 1094 106 1117; x_wconf 87' lang='lat'>»</span> <span class='ocrx_word' id='word_1_143' title='bbox 143 1076 299 1119; x_wconf 71' lang='lat' dir='ltr'>cient2.</span> <span class='ocrx_word' id='word_1_144' title='bbox 330 1093 350 1115; x_wconf 72' lang='grc' dir='ltr'><strong>υ</strong></span> <span class='ocrx_word' id='word_1_145' title='bbox 372 1077 559 1127; x_wconf 81' lang='lat' dir='ltr'>Fratres,</span> <span class='ocrx_word' id='word_1_146' title='bbox 576 1089 723 1117; x_wconf 88' lang='lat' dir='ltr'>nonne</span> <span class='ocrx_word' id='word_1_147' title='bbox 741 1073 844 1117; x_wconf 88' lang='lat' dir='ltr'>anni</span> <span class='ocrx_word' id='word_1_148' title='bbox 866 1075 1000 1117; x_wconf 86' lang='lat' dir='ltr'>nostri</span> <span class='ocrx_word' id='word_1_149' title='bbox 1023 1074 1218 1133; x_wconf 85' lang='lat' dir='ltr'>quotidie</span> <span class='ocrx_word' id='word_1_150' title='bbox 1241 1072 1469 1128; x_wconf 88' lang='lat' dir='ltr'>deficiunt,</span> 
     </span>
     <span class='ocr_line' id='line_1_15' title="bbox 83 1144 1471 1203; baseline -0.002 -14"><span class='ocrx_word' id='word_1_151' title='bbox 83 1161 164 1189; x_wconf 88' lang='lat' dir='ltr'>nec</span> <span class='ocrx_word' id='word_1_152' title='bbox 185 1154 301 1188; x_wconf 86' lang='lat' dir='ltr'>stant</span> <span class='ocrx_word' id='word_1_153' title='bbox 322 1145 528 1188; x_wconf 83' lang='lat' dir='ltr'>omnino?</span> <span class='ocrx_word' id='word_1_154' title='bbox 551 1146 660 1188; x_wconf 87' lang='lat' dir='ltr'>Nam</span> <span class='ocrx_word' id='word_1_155' title='bbox 693 1152 736 1187; x_wconf 80' lang='lat' dir='ltr'>et</span> <span class='ocrx_word' id='word_1_156' title='bbox 758 1144 835 1203; x_wconf 88' lang='lat' dir='ltr'>qui</span> <span class='ocrx_word' id='word_1_157' title='bbox 857 1154 1100 1198; x_wconf 85' lang='lat' dir='ltr'>venerunt,</span> <span class='ocrx_word' id='word_1_158' title='bbox 1120 1145 1211 1203; x_wconf 88' lang='lat' dir='ltr'>jam</span> <span class='ocrx_word' id='word_1_159' title='bbox 1236 1159 1325 1187; x_wconf 93' lang='lat' dir='ltr'>non</span> <span class='ocrx_word' id='word_1_160' title='bbox 1347 1152 1471 1200; x_wconf 65' lang='lat' dir='ltr'>sunt,</span> 
     </span>
     <span class='ocr_line' id='line_1_16' title="bbox 84 1213 1476 1275; baseline -0.001 -16"><span class='ocrx_word' id='word_1_161' title='bbox 84 1225 128 1260; x_wconf 88' lang='lat' dir='ltr'>et</span> <span class='ocrx_word' id='word_1_162' title='bbox 141 1216 216 1275; x_wconf 88' lang='lat' dir='ltr'>qui</span> <span class='ocrx_word' id='word_1_163' title='bbox 239 1214 376 1258; x_wconf 88' lang='lat' dir='ltr'>futuri</span> <span class='ocrx_word' id='word_1_164' title='bbox 398 1223 521 1269; x_wconf 87' lang='lat' dir='ltr'>sunt,</span> <span class='ocrx_word' id='word_1_165' title='bbox 548 1213 745 1258; x_wconf 89' lang='lat' dir='ltr'>nondum</span> <span class='ocrx_word' id='word_1_166' title='bbox 769 1223 871 1257; x_wconf 88' lang='lat' dir='ltr'>sunt</span> <span class='ocrx_word' id='word_1_167' title='bbox 893 1230 902 1255; x_wconf 72' lang='grc' dir='ltr'>ε</span> <span class='ocrx_word' id='word_1_168' title='bbox 918 1215 1008 1274; x_wconf 86' lang='lat' dir='ltr'>jam</span> <span class='ocrx_word' id='word_1_169' title='bbox 1030 1213 1093 1257; x_wconf 90' lang='lat' dir='ltr'>illi</span> <span class='ocrx_word' id='word_1_170' title='bbox 1125 1214 1406 1268; x_wconf 85' lang='lat' dir='ltr'>defecerunt,</span> <span class='ocrx_word' id='word_1_171' title='bbox 1432 1223 1476 1258; x_wconf 87' lang='lat' dir='ltr'>et</span> 
     </span>
     <span class='ocr_line' id='line_1_17' title="bbox 84 1283 1474 1343; baseline -0.001 -14"><span class='ocrx_word' id='word_1_172' title='bbox 84 1286 146 1330; x_wconf 90' lang='lat' dir='ltr'>illi</span> <span class='ocrx_word' id='word_1_173' title='bbox 167 1285 381 1330; x_wconf 86' lang='lat' dir='ltr'>defecturi</span> <span class='ocrx_word' id='word_1_174' title='bbox 404 1285 575 1329; x_wconf 87' lang='lat' dir='ltr'>venturi</span> <span class='ocrx_word' id='word_1_175' title='bbox 593 1294 709 1328; x_wconf 88' lang='lat' dir='ltr'>sunt.</span> <span class='ocrx_word' id='word_1_176' title='bbox 738 1288 789 1328; x_wconf 92' lang='lat' dir='ltr'>In</span> <span class='ocrx_word' id='word_1_177' title='bbox 812 1285 894 1329; x_wconf 89' lang='lat' dir='ltr'>hoe</span> <span class='ocrx_word' id='word_1_178' title='bbox 915 1299 1015 1342; x_wconf 82' lang='lat' dir='ltr'>ergo</span> <span class='ocrx_word' id='word_1_179' title='bbox 1038 1285 1130 1343; x_wconf 88' lang='lat' dir='ltr'>ipso</span> <span class='ocrx_word' id='word_1_180' title='bbox 1151 1300 1241 1329; x_wconf 86' lang='lat' dir='ltr'>uno</span> <span class='ocrx_word' id='word_1_181' title='bbox 1262 1284 1333 1328; x_wconf 82' lang='lat' dir='ltr'>die</span> <span class='ocrx_word' id='word_1_182' title='bbox 1347 1320 1358 1340; x_wconf 92' lang='lat'>,</span> <span class='ocrx_word' id='word_1_183' title='bbox 1384 1283 1474 1328; x_wconf 85' lang='lat' dir='ltr'>fra-</span> 
     </span>
     <span class='ocr_line' id='line_1_18' title="bbox 85 1356 1474 1416; baseline -0.003 -14"><span class='ocrx_word' id='word_1_184' title='bbox 85 1368 192 1412; x_wconf 84' lang='lat' dir='ltr'>tres,</span> <span class='ocrx_word' id='word_1_185' title='bbox 227 1373 327 1401; x_wconf 90' lang='lat' dir='ltr'>ecce</span> <span class='ocrx_word' id='word_1_186' title='bbox 346 1356 491 1402; x_wconf 74' lang='lat' dir='ltr'>vmodo</span> <span class='ocrx_word' id='word_1_187' title='bbox 523 1356 642 1416; x_wconf 88' lang='lat' dir='ltr'>quod</span> <span class='ocrx_word' id='word_1_188' title='bbox 663 1356 886 1415; x_wconf 88' lang='lat' dir='ltr'>loquimur</span> <span class='ocrx_word' id='word_1_189' title='bbox 915 1356 962 1398; x_wconf 79' lang='lat' dir='ltr'>in</span> <span class='ocrx_word' id='word_1_190' title='bbox 997 1365 1220 1399; x_wconf 87' lang='lat' dir='ltr'>momento</span> <span class='ocrx_word' id='word_1_191' title='bbox 1242 1364 1320 1399; x_wconf 92' lang='lat' dir='ltr'>est.</span> <span class='ocrx_word' id='word_1_192' title='bbox 1361 1359 1474 1399; x_wconf 81' lang='lat' dir='ltr'>Prae-</span> 
     </span>
     <span class='ocr_line' id='line_1_19' title="bbox 86 1425 1477 1484; baseline -0.001 -12"><span class='ocrx_word' id='word_1_193' title='bbox 86 1429 223 1472; x_wconf 77' lang='lat' dir='ltr'>teritae</span> <span class='ocrx_word' id='word_1_194' title='bbox 245 1428 364 1472; x_wconf 85' lang='lat' dir='ltr'>horae</span> <span class='ocrx_word' id='word_1_195' title='bbox 393 1427 683 1479; x_wconf 68' lang='lat' dir='ltr'>transierunt,</span> <span class='ocrx_word' id='word_1_196' title='bbox 726 1426 888 1469; x_wconf 80' lang='lat' dir='ltr'>futurae</span> <span class='ocrx_word' id='word_1_197' title='bbox 920 1425 1119 1470; x_wconf 92' lang='lat' dir='ltr'>nondum</span> <span class='ocrx_word' id='word_1_198' title='bbox 1152 1436 1392 1484; x_wconf 72' lang='lat' dir='ltr'>venerunt,</span> <span class='ocrx_word' id='word_1_199' title='bbox 1433 1435 1477 1470; x_wconf 87' lang='lat' dir='ltr'>et</span> 
     </span>
     <span class='ocr_line' id='line_1_20' title="bbox 85 1497 1476 1556; baseline -0.001 -13"><span class='ocrx_word' id='word_1_200' title='bbox 85 1515 185 1543; x_wconf 90' lang='lat' dir='ltr'>cum</span> <span class='ocrx_word' id='word_1_201' title='bbox 222 1498 447 1553; x_wconf 86' lang='lat' dir='ltr'>venerint,</span> <span class='ocrx_word' id='word_1_202' title='bbox 474 1507 517 1541; x_wconf 89' lang='lat' dir='ltr'>et</span> <span class='ocrx_word' id='word_1_203' title='bbox 539 1498 642 1556; x_wconf 82' lang='lat' dir='ltr'>ipsae</span> <span class='ocrx_word' id='word_1_204' title='bbox 660 1497 909 1541; x_wconf 85' lang='lat' dir='ltr'>transibunt</span> <span class='ocrx_word' id='word_1_205' title='bbox 936 1506 979 1540; x_wconf 89' lang='lat' dir='ltr'>et</span> <span class='ocrx_word' id='word_1_206' title='bbox 1013 1497 1233 1541; x_wconf 87' lang='lat' dir='ltr'>deficient.</span> <span class='ocrx_word' id='word_1_207' title='bbox 1255 1498 1340 1550; x_wconf 90' lang='lat' dir='ltr'>Qui</span> <span class='ocrx_word' id='word_1_208' title='bbox 1373 1506 1476 1541; x_wconf 89' lang='lat' dir='ltr'>sunt</span> 
     </span>
     <span class='ocr_line' id='line_1_21' title="bbox 86 1567 1477 1629; baseline -0.001 -16"><span class='ocrx_word' id='word_1_209' title='bbox 86 1570 188 1613; x_wconf 87' lang='lat' dir='ltr'>anni</span> <span class='ocrx_word' id='word_1_210' title='bbox 209 1569 285 1629; x_wconf 82' lang='lat' dir='ltr'>qui</span> <span class='ocrx_word' id='word_1_211' title='bbox 319 1583 409 1612; x_wconf 93' lang='lat' dir='ltr'>non</span> <span class='ocrx_word' id='word_1_212' title='bbox 441 1567 677 1621; x_wconf 86' lang='lat' dir='ltr'>deficiunt,</span> <span class='ocrx_word' id='word_1_213' title='bbox 714 1567 793 1610; x_wconf 85' lang='lat' dir='ltr'>nisi</span> <span class='ocrx_word' id='word_1_214' title='bbox 816 1567 891 1627; x_wconf 86' lang='lat' dir='ltr'>qui</span> <span class='ocrx_word' id='word_1_215' title='bbox 917 1569 1062 1611; x_wconf 81' lang='lat' dir='ltr'>stant?</span> <span class='ocrx_word' id='word_1_216' title='bbox 1094 1568 1136 1611; x_wconf 88' lang='lat' dir='ltr'>Si</span> <span class='ocrx_word' id='word_1_217' title='bbox 1170 1583 1273 1626; x_wconf 80' lang='lat' dir='ltr'>ergo</span> <span class='ocrx_word' id='word_1_218' title='bbox 1296 1567 1355 1611; x_wconf 81' lang='lat' dir='ltr'>ibi</span> <span class='ocrx_word' id='word_1_219' title='bbox 1374 1569 1477 1612; x_wconf 87' lang='lat' dir='ltr'>anni</span> 
     </span>
     <span class='ocr_line' id='line_1_22' title="bbox 85 1639 1476 1699; baseline -0.001 -14"><span class='ocrx_word' id='word_1_220' title='bbox 85 1650 223 1695; x_wconf 87' lang='lat' dir='ltr'>stant,</span> <span class='ocrx_word' id='word_1_221' title='bbox 259 1650 303 1684; x_wconf 81' lang='lat' dir='ltr'>et</span> <span class='ocrx_word' id='word_1_222' title='bbox 338 1639 418 1699; x_wconf 80' lang='lat' dir='ltr'>ipsi</span> <span class='ocrx_word' id='word_1_223' title='bbox 451 1640 552 1683; x_wconf 87' lang='lat' dir='ltr'>anni</span> <span class='ocrx_word' id='word_1_224' title='bbox 584 1639 661 1699; x_wconf 87' lang='lat' dir='ltr'>qui</span> <span class='ocrx_word' id='word_1_225' title='bbox 694 1648 809 1682; x_wconf 85' lang='lat' dir='ltr'>stant</span> <span class='ocrx_word' id='word_1_226' title='bbox 845 1654 960 1682; x_wconf 91' lang='lat' dir='ltr'>unus</span> <span class='ocrx_word' id='word_1_227' title='bbox 1001 1654 1140 1682; x_wconf 88' lang='lat' dir='ltr'>annus</span> <span class='ocrx_word' id='word_1_228' title='bbox 1180 1648 1265 1694; x_wconf 85' lang='lat' dir='ltr'>est,</span> <span class='ocrx_word' id='word_1_229' title='bbox 1306 1648 1349 1682; x_wconf 87' lang='lat' dir='ltr'>et</span> <span class='ocrx_word' id='word_1_230' title='bbox 1385 1640 1476 1698; x_wconf 90' lang='lat' dir='ltr'>ipse</span> 
     </span>
     <span class='ocr_line' id='line_1_23' title="bbox 86 1708 1477 1769; baseline -0.001 -15"><span class='ocrx_word' id='word_1_231' title='bbox 86 1727 198 1754; x_wconf 91' lang='lat' dir='ltr'>unus</span> <span class='ocrx_word' id='word_1_232' title='bbox 221 1726 360 1754; x_wconf 86' lang='lat' dir='ltr'>annus</span> <span class='ocrx_word' id='word_1_233' title='bbox 381 1710 458 1769; x_wconf 82' lang='lat' dir='ltr'>qui</span> <span class='ocrx_word' id='word_1_234' title='bbox 488 1718 571 1753; x_wconf 86' lang='lat' dir='ltr'>stat</span> <span class='ocrx_word' id='word_1_235' title='bbox 592 1725 653 1752; x_wconf 91' lang='lat' dir='ltr'>un</span> <span class='ocrx_word' id='word_1_236' title='bbox 674 1725 722 1752; x_wconf 86' lang='lat' dir='ltr'>us</span> <span class='ocrx_word' id='word_1_237' title='bbox 744 1709 834 1753; x_wconf 85' lang='lat' dir='ltr'>dies</span> <span class='ocrx_word' id='word_1_238' title='bbox 864 1718 950 1766; x_wconf 69' lang='lat' dir='ltr'>est,</span> <span class='ocrx_word' id='word_1_239' title='bbox 989 1709 1090 1768; x_wconf 87' lang='lat' dir='ltr'>quia</span> <span class='ocrx_word' id='word_1_240' title='bbox 1123 1709 1213 1768; x_wconf 88' lang='lat' dir='ltr'>ipse</span> <span class='ocrx_word' id='word_1_241' title='bbox 1238 1725 1353 1753; x_wconf 87' lang='lat' dir='ltr'>unus</span> <span class='ocrx_word' id='word_1_242' title='bbox 1386 1708 1477 1753; x_wconf 85' lang='lat' dir='ltr'>dies</span> 
     </span>
     <span class='ocr_line' id='line_1_24' title="bbox 88 1780 1478 1834; baseline -0.001 -9"><span class='ocrx_word' id='word_1_243' title='bbox 88 1797 167 1825; x_wconf 84' lang='lat' dir='ltr'>nec</span> <span class='ocrx_word' id='word_1_244' title='bbox 205 1789 350 1824; x_wconf 89' lang='lat' dir='ltr'>ortum</span> <span class='ocrx_word' id='word_1_245' title='bbox 380 1780 514 1823; x_wconf 84' lang='lat' dir='ltr'>habet</span> <span class='ocrx_word' id='word_1_246' title='bbox 550 1794 630 1822; x_wconf 89' lang='lat' dir='ltr'>nee</span> <span class='ocrx_word' id='word_1_247' title='bbox 665 1794 892 1834; x_wconf 85' lang='lat' dir='ltr'>occasum,</span> <span class='ocrx_word' id='word_1_248' title='bbox 932 1795 1013 1823; x_wconf 88' lang='lat' dir='ltr'>nec</span> <span class='ocrx_word' id='word_1_249' title='bbox 1039 1780 1270 1823; x_wconf 87' lang='lat' dir='ltr'>inchoatur</span> <span class='ocrx_word' id='word_1_250' title='bbox 1297 1780 1352 1823; x_wconf 85' lang='lat' dir='ltr'>ab</span> <span class='ocrx_word' id='word_1_251' title='bbox 1380 1780 1478 1823; x_wconf 83' lang='lat' dir='ltr'>hes-</span> 
     </span>
     <span class='ocr_line' id='line_1_25' title="bbox 88 1848 1477 1909; baseline -0.001 -15"><span class='ocrx_word' id='word_1_252' title='bbox 88 1860 239 1905; x_wconf 87' lang='lat' dir='ltr'>terno,</span> <span class='ocrx_word' id='word_1_253' title='bbox 277 1865 357 1893; x_wconf 87' lang='lat' dir='ltr'>nec</span> <span class='ocrx_word' id='word_1_254' title='bbox 386 1848 631 1892; x_wconf 84' lang='lat' dir='ltr'>excluditur</span> <span class='ocrx_word' id='word_1_255' title='bbox 666 1865 688 1892; x_wconf 89' lang='lat' dir='ltr'>a</span> <span class='ocrx_word' id='word_1_256' title='bbox 721 1850 936 1903; x_wconf 83' lang='lat' dir='ltr'>crastino,</span> <span class='ocrx_word' id='word_1_257' title='bbox 975 1850 1050 1893; x_wconf 88' lang='lat' dir='ltr'>sed</span> <span class='ocrx_word' id='word_1_258' title='bbox 1081 1859 1165 1893; x_wconf 88' lang='lat' dir='ltr'>stat</span> <span class='ocrx_word' id='word_1_259' title='bbox 1207 1866 1375 1909; x_wconf 82' lang='lat' dir='ltr'>semper</span> <span class='ocrx_word' id='word_1_260' title='bbox 1403 1850 1477 1893; x_wconf 86' lang='lat' dir='ltr'>ille</span> 
     </span>
     <span class='ocr_line' id='line_1_26' title="bbox 88 1918 1474 1979; baseline -0.001 -15"><span class='ocrx_word' id='word_1_261' title='bbox 88 1919 209 1964; x_wconf 87' lang='lat' dir='ltr'>dies:</span> <span class='ocrx_word' id='word_1_262' title='bbox 236 1929 279 1963; x_wconf 89' lang='lat' dir='ltr'>et</span> <span class='ocrx_word' id='word_1_263' title='bbox 308 1918 429 1979; x_wconf 87' lang='lat' dir='ltr'>quod</span> <span class='ocrx_word' id='word_1_264' title='bbox 451 1919 514 1962; x_wconf 89' lang='lat' dir='ltr'>vis</span> <span class='ocrx_word' id='word_1_265' title='bbox 543 1934 670 1962; x_wconf 85' lang='lat' dir='ltr'>vocas</span> <span class='ocrx_word' id='word_1_266' title='bbox 698 1918 823 1962; x_wconf 89' lang='lat' dir='ltr'>illum</span> <span class='ocrx_word' id='word_1_267' title='bbox 856 1919 1001 1963; x_wconf 86' lang='lat' dir='ltr'>diem:</span> <span class='ocrx_word' id='word_1_268' title='bbox 1028 1919 1061 1963; x_wconf 91' lang='lat' dir='ltr'>si</span> <span class='ocrx_word' id='word_1_269' title='bbox 1089 1919 1176 1974; x_wconf 88' lang='lat' dir='ltr'>vis,</span> <span class='ocrx_word' id='word_1_270' title='bbox 1213 1921 1315 1963; x_wconf 87' lang='lat' dir='ltr'>anni</span> <span class='ocrx_word' id='word_1_271' title='bbox 1347 1929 1474 1975; x_wconf 87' lang='lat' dir='ltr'>sunt,</span> 
     </span>
     <span class='ocr_line' id='line_1_27' title="bbox 87 1988 1469 2049; baseline -0.002 -15"><span class='ocrx_word' id='word_1_272' title='bbox 87 1990 122 2034; x_wconf 85' lang='lat' dir='ltr'>si</span> <span class='ocrx_word' id='word_1_273' title='bbox 143 1992 230 2044; x_wconf 86' lang='lat' dir='ltr'>vis,</span> <span class='ocrx_word' id='word_1_274' title='bbox 255 1990 344 2033; x_wconf 88' lang='lat' dir='ltr'>dies</span> <span class='ocrx_word' id='word_1_275' title='bbox 379 1998 469 2046; x_wconf 69' lang='lat' dir='ltr'>est,</span> <span class='ocrx_word' id='word_1_276' title='bbox 506 1988 819 2049; x_wconf 85' lang='lat' dir='ltr'>quodcumque</span> <span class='ocrx_word' id='word_1_277' title='bbox 857 1990 1133 2046; x_wconf 79' lang='lat' dir='ltr'>cogitaveris,</span> <span class='ocrx_word' id='word_1_278' title='bbox 1170 1999 1254 2034; x_wconf 88' lang='lat' dir='ltr'>stat</span> <span class='ocrx_word' id='word_1_279' title='bbox 1288 1999 1469 2034; x_wconf 89' lang='lat' dir='ltr'>tamen:</span> 
     </span>
     <span class='ocr_line' id='line_1_28' title="bbox 88 2059 1477 2120; baseline 0 -16"><span class='ocrx_word' id='word_1_280' title='bbox 88 2062 218 2120; x_wconf 89' lang='lat' dir='ltr'>ipsius</span> <span class='ocrx_word' id='word_1_281' title='bbox 240 2060 484 2104; x_wconf 84' lang='lat' dir='ltr'>stabilitatis</span> <span class='ocrx_word' id='word_1_282' title='bbox 508 2060 735 2119; x_wconf 85' lang='lat' dir='ltr'>participat</span> <span class='ocrx_word' id='word_1_283' title='bbox 755 2059 827 2103; x_wconf 86' lang='lat' dir='ltr'>illa</span> <span class='ocrx_word' id='word_1_284' title='bbox 850 2060 1021 2115; x_wconf 85' lang='lat' dir='ltr'>civitas,</span> <span class='ocrx_word' id='word_1_285' title='bbox 1051 2062 1225 2120; x_wconf 87' lang='lat' dir='ltr'>«Cujus</span> <span class='ocrx_word' id='word_1_286' title='bbox 1250 2061 1477 2120; x_wconf 84' lang='lat' dir='ltr'>participa-</span> 
     </span>
     <span class='ocr_line' id='line_1_29' title="bbox 93 2130 1474 2190; baseline 0.003 -19"><span class='ocrx_word' id='word_1_287' title='bbox 93 2149 113 2171; x_wconf 89' lang='lat'>»</span> <span class='ocrx_word' id='word_1_288' title='bbox 149 2132 209 2175; x_wconf 88' lang='lat' dir='ltr'>tio</span> <span class='ocrx_word' id='word_1_289' title='bbox 232 2140 295 2174; x_wconf 87' lang='lat' dir='ltr'>est</span> <span class='ocrx_word' id='word_1_290' title='bbox 317 2131 362 2173; x_wconf 91' lang='lat' dir='ltr'>in</span> <span class='ocrx_word' id='word_1_291' title='bbox 382 2130 571 2189; x_wconf 86' lang='lat' dir='ltr'>idipsum</span> <span class='ocrx_word' id='word_1_292' title='bbox 599 2149 608 2174; x_wconf 87' lang='grc'>;</span> <span class='ocrx_word' id='word_1_293' title='bbox 638 2148 657 2171; x_wconf 88' lang='lat'>»</span> <span class='ocrx_word' id='word_1_294' title='bbox 692 2131 848 2174; x_wconf 86' lang='lat' dir='ltr'>merito</span> <span class='ocrx_word' id='word_1_295' title='bbox 870 2146 995 2189; x_wconf 82' lang='lat' dir='ltr'>ergo,</span> <span class='ocrx_word' id='word_1_296' title='bbox 1034 2131 1137 2190; x_wconf 88' lang='lat' dir='ltr'>quia</span> <span class='ocrx_word' id='word_1_297' title='bbox 1162 2131 1276 2175; x_wconf 91' lang='lat' dir='ltr'>illius</span> <span class='ocrx_word' id='word_1_298' title='bbox 1312 2131 1474 2175; x_wconf 85' lang='lat' dir='ltr'>stabili-</span> 
     </span>
     <span class='ocr_line' id='line_1_30' title="bbox 90 2199 1477 2260; baseline 0 -15"><span class='ocrx_word' id='word_1_299' title='bbox 90 2202 189 2245; x_wconf 83' lang='lat' dir='ltr'>tatis</span> <span class='ocrx_word' id='word_1_300' title='bbox 222 2202 272 2244; x_wconf 88' lang='lat' dir='ltr'>fit</span> <span class='ocrx_word' id='word_1_301' title='bbox 298 2201 531 2260; x_wconf 84' lang='lat' dir='ltr'>particeps,</span> <span class='ocrx_word' id='word_1_302' title='bbox 568 2199 673 2244; x_wconf 87' lang='lat' dir='ltr'>dicit</span> <span class='ocrx_word' id='word_1_303' title='bbox 706 2201 784 2243; x_wconf 87' lang='lat' dir='ltr'>iste</span> <span class='ocrx_word' id='word_1_304' title='bbox 815 2201 892 2260; x_wconf 89' lang='lat' dir='ltr'>qui</span> <span class='ocrx_word' id='word_1_305' title='bbox 928 2200 1032 2244; x_wconf 87' lang='lat' dir='ltr'>illuc</span> <span class='ocrx_word' id='word_1_306' title='bbox 1060 2202 1221 2255; x_wconf 73' lang='lat' dir='ltr'>currit3</span> <span class='ocrx_word' id='word_1_307' title='bbox 1250 2222 1269 2243; x_wconf 92' lang='lat'>«</span> <span class='ocrx_word' id='word_1_308' title='bbox 1307 2204 1477 2246; x_wconf 74' lang='lat' dir='ltr'>stantes</span> 
     </span>
     <span class='ocr_line' id='line_1_31' title="bbox 93 2269 1475 2329; baseline 0.003 -18"><span class='ocrx_word' id='word_1_309' title='bbox 93 2288 114 2311; x_wconf 86' lang='lat'>»</span> <span class='ocrx_word' id='word_1_310' title='bbox 149 2280 272 2314; x_wconf 89' lang='lat' dir='ltr'>erant</span> <span class='ocrx_word' id='word_1_311' title='bbox 295 2271 425 2329; x_wconf 85' lang='lat' dir='ltr'>pedes</span> <span class='ocrx_word' id='word_1_312' title='bbox 440 2271 573 2314; x_wconf 87' lang='lat' dir='ltr'>nostri</span> <span class='ocrx_word' id='word_1_313' title='bbox 590 2270 636 2313; x_wconf 93' lang='lat' dir='ltr'>in</span> <span class='ocrx_word' id='word_1_314' title='bbox 656 2270 772 2313; x_wconf 87' lang='lat' dir='ltr'>atriis</span> <span class='ocrx_word' id='word_1_315' title='bbox 789 2269 1044 2314; x_wconf 81' lang='lat' dir='ltr'>Jerusalem.</span> <span class='ocrx_word' id='word_1_316' title='bbox 1072 2290 1090 2312; x_wconf 84' lang='lat'>»</span> <span class='ocrx_word' id='word_1_317' title='bbox 1108 2272 1265 2315; x_wconf 88' lang='lat' dir='ltr'>Omnia</span> <span class='ocrx_word' id='word_1_318' title='bbox 1279 2272 1394 2315; x_wconf 85' lang='lat' dir='ltr'>enirn</span> <span class='ocrx_word' id='word_1_319' title='bbox 1413 2272 1475 2315; x_wconf 87' lang='lat' dir='ltr'>ibi</span> 
     </span>
     <span class='ocr_line' id='line_1_32' title="bbox 91 2339 1476 2394; baseline 0.001 -10"><span class='ocrx_word' id='word_1_320' title='bbox 91 2350 227 2394; x_wconf 86' lang='lat' dir='ltr'>stant,</span> <span class='ocrx_word' id='word_1_321' title='bbox 246 2340 323 2383; x_wconf 89' lang='lat' dir='ltr'>ubi</span> <span class='ocrx_word' id='word_1_322' title='bbox 344 2339 453 2383; x_wconf 88' lang='lat' dir='ltr'>nihil</span> <span class='ocrx_word' id='word_1_323' title='bbox 470 2339 637 2384; x_wconf 85' lang='lat' dir='ltr'>transit.</span> <span class='ocrx_word' id='word_1_324' title='bbox 665 2340 739 2384; x_wconf 87' lang='lat' dir='ltr'>Vis</span> <span class='ocrx_word' id='word_1_325' title='bbox 761 2349 804 2384; x_wconf 85' lang='lat' dir='ltr'>et</span> <span class='ocrx_word' id='word_1_326' title='bbox 821 2349 868 2383; x_wconf 87' lang='lat' dir='ltr'>tu</span> <span class='ocrx_word' id='word_1_327' title='bbox 891 2341 950 2383; x_wconf 89' lang='lat' dir='ltr'>ibi</span> <span class='ocrx_word' id='word_1_328' title='bbox 973 2350 1082 2384; x_wconf 85' lang='lat' dir='ltr'>stare</span> <span class='ocrx_word' id='word_1_329' title='bbox 1097 2350 1140 2385; x_wconf 84' lang='lat' dir='ltr'>et</span> <span class='ocrx_word' id='word_1_330' title='bbox 1160 2358 1248 2385; x_wconf 91' lang='lat' dir='ltr'>non</span> <span class='ocrx_word' id='word_1_331' title='bbox 1270 2343 1476 2386; x_wconf 76' lang='lat' dir='ltr'>transire?</span> 
     </span>
     <span class='ocr_line' id='line_1_33' title="bbox 92 2409 1476 2468; baseline 0.001 -14"><span class='ocrx_word' id='word_1_332' title='bbox 92 2411 200 2456; x_wconf 88' lang='lat' dir='ltr'>Illuc:</span> <span class='ocrx_word' id='word_1_333' title='bbox 221 2425 361 2455; x_wconf 87' lang='lat' dir='ltr'>curre.</span> <span class='ocrx_word' id='word_1_334' title='bbox 389 2409 585 2468; x_wconf 88' lang='lat' dir='ltr'>Idipsum</span> <span class='ocrx_word' id='word_1_335' title='bbox 601 2425 731 2454; x_wconf 84' lang='lat' dir='ltr'>nemo</span> <span class='ocrx_word' id='word_1_336' title='bbox 753 2410 886 2454; x_wconf 84' lang='lat' dir='ltr'>habet</span> <span class='ocrx_word' id='word_1_337' title='bbox 901 2427 952 2454; x_wconf 87' lang='lat' dir='ltr'>ex</span> <span class='ocrx_word' id='word_1_338' title='bbox 973 2426 1031 2455; x_wconf 87' lang='lat' dir='ltr'>se.</span> <span class='ocrx_word' id='word_1_339' title='bbox 1060 2411 1280 2456; x_wconf 88' lang='lat' dir='ltr'>Intendite</span> <span class='ocrx_word' id='word_1_340' title='bbox 1307 2410 1476 2458; x_wconf 86' lang='lat' dir='ltr'>fratres.</span> 
     </span>
     <span class='ocr_line' id='line_1_34' title="bbox 142 2493 875 2536; baseline -0.003 -8"><span class='ocrx_word' id='word_1_341' title='bbox 142 2502 150 2518; x_wconf 94' lang='lat'>¹</span> <span class='ocrx_word' id='word_1_342' title='bbox 169 2495 265 2528; x_wconf 82' lang='lat' dir='ltr'>Exod.</span> <span class='ocrx_word' id='word_1_343' title='bbox 291 2506 340 2536; x_wconf 80' lang='lat'>111,</span> <span class='ocrx_word' id='word_1_344' title='bbox 363 2494 473 2526; x_wconf 78' lang='lat'>13-15.</span> <span class='ocrx_word' id='word_1_345' title='bbox 493 2510 535 2515; x_wconf 90' lang='lat'><strong>—</strong></span> <span class='ocrx_word' id='word_1_346' title='bbox 560 2500 572 2516; x_wconf 83' lang='lat'>²</span> <span class='ocrx_word' id='word_1_347' title='bbox 587 2493 667 2525; x_wconf 81' lang='lat' dir='ltr'>Psal.</span> <span class='ocrx_word' id='word_1_348' title='bbox 689 2504 732 2534; x_wconf 79' lang='lat' dir='ltr'>cl,</span> <span class='ocrx_word' id='word_1_349' title='bbox 751 2502 806 2536; x_wconf 82' lang='lat'>27,</span> <span class='ocrx_word' id='word_1_350' title='bbox 821 2494 875 2526; x_wconf 84' lang='lat'>28.</span> 
     </span>
    </p>
   </div>
  </div>
 </body>
</html>
