1815 3253
359 203 444 241 222
786 212 820 240 s.
856 210 1086 242 Aueus'rnw
1116 214 1298 242 EPISCOPI

357 286 460 321 tuus
475 311 487 330 ,
518 285 569 321 ut
589 276 753 335 cogaris
770 277 1058 322 maledicere?
1080 281 1134 323 In
1154 288 1266 324 terra
1289 286 1541 337 angustatus
1557 291 1600 321 es
1616 278 1634 321 Ρ
1650 276 1736 322 Mi-

358 362 451 405 gra,
477 348 625 392 habita
645 349 690 392 in
710 349 837 393 coelo.
864 345 1119 405 Quomodo,
1143 351 1336 411 inquies,
1361 349 1511 394 habito
1527 349 1574 393 in
1593 348 1747 404 coelo,1

356 418 489 463 homo
509 434 637 463 carne
658 418 836 463 indutus
849 454 859 474 ,
880 421 998 464 carni
1019 419 1225 464 deditus?
1247 420 1389 465 Corde
1409 419 1627 479 praecede,
1647 433 1750 479 quo·

355 490 547 550 sequaris
569 505 765 549 corpore.
791 491 889 536 Noli
911 490 1064 535 surdus
1082 492 1248 546 audire,
1275 494 1454 537 Sursum
1476 490 1621 535 corda.
1638 492 1738 534 Sur-

356 575 451 603 sum
483 575 557 604 cor
584 561 697 604 habe
714 595 725 614 ‚
757 570 800 604 et
830 576 960 605 nemo
988 570 1030 604 te
1062 562 1310 621 angustabit
1334 562 1380 606 in
1406 561 1536 606 coelo.
1562 564 1619 605 Et
1639 560 1738 605 ideo
1792 566 1796 578 ²

355 629 466 674 bene
487 631 686 690 sequitur
707 629 814 675 alius
832 630 1041 676 Psalmus.

356 796 1295 815 AMWWWUWWAAMMWNEMWUWWWUWRRNWOEANUW
1305 796 1743 815 mmmmwwwmwvmmi

857 929 1234 978 ENARRATJO

700 1079 761 1116 1N
792 1077 1090 1118 PSALMUM
1120 1077 1396 1118 cxxxul.

564 1200 571 1202 -
641 1209 858 1254 Sermonis
894 1209 1124 1269 superioris
1162 1209 1448 1254 continuatio.

419 1336 452 1375 Ι.
483 1350 503 1373 «
527 1334 636 1375 Ecmz
658 1347 777 1375 nunc
797 1331 1040 1376 benedicite
1067 1333 1300 1377 Dominum
1328 1348 1477 1377 omnes
1509 1331 1622 1376 servi
1652 1334 1743 1375 Do-.

361 1420 381 1443 »
416 1402 543 1456 mini,
574 1402 650 1461 qui
678 1402 797 1446 statis
818 1403 864 1445 in
896 1402 1027 1447 domo
1052 1403 1246 1457 Domini,
1270 1403 1316 1446 in
1339 1403 1454 1447 atriis
1486 1403 1640 1447 domus
1664 1401 1747 1447 Deir

362 1492 378 1513 »
414 1472 550 1516 nostri
568 1474 599 1515 1.
629 1491 648 1513 »
674 1475 817 1525 Quare
839 1471 1008 1517 addidit
1025 1508 1037 1528 ,
1067 1492 1086 1515 «
1112 1476 1164 1517 In
1181 1474 1331 1518 atriis?
1350 1491 1369 1514 »
1391 1473 1510 1518 Atria
1533 1471 1744 1532 ampliora

357 1544 491 1603 spatia
505 1543 660 1587 domus
683 1543 1002 1601 intelliguntur.
1027 1545 1113 1597 Qui
1134 1552 1217 1588 stat
1239 1544 1284 1587 in
1301 1544 1446 1598 atriisg
1462 1559 1559 1587 >non
1580 1556 1743 1601 angus-i

357 1623 475 1658 tatur
491 1650 502 1669 ,
527 1631 618 1658 non
645 1615 881 1674 premitur,
904 1614 1095 1674 quodam
1118 1615 1249 1659 modo
1274 1614 1495 1659 dilatatur.
1521 1617 1574 1658 In
1592 1613 1744 1658 latitu-

357 1684 458 1728 dine
475 1701 602 1729 mane
617 1720 628 1740 ,
647 1694 690 1728 et
709 1695 828 1744 pote-s
845 1684 1022 1743 diligere
1038 1685 1264 1728 inimicum
1282 1694 1408 1728 tuum
1425 1704 1434 1729 :
1457 1685 1557 1745 quia
1578 1700 1668 1728 non
1689 1699 1743 1730 ea

357 1754 497 1811 diligis
513 1790 523 1809 ,
550 1755 627 1798 ubi
648 1756 703 1798 ab
725 1755 900 1799 inimico
921 1755 1138 1812 angustias
1157 1755 1344 1814 patiaris.
1371 1753 1603 1807 Quomodo
1619 1753 1742 1798 inteln

356 1823 500 1883 ligeris
517 1834 628 1868 stare
649 1825 695 1867 in
715 1824 865 1868 atriis?
891 1827 962 1869 Sta
983 1824 1030 1868 in
1052 1825 1260 1868 charitate
1275 1834 1351 1879 „et
1372 1834 1455 1869 stas
1477 1825 1522 1869 in
1540 1825 1672 1869 atriis.
1690 1826 1745 1871 ln
1786 1872 1790 1887 5
1814 1862 1815 1865 ,

357 1896 568 1940 charitate
588 1895 775 1940 latitudo
797 1905 875 1950 est,
890 1896 936 1939 in
958 1896 1059 1940 odio
1082 1889 1294 1954 angustia.
1314 1895 1430 1940 Audi
1452 1895 1742 1955 Apostolum&

362 1985 383 2008 «
419 1969 487 2009 Ira
504 1975 546 2008 et
568 1965 832 2023 indignatio,
857 1962 1082 2010 tribulatio
1105 1974 1148 2009 et
1170 1966 1369 2024 angustia
1391 1967 1437 2008 in
1459 1980 1634 2010 omnem
1654 1964 1741 2011 ani!

361 2054 380 2077 »
417 2052 533 2080 mam
556 2036 741 2080 hominis
764 2037 979 2095 operantis
1000 2036 1162 2080 malum
1176 2040 1208 2080 ².
1223 2055 1243 2076 ›·
1266 2040 1326 2080 De
1346 2035 1578 2080 latitudine
1594 2044 1739 2079 autem

358 2107 577 2151 charitatis
599 2106 706 2166 quid
728 2107 867 2151 dicit?
897 2126 918 2148 «
943 2107 1155 2160 Quoniam
1183 2107 1368 2151 charitas
1394 2107 1469 2150 Dei
1491 2106 1650 2150 diffusa
1679 2113 1742 2152 ὣς
1776 2134 1778 2137 -

361 2194 382 2217 ))
416 2177 461 2219 in
484 2176 689 2221 cordibus
719 2176 872 2220 nostris
904 2192 980 2235 per
1017 2176 1224 2234 Spiritum
1251 2186 1448 2221 sanctum
1470 2211 1480 2231 ,
1515 2177 1592 2237 qui
1613 2176 1740 2221 datus

360 2263 380 2286 »
416 2256 480 2290 est
496 2246 662 2290 nobis³,
692 2264 712 2287 »
739 2245 824 2290 Ubi
850 2246 972 2290 audis
994 2246 1272 2290 diffusionem
1291 2281 1301 2301 ,
1328 2246 1520 2304 intellige
1539 2245 1747 2293 latitudim

358 2330 458 2359 nem
483 2335 492 2360 ι
526 2311 601 2359 ‘ubi
623 2315 745 2359 au'dis
777 2315 1054 2359 latitudinem
1075 2351 1086 2370 ,
1111 2316 1306 2375 intellige
1329 2317 1435 2360 atria
1466 2316 1638 2361 Domini
1663 2335 1673 2361 2
1698 2323 1740 2361 et

357 2386 537 2430 habebis
564 2401 711 2430 veram
736 2384 1081 2430 benedictionem
1104 2387 1306 2439 Domini,
1332 2385 1510 2446 quando
1537 2402 1626 2430 non
1648 2401 1744 2430 man

356 2454 506 2500 ledicis
523 2455 719 2499 inimicis,
742 2454 992 2515 Alloquitur
1013 2456 1128 2499 enim
1149 2455 1332 2515 Spiritus
1354 2471 1425 2501 eos
1439 2490 1451 2512 ,
1471 2457 1547 2517 qui
1569 2456 1742 2516 patiun-

408 2557 416 2574 ¹
433 2550 513 2584 PsaL
532 2561 663 2592 cxxxiii,
689 2561 716 2582 1.
744 2566 786 2573 —
806 2557 818 2573 ²
837 2552 927 2583 Rom.
943 2561 978 2592 n,
996 2551 1032 2593 8,
1049 2561 1082 2592 9.
1102 2567 1144 2574 —
1160 2549 1173 2574 ³
1193 2551 1240 2583 ld.
1262 2562 1297 2591 v,
1317 2551 1348 2583 5.
