1815 3253
11 0 14 36 1

11 43 14 104 l

12 130 13 150 1

387 196 628 227 ENARRATIO
661 200 706 227 IN
738 198 942 229 PSALMUM
973 201 1112 228 cxxix.
1336 190 1419 231 157

13 267 15 326 i
38 263 339 310 misericordiae
351 263 444 318 Dei,
456 262 524 307 lex
541 264 857 323 propitiationis
870 265 962 310 Dei.
978 265 1056 309 Illa
1068 265 1232 309 timoris
1244 264 1344 322 fuit,
1358 277 1422 312 est

13 343 15 395 ξ
39 335 117 382 alia
138 335 207 379 lex
228 334 460 379 charitatis.
483 337 571 378 Lex
590 336 808 380 charitatis
826 337 880 381 da
898 337 1067 381 veniam
1091 337 1291 396 peccatis,
1306 337 1423 382 delet

13 407 16 474 t
37 406 272 468 praeterita,
298 405 504 451 admonet
525 407 581 451 de
610 405 766 452 suturis
793 427 801 452 :
826 408 873 452 in
894 408 963 454 via
984 423 1074 452 non
1095 407 1253 453 deserit
1283 409 1421 453 comi-

13 477 16 545 s
38 488 123 523 tem
140 513 150 533 ‚
171 493 313 523 comcs
335 478 384 522 fit
395 477 433 521 ei
455 493 586 538 quem
609 477 731 523 ducit
746 479 790 524 in
812 479 896 524 via.
926 477 1010 524 Sed
1032 477 1343 523 concordatum
1359 488 1422 523 est

13 551 16 597 ἱ
38 565 137 593 cum
160 549 445 604 adversario1,
472 549 579 593 dum
612 565 655 593 cs
677 565 777 595 eum
800 565 851 594 eo
873 550 918 593 in
939 549 1022 594 via.
1045 552 1122 594 Est
1143 549 1258 594 enim
1281 565 1423 594 sermo

38 620 114 664 Dei
151 619 417 664 adversarius
438 628 564 676 tuus,
606 620 803 680 quandiu
825 635 925 664 cum
948 619 1023 664 illo
1045 635 1134 664 non
1166 619 1417 665 concordas.

37 689 281 734 Concordas
304 700 471 745 autem,
497 706 598 735 cum
620 691 803 751 coeperit
820 700 863 735 te
885 689 1100 735 delectare
1128 689 1272 735 facere
1301 690 1423 751 quod

38 759 140 804 dicit
161 776 300 806 sermo
323 762 417 805 Dei.
439 764 535 806 Jam
554 762 629 822 qui
655 772 746 807 erat
768 761 1034 807 adversarius
1048 798 1059 817 ‚
1080 763 1130 806 fit
1152 762 1316 806 amicus
1334 782 1342 806 :
1364 763 1422 807 sic

37 831 155 874 finita
188 832 278 885 via,
307 847 397 875 non
429 832 509 875 erit
540 832 616 892 qui
639 832 781 876 tradat
802 842 844 876 te
874 832 1025 893 judici.
1054 835 1170 892 Ergo
1196 853 1215 875 «
1242 837 1424 892 Propter

41 919 60 942 n
93 900 231 958 legem
262 910 383 944 tuam
425 902 608 945 sustinui
643 912 709 957 te,
746 903 943 947 Domine.
973 921 993 943 »
1019 903 1130 956 Quia
1154 902 1356 961 dignatus
1380 919 1423 948 es

37 971 175 1030 legem
198 971 500 1015 misericordiae
522 973 703 1027 afferre,
725 974 830 1017 mihi
846 972 1064 1017 dimittere
1081 974 1225 1017 omnia
1248 983 1425 1033 peccata

37 1057 153 1097 mea,
168 1040 270 1085 darc
292 1041 399 1085 mihi
412 1042 467 1086 de
484 1050 642 1086 caetero
664 1044 829 1087 monita
844 1059 900 1087 ne
918 1053 960 1087 te
981 1043 1205 1088 offendam
1231 1062 1239 1088 :
1265 1045 1309 1088 in
1322 1044 1425 1103 ipsis

38 1113 209 1157 monitis
231 1113 264 1157 si
286 1113 394 1173 quid
414 1112 528 1157 forte
545 1114 792 1158 titubavero
808 1149 818 1169 ,
840 1113 1002 1158 dedisti.
1023 1114 1130 1158 mihi
1156 1114 1422 1171 remedium,

38 1198 124 1243 quo
155 1192 196 1227 te
224 1198 364 1238 orem,
393 1182 561 1239 dicens,
597 1203 616 1226 «
646 1184 825 1229 Dimitte
843 1184 967 1228 nobis
989 1183 1136 1229 debita
1158 1194 1331 1241 nostra,
1366 1185 1426 1229 si-

42 1270 61 1293 »
95 1262 169 1297 cut
187 1262 228 1297 et
245 1268 323 1297 nos
336 1253 594 1298 dimittimus
608 1253 878 1299 debitoribus
897 1255 1093 1299 nostris².
1112 1273 1131 1296 »
1150 1258 1272 1300 Hanc
1284 1255 1426 1315 legem

39 1323 221 1367 statuisti
267 1323 372 1366 mihi
388 1358 398 1378 ‚
436 1332 487 1368 ut
517 1324 740 1384 quomodo
774 1324 948 1369 dimitto
962 1360 972 1379 ‚
1015 1325 1260 1370 dimittatur
1300 1326 1423 1370 mihi.

43 1412 63 1436 «
97 1397 278 1453 Propter
304 1395 416 1438 hanc
439 1393 579 1453 legem
611 1395 794 1439 sustinui
822 1405 889 1450 te,
917 1397 1114 1440 Domine.
1145 1415 1166 1437 »
1192 1398 1427 1457 Expectavi

18 1460 21 1475 ³
39 1463 215 1524 quando
236 1464 381 1508 venias
394 1473 436 1508 et
457 1464 612 1509 liberes
635 1465 690 1509 ab
703 1466 823 1510 omni
846 1466 1121 1521 necessitate,
1148 1467 1251 1527 quia
1276 1468 1320 1511 in
1336 1467 1428 1527 ipsa

18 1535 288 1579 ⁴necessitate
315 1551 404 1579 non
429 1534 656 1580 deseruisti
685 1536 830 1595 legem
855 1537 1176 1581 misericordiae.

96 1607 173 1649 IV.
208 1605 322 1649 Audi
344 1621 476 1665 quam
494 1605 633 1664 legem
651 1605 783 1660 dicat,
800 1607 833 1650 si
853 1607 1053 1650 nondum
1071 1607 1310 1652 intellixisti
1324 1609 1427 1668 quia

41 1675 174 1733 legem
198 1677 332 1721 modo
353 1675 456 1720 dicit
483 1677 723 1735 charitatis3
749 1677 850 1721 audi
864 1678 1156 1737 Apostolum
1188 1698 1207 1721 «
1234 1680 1428 1724 Invicem

44 1763 65 1786 »
99 1761 228 1790 onera
249 1755 389 1791 vestra
411 1756 595 1806 portate,
629 1755 671 1791 et
694 1747 752 1792 sic
769 1747 1001 1827 implebitis
1018 1749 1158 1808 legem
1173 1749 1374 1794 ChristiS.
1404 1770 1424 1791 »

20 1795 125 1870 ¹&Qui
154 1827 329 1875 portant
352 1818 536 1862 invicem
568 1834 699 1863 onera
722 1834 824 1873 sua,
861 1819 941 1863 nisi
966 1820 1042 1880 qui
1059 1821 1225 1865 habent
1242 1822 1430 1866 charita-

21 1895 23 1899 ’
22 1889 156 1934 tem?
178 1888 261 1941 Qui
293 1904 382 1932 non
402 1889 568 1933 habent
599 1889 875 1945 charitatem,
904 1906 1052 1949 graves
1086 1900 1188 1935 sunt
1211 1891 1292 1935 sibi
1319 1911 1327 1936 :
1353 1894 1430 1952 qui

21 1960 23 1988 ³
44 1966 185 2001 autem
210 1958 372 2002 habent
383 1959 651 2015 charitatem,
672 1969 849 2020 portant
860 1976 918 2004 se.
937 1961 1065 2005 Laesit
1078 1971 1119 2005 te
1138 1961 1307 2022 aliquis,
1321 1963 1431 2022 petit

43 2028 237 2086 veniam3
259 2029 292 2073 si
314 2045 403 2074 non
435 2029 638 2086 dimittis,
673 2047 762 2076 non
785 2040 930 2091 portas
964 2048 1074 2076 onus
1108 2031 1251 2077 fratris
1286 2034 1373 2091 tui3
1398 2034 1428 2078 si

45 2096 242 2154 dimittis,
268 2110 412 2159 portas
434 2100 673 2145 infirmum.
699 2105 756 2146 Et
773 2111 822 2146 tu
839 2103 873 2146 si
890 2102 1003 2146 forte
1028 2103 1073 2146 in
1096 2103 1287 2163 aliquam
1308 2104 1432 2148 infir-

46 2169 236 2214 mitatem
264 2171 469 2215 cecideris
483 2208 493 2227 ‚
534 2173 656 2233 quasi
678 2173 811 2218 homo
826 2208 837 2228 ‚
874 2183 1047 2232 oportet
1068 2183 1117 2218 ut
1139 2174 1198 2218 sic
1221 2184 1263 2218 te
1285 2185 1432 2234 portet

47 2247 89 2283 et
123 2239 224 2296 ille,
261 2241 633 2301 quemadmodum
666 2252 708 2287 et
741 2252 806 2287 tu.
843 2243 960 2288 Audi
990 2243 1098 2304 quid
1137 2246 1428 2304 praecesserit:

53 2327 72 2350 «
104 2312 294 2363 Fratres,
321 2312 489 2372 inquit,
515 2313 547 2357 si
565 2324 894 2374 praeoccupatus
915 2314 1048 2358 fuerit
1073 2315 1265 2360 homoin
1285 2316 1432 2376 aliquo

23 2402 26 2448 g
53 2398 72 2422 »
105 2381 288 2435 delicto,
313 2398 389 2427 vos
411 2383 486 2442 qui
507 2384 716 2444 spiritales
737 2386 856 2440 estis,
881 2385 1082 2430 instruite
1103 2387 1355 2447 hujusmodi
1387 2388 1433 2431 in

24 2450 26 2474 ³
53 2468 73 2492 »
105 2453 256 2511 spiritu
273 2451 504 2497 lenitatis⁴.
520 2472 539 2495 »
564 2456 622 2497 Et
643 2470 697 2498 ne
711 2454 823 2500 forte
837 2456 939 2515 quia
956 2457 1166 2515 spiritales
1184 2467 1428 2512 monuerat,

97 2542 106 2558 ¹
127 2537 216 2569 Matt.
236 2547 268 2574 v,
287 2537 339 2570 25.
368 2553 409 2561 --
429 2537 508 2570 ²1d.
535 2548 580 2578 vi,
604 2547 654 2571 12.
672 2555 713 2561 -—
738 2537 827 2572 ³Gat.
848 2551 894 2582 vr,
912 2549 943 2573 2.
965 2557 1003 2563 --
1024 2539 1038 2570 4
1060 2541 1143 2573 Ibid.
1166 2553 1194 2573 1.
