1815 3253
302 229 385 268 502
740 239 774 268 s.
808 239 1041 271 Aucus‘rnu
1071 242 1254 272 muscon

300 313 391 349 tere
414 318 488 347 cor
506 322 517 368 v:
538 302 644 348 tales
665 313 787 349 sanat
808 308 936 350 Deus,
965 306 1049 351 Sed
1069 306 1177 366 quid
1194 323 1288 366 ago,
1313 307 1497 368 inquies,
1520 304 1681 351 modo?

307 394 328 416 «
363 373 652 419 Condelector
670 375 785 419 enim
802 375 887 434 legi
908 376 986 421 Dei
1003 377 1244 421 secundum
1268 378 1517 422 interiorem
1536 376 1681 422 homi-

305 463 327 486 »
362 460 494 503 nem3
532 445 660 490 video
691 454 837 490 autem
870 446 999 491 aliam
1026 445 1169 506 legem
1193 449 1237 492 in
1263 448 1470 492 membris
1490 447 1596 491 meis
1617 461 1685 490 re-

305 533 326 556 »
362 524 632 574 pugnantem
662 514 750 575 legi
771 517 926 560 mentis
951 532 1085 572 meae,
1111 527 1155 562 et
1175 519 1396 578 captivum
1427 533 1497 562 me
1518 516 1685 561 ducen-

306 604 328 628 »
363 595 452 630 tem
475 586 520 629 in
540 585 637 645 lege
657 587 868 646 peccati.»
883 588 1000 640 Quid
1014 588 1129 646 agis?
1146 590 1333 634 Contere
1346 605 1436 642 cor,
1454 589 1683 644 confitere3

303 671 402 714 age,
428 656 498 700 dic
521 657 745 716 sequentia
765 675 774 701 :
795 656 988 701 «Infelix
1010 673 1091 717 ego
1107 659 1257 715 homo,
1282 660 1379 720 quis
1394 675 1465 703 me
1486 657 1687 702 liberabit

306 744 327 768 »
346 725 401 769 de
417 741 598 786 corpore
621 727 772 772 mortis
794 728 953 788 hujus?
973 746 992 770 »
1011 731 1104 773 Hoc
1117 729 1232 773 enim
1249 729 1392 775 dicere
1413 749 1433 772 «
1446 728 1602 773 Infelix
1612 728 1689 771 ho-

307 811 416 841 »mo
433 815 453 838 »
470 798 563 857 jam
590 812 664 841 cor
686 807 908 842 conterere
925 808 1003 844 est.
1032 798 1112 843 Ille
1133 810 1275 860 speret
1306 800 1582 854 felicitatem,
1614 797 1689 857 qui

304 868 538 912 confitetur
553 866 867 912 infelicitatem.
880 869 958 913 Dic
975 884 1104 928 ergo:
1122 889 1143 912 «
1160 869 1317 915 Infelix
1334 885 1412 928 ego
1429 870 1577 922 homo,
1594 868 1691 928 quis

308 955 328 979 »
343 953 412 981 me
433 937 636 982 liberabit
658 937 712 982 de
734 954 915 998 corpore
939 940 1089 984 mortis
1106 941 1258 1000 hujus:
1277 950 1365 985 »ut
1381 938 1703 999 respondeatur·

304 1007 384 1052 tibi
400 1027 409 1053 ε
425 1009 601 1052 «Gratia
616 1009 691 1052 Dei
704 1024 781 1068 per
792 1011 816 1053 J
821 1025 939 1054 esum
949 1010 1168 1056 Christum
1180 1011 1414 1055 Dominum
1427 1010 1657 1054 nostrum1.
1668 1026 1686 1048 »

306 1078 540 1132 Quomodo
556 1088 702 1123 autem
723 1078 927 1124 liberabit
945 1081 1036 1140 ipsa
1051 1081 1186 1140 gratia
1203 1082 1295 1137 Dei,
1313 1080 1431 1125 unde
1452 1095 1570 1124 nunc
1594 1079 1691 1138 pig—

305 1164 388 1193 nus
410 1149 654 1209 accepimus
666 1150 684 1193 P
696 1149 812 1193 Audi
830 1150 1033 1195 eumdem
1051 1151 1310 1211 Apostolum
1327 1170 1336 1195 :
1352 1169 1372 1192 «
1388 1152 1572 1210 Corpus,
1591 1148 1691 1209 qui-

309 1236 331 1260 »
350 1219 450 1262 dem
467 1254 478 1274 ,
505 1219 675 1279 inquit,
706 1230 930 1264 mortuum
955 1230 1019 1265 est
1044 1231 1223 1281 propter
1243 1230 1494 1280 peccatum,
1520 1220 1693 1279 spiritus

307 1307 329 1331 »
347 1300 494 1333 autem
506 1289 595 1334 vita
613 1299 676 1341 est
691 1299 869 1349 propter
879 1290 1107 1350 justitiam.
1129 1291 1172 1336 Si
1189 1306 1292 1350 ergo
1313 1291 1495 1350 Spiritus
1510 1292 1600 1350 ejus
1618 1290 1693 1350 qui

311 1378 332 1402 »
357 1360 576 1405 suscitavit
599 1362 748 1404 Jesum
770 1361 991 1405 Christum
1011 1376 1061 1405 ex
1078 1362 1275 1417 mortuis,
1292 1362 1461 1406 habitat
1481 1362 1525 1404 in
1547 1361 1694 1418 vobis3

311 1448 333 1473 »
368 1431 444 1491 qui
466 1431 687 1476 suscitavit
709 1433 858 1475 Jesum
880 1432 1103 1477 Christum
1124 1448 1147 1476 a
1166 1433 1347 1476 mortuis
1361 1467 1372 1487 ,
1396 1431 1634 1477 vivificabit
1655 1439 1698 1474 et

309 1521 331 1545 »
367 1502 567 1547 mortalia
601 1517 781 1562 corpora
813 1512 954 1547 vestra
973 1538 984 1559 ,
1019 1519 1098 1563 per
1131 1504 1452 1548 inhabitantem
1490 1497 1697 1563 Spiritum

312 1591 334 1616 »
369 1577 463 1634 ejus
484 1574 530 1617 in
550 1573 717 1618 vobis·2.
745 1591 766 1615 »
793 1575 888 1618 Hoc
916 1589 1018 1632 ergo
1039 1574 1197 1634 pignus
1219 1575 1385 1634 accepit
1401 1573 1574 1633 spiritus
1595 1588 1698 1617 nos-

308 1653 404 1703 ter,
427 1654 478 1689 ut
498 1644 756 1703 incipiamus
789 1644 875 1688 fide
897 1645 1056 1690 servire
1078 1648 1168 1690 Deo
1189 1681 1199 1701 ,
1238 1654 1281 1689 et
1313 1661 1363 1689 ex
1383 1644 1468 1688 fide
1493 1643 1700 1704 appellari

307 1715 435 1776 justi,
464 1734 485 1757 «
508 1715 725 1768 Quoniam
743 1716 886 1775 justus
908 1730 960 1759 ex
979 1715 1067 1759 fide
1083 1715 1190 1760 vivit
1205 1717 1237 1760 ³.
1266 1733 1286 1757 »
1311 1714 1535 1775 Quidquid
1557 1723 1700 1758 autem

314 1786 442 1830 nobis
470 1786 615 1830 adhuc
644 1795 857 1845 repugnat
890 1795 934 1830 et
956 1786 1137 1841 resistit,
1177 1787 1232 1830 de
1264 1785 1528 1831 mortalitate
1561 1785 1702 1830 carnis

313 1866 405 1915 est,
430 1866 474 1901 et
493 1858 578 1902 hoc
600 1857 838 1901 sanabitur.
868 1858 1151 1903 «Vivificabit
1173 1858 1288 1902 enim
1303 1893 1314 1914 ,
1339 1858 1498 1917 inquit,
1520 1866 1563 1901 et
1582 1872 1701 1901 mor-

316 1945 338 1969 »
373 1927 476 1972 talia
499 1943 681 1988 corpora
702 1936 844 1972 vestra
858 1962 870 1984 ‚
905 1943 983 1987 per
1021 1928 1339 1973 inhabitantem
1364 1928 1572 1987 Spiritum
1612 1929 1702 1987 ejus

318 2016 338 2040 »
373 1999 418 2043 in
444 1998 585 2044 vobis.
620 2016 641 2040 »
673 1998 743 2043 Ad
773 1999 857 2043 hoc
891 1999 1048 2059 pignus
1076 1998 1218 2055 dedit,
1253 2009 1303 2043 ut
1329 1998 1545 2058 compleat
1581 1999 1703 2058 quod

315 2069 529 2129 promisit.
549 2069 666 2122 Quid
680 2083 781 2127 ergo
803 2085 922 2114 nunc
939 2069 984 2113 in
1005 2070 1087 2113 hac
1107 2069 1210 2124 vita,
1231 2068 1409 2129 quando
1431 2068 1575 2113 adhuc
1593 2084 1703 2113 con-

315 2138 495 2184 fessores
521 2155 693 2195 sumus,
730 2139 929 2184 nondum
957 2154 1217 2197 possessores
1233 2173 1244 2194 ‚
1276 2138 1384 2199 quid
1406 2139 1451 2182 in
1473 2139 1553 2183 hac
1581 2139 1669 2183 vita
1687 2174 1698 2195 ‚

314 2210 422 2271 quid
444 2211 546 2254 fiet?
561 2209 794 2263 Quomodo
816 2209 1071 2254 curabitur?
1088 2228 1107 2251 «
1122 2212 1253 2254 Sanat
1271 2209 1478 2254 contritos
1500 2211 1658 2254 corde:
1679 2228 1698 2251 »

315 2281 391 2325 sed
413 2280 605 2340 perfecta
628 2281 786 2325 sanitas
803 2290 909 2325 tunc
927 2281 1022 2334 erit,
1038 2279 1215 2340 quando
1238 2280 1576 2326 diximus.Nunc
1600 2296 1702 2340 ergo

314 2352 454 2412 quid?
481 2371 502 2394 «
522 2351 682 2409 Alligat
702 2351 984 2396 contritiones
1004 2366 1170 2395 eorum.
1201 2369 1221 2392 »
1243 2352 1327 2404 Qui
1349 2360 1498 2406 curat,
1529 2351 1672 2411 inquit
1684 2387 1699 2407 ,

314 2423 523 2467 contritos
541 2422 694 2476 corde,
717 2436 908 2482 quorum
931 2419 1122 2481 perfecta
1143 2421 1301 2465 sanitas
1325 2421 1370 2464 in
1387 2422 1699 2466 resurrectione

310 2493 527 2552 justorum
547 2493 655 2550 erit3
681 2491 827 2550 alligat
848 2490 979 2536 modo
996 2491 1278 2536 contritiones
1302 2506 1468 2536 eorum.

373 2586 380 2601 ¹
402 2582 493 2612 Rom.
514 2590 572 2621 vu,
587 2577 707 2611 22-25.
728 2594 769 2605 -ψ
790 2585 803 2601 ²
819 2578 865 2610 Id.
885 2588 955 2620 vm,
979 2588 1029 2619 10,
1052 2588 1101 2610 11.
1122 2594 1163 2600 —-
1183 2575 1255 2609 ³1d.
1271 2588 1294 2618 1,
1320 2587 1372 2619 17.
