1815 3253
346 170 430 208 126
776 180 810 207 s.
845 175 1075 209 Aucusnm
1109 182 1291 210 Episcom

401 246 454 287 V.
482 246 578 303 Ipse
600 258 702 302 ergo
721 242 936 288 describat
944 246 1062 305 jam3
1083 247 1186 306 quia
1203 245 1481 292 manifestum
1502 257 1566 292 est
1592 263 1725 308 quem

342 313 561 358 describit.
591 314 658 359 Sic
689 314 901 373 patebunt
936 317 1081 360 omnia
1117 333 1216 377 quae
1248 327 1522 377 sequuntur:
1552 327 1725 363 tantum

343 400 418 429 vos
435 385 583 430 timete
605 385 841 429 Dominum
857 420 868 440 ,
901 394 945 429 et
973 386 1192 432 ambulate
1209 388 1255 431 in
1268 388 1347 432 viis
1370 394 1460 445 eJ‘us
1486 408 1494 433 :
1521 397 1564 432 et
1591 389 1725 433 nolite
1773 376 1776 454 l

340 454 479 499 zelare
500 470 572 499 eos
593 455 669 515 qui
693 469 780 499 uon
804 454 1033 499 ambulant
1053 456 1098 499 in
1112 457 1188 501 viis
1211 459 1326 518 ejus,
1358 457 1536 518 quando
1553 457 1648 501 illos
1664 457 1726 502 vi·
1773 455 1775 458 ’

339 525 485 569 deritis
503 541 591 569 esse
614 524 756 569 felices
782 524 1028 569 infeliciter.
1056 527 1209 571 Saeculi
1230 529 1346 572 enim
1368 528 1565 572 homines
1581 525 1726 571 infeli-

338 595 444 639 citer
465 595 614 639 felices
631 604 732 639 sunt
749 613 758 639 2
782 598 994 652 Martyres
1008 604 1155 639 autem
1170 595 1351 641 feliciter
1367 597 1562 642 infelices
1584 605 1722 641 erant.

339 667 476 709 Erant
492 665 608 709 enim
625 664 680 709 ad
699 674 870 724 tempus
894 664 1087 709 infelices
1109 700 1119 720 ,
1145 666 1220 710 sed
1242 667 1287 710 in
1310 676 1522 710 aeternum
1548 665 1694 710 felices
1713 684 1723 711 ι

339 745 382 779 et
402 736 447 779 in
464 751 516 780 eo
537 736 630 794 ipso
653 736 774 795 quod
796 744 921 779 erant
933 733 988 779 ad
1011 745 1182 795 tempus
1203 736 1397 781 infelices
1415 771 1426 791 ,
1456 736 1727 797 putabantur

338 807 474 865 magis
495 807 687 851 infelices
719 821 853 866 quam
872 815 1009 851 erant.
1036 806 1154 860 Quid
1180 808 1294 851 enim
1329 807 1436 853 dicit
1465 807 1726 868 Apostolus?

339 895 361 918 «
394 877 526 929 Quasi
558 877 698 920 tristes
730 911 741 931 ,
780 891 949 936 semper
983 885 1130 921 autem
1164 876 1399 935 gaudentes
1420 879 1450 921 ².
1492 896 1512 918 »
1545 880 1689 930 Quare
1710 912 1721 932 ‚

342 966 362 989 ι(
400 948 602 1006 Semper?
633 965 652 988 »
690 949 748 991 Et
780 947 851 990 hic
881 955 923 990 et
952 946 1012 991 ibi
1041 966 1051 992 :
1085 963 1258 1006 prorsus
1291 958 1335 992 et
1361 949 1433 992 hic
1467 955 1511 991 et
1541 948 1617 991 ibi.
1645 947 1724 992 Hic

337 1018 452 1061 enim
471 1016 589 1060 unde
612 1015 852 1075 gaudemus
871 1018 889 1060 i>
907 1020 968 1060 De
985 1032 1074 1075 spe.
1104 1017 1170 1061 Ibi
1191 1017 1308 1061 unde
1333 1017 1724 1076 gaudebimus?De
1766 1018 1769 1027 ’

336 1102 396 1130 re.
433 1089 641 1144 Magnum
664 1085 875 1145 gaudium
908 1086 1039 1129 habet
1071 1102 1165 1145 spes
1203 1086 1447 1145 gaudentis.
1479 1105 1499 1128 «
1531 1086 1622 1130 Etsi
1650 1101 1724 1146 spe

339 1175 358 1197 n
395 1156 649 1214 gaudentes,
670 1174 688 1196 »
706 1155 848 1198 videte
873 1154 981 1215 quid
999 1156 1195 1215 sequitur
1212 1172 1220 1197 2
1237 1176 1257 1198 «
1274 1159 1325 1200 In
1348 1155 1628 1201 tribulatione
1650 1171 1726 1215 pa-

336 1246 355 1269 »
391 1227 585 1271 tientes‘l.
607 1245 627 1266 »
650 1229 865 1283 Martyres
878 1241 978 1283 ergo
996 1226 1041 1269 in
1062 1225 1340 1271 tribulatione
1354 1226 1565 1286 patientes
1583 1235 1720 1281 erant,

333 1298 434 1357 quia
459 1313 534 1356 spe
567 1296 833 1355 gaudebant.
869 1295 953 1340 Sed
981 1295 1084 1355 quia
1122 1295 1319 1339 nondum
1343 1305 1434 1340 erat
1467 1295 1577 1340 illud
1605 1294 1725 1355 quod

334 1366 604 1426 promittitur
627 1401 638 1415 ,
663 1364 771 1425 quid
794 1364 900 1408 dicit
921 1364 1181 1423 Apostolus?
1214 1383 1235 1406 «
1262 1368 1365 1424 Spes
1393 1366 1509 1409 enim
1531 1381 1630 1425 quae
1657 1365 1723 1410 vi-

338 1457 358 1479 »
394 1438 544 1492 detur,
569 1452 659 1481 non
681 1444 746 1480 est
767 1451 860 1495 spes
885 1454 894 1479 :
921 1435 956 1479 si
979 1444 1123 1480 autem
1146 1435 1268 1496 quod
1296 1452 1386 1480 non
1407 1436 1604 1480 videmus
1625 1451 1724 1495 spe-
1761 1473 1763 1477 ,
1813 1454 1815 1470 ·

339 1529 358 1552 »
393 1524 537 1552 ramus
556 1543 566 1563 ,
584 1523 661 1567 per
682 1507 934 1566 patientiam
953 1508 1271 1566 expectamusss.
1296 1525 1316 1548 »
1344 1510 1457 1551 Ecce
1475 1511 1608 1566 quare
1629 1523 1724 1551 om-
1760 1523 1763 1530 ¹

334 1580 405 1623 nia
440 1583 653 1635 Martyres
684 1576 988 1636 pertulerunt,
1015 1576 1116 1635 quia
1139 1576 1259 1636 quod
1286 1593 1376 1620 non
1397 1576 1627 1631 videbant,
1647 1592 1724 1636 per

334 1650 590 1710 patientiam
608 1649 912 1707 expectabant.
940 1646 1009 1690 llli
1031 1647 1106 1707 qui
1128 1663 1199 1691 eos
1227 1648 1487 1692 occidebant
1502 1683 1512 1702 ,
1538 1664 1638 1707 quae
1658 1647 1724 1692 vi-
1758 1691 1760 1710 ζ
1811 1654 1815 1681 2

336 1720 500 1764 debant
521 1719 728 1764 amabant
752 1738 761 1762 ε
787 1717 850 1761 illi
883 1717 959 1777 qui
982 1717 1317 1772 occidebantur,
1352 1716 1405 1760 ad
1428 1733 1475 1761 ea
1508 1733 1608 1776 quae
1633 1733 1722 1762 non
1757 1766 1759 1772 .

334 1791 542 1835 videbant
556 1789 854 1849 suspirabant,
881 1796 924 1831 et
942 1804 990 1830 ea
1012 1803 1112 1846 quae
1125 1803 1214 1831 non
1232 1787 1464 1843 videbant,
1486 1788 1722 1847 apprehen·
1756 1789 1758 1837 ξ

335 1862 438 1905 dere
476 1859 752 1904 festinabant.
788 1862 845 1902 Et
877 1858 998 1918 quod
1021 1857 1186 1902 tardius
1214 1856 1546 1913 occidebantur,
1581 1872 1722 1905 moras

336 1931 418 1976 sibi
441 1930 534 1974 fieri
556 1929 894 1973 arbitrabantur.

394 2003 471 2045 VI.
493 2003 631 2058 Ergo,
658 1998 808 2042 fratres
823 2033 833 2052 ,
854 1997 974 2041 Felix
995 2005 1161 2054 martyr
1178 2005 1220 2040 et
1242 2012 1342 2040 vere
1364 1996 1465 2040 felix
1482 2006 1525 2040 et
1546 1997 1721 2042 nomine
1753 2017 1756 2051 g

335 2080 379 2115 et
400 2086 559 2116 corona
574 2105 585 2125 ,
611 2070 733 2129 cujus
756 2067 887 2112 hodie
900 2067 990 2111 dies
1015 2075 1078 2110 est
1098 2070 1113 2123 ζ
1118 2069 1182 2123 9),
1204 2066 1462 2125 contempsit
1486 2066 1716 2110 mundum.

335 2145 405 2186 An
427 2141 539 2186 forte
572 2139 675 2199 quia
708 2138 891 2182 timebat
917 2136 1153 2181 Dominum
1171 2170 1182 2190 ,
1219 2135 1321 2179 inde
1358 2145 1449 2180 erat
1470 2135 1593 2192 felix,
1617 2135 1720 2181 inde
1751 2174 1754 2203 5

335 2220 426 2255 erat
448 2211 601 2255 beatus
621 2245 631 2264 ,
657 2209 758 2287 quia
779 2223 888 2252 uxor
910 2208 1000 2266 ejus
1023 2216 1229 2265 tanquam
1247 2205 1371 2249 vinea
1395 2204 1547 2250 fertilis
1568 2207 1720 2250 eratin

335 2291 476 2334 terra,
502 2289 545 2324 et
571 2280 648 2324 filii
670 2280 760 2338 ejus
791 2274 1170 2322 circumdederant
1197 2291 1388 2320 mensam
1416 2277 1533 2336 ejus?
1565 2276 1719 2327 Omnia

333 2352 412 2396 ista
433 2349 624 2410 perfecte
648 2349 800 2402 habet,
826 2346 961 2390 sedin
984 2360 1166 2404 corpore
1183 2344 1298 2389 illius
1320 2345 1397 2405 qui
1415 2346 1486 2390 hic
1508 2344 1717 2390 describi·
1748 2384 1750 2404 ι
1810 2363 1812 2381 2

333 2430 420 2466 tur.
436 2424 493 2466 Et
513 2420 615 2481 quia
636 2419 696 2463 sic
724 2417 796 2461 ille
828 2415 1070 2471 intellexit,
1105 2415 1366 2474 contempsit
1388 2415 1637 2474 piaesentia,
1667 2424 1717 2460 ut
1747 2427 1750 2459 t
1807 2431 1815 2457 a.

380 2507 519 2538 ¹:2coi
538 2515 582 2546 vi,
606 2514 656 2536 10
682 2498 1748 2554 —-²Ron1.xn‚12.—31d.v111,24‚25.5
