1815 3253
1773 284 1788 308 Ἀ,
1773 122 1787 270 Εῆ-ᾸΓ’”““’.,3’,

351 223 434 263 342
784 233 817 262 s.
853 233 1083 265 Aueusnm
1114 235 1297 263 Emscom

347 301 439 360 ipse
456 300 654 345 diabolus
670 300 809 344 voluit
824 335 835 355 ‚
861 300 935 360 qui
954 300 1111 344 cadens
1129 300 1258 344 stanti
1278 298 1445 345 homini
1467 297 1624 343 invidit
1649 317 1658 343 :
1683 308 1727 344 et

345 373 446 432 quia
469 372 557 431 ipse
584 373 725 415 amisit
748 387 928 429 regnum
953 369 1165 415 coelorum
1181 372 1195 395 ²
1211 405 1222 424 ‚
1257 370 1480 414 hominem
1503 368 1607 414 illuc
1628 385 1728 428 perf-

346 443 495 486 venire
512 441 668 496 noluit,
694 451 737 486 et
750 457 839 486 non
860 440 956 486 vult
973 459 982 485 z
1003 448 1046 484 et
1067 440 1112 483 id
1133 440 1220 498 agit
1235 455 1376 495 nunc,
1399 448 1450 486 ut
1468 440 1601 483 homo
1622 438 1727 489 illuc

350 528 439 557 non
467 513 713 572 perveniat,
745 511 864 555 unde
884 512 974 570 ipse
997 511 1189 571 dejectus
1211 520 1288 555 est.
1314 511 1421 564 Quia
1453 525 1556 569 ergo
1577 525 1729 569 super.-

348 583 430 627 bus
460 591 524 626 est
550 583 640 641 ipse
657 617 668 637 ‚
700 590 744 625 et
770 580 869 625 ideo
896 580 1070 625 invidus
1092 580 1193 640 quia
1213 581 1425 640 superbus
1443 615 1454 634 ‚
1480 595 1609 623 omne
1630 595 1729 624 cor-

347 669 430 714 pus
451 653 582 712 ipsius
600 652 755 696 talium
776 667 933 711 corpus
952 659 1029 695 est.
1045 650 1129 696 Sed
1143 667 1221 695 nos
1234 666 1405 695 oremus
1418 659 1569 695 contra
1586 649 1727 706 illum,

342 725 422 783 ,qui
444 723 599 780 corrigi
629 737 717 766 non
741 730 907 780 potest,
934 730 976 765 ct
998 736 1076 780 pro
1097 721 1197 780 ipsis
1219 721 1294 782 qui
1316 729 1523 780 possunt,
1547 729 1598 764 ut
1616 719 1733 771 dica-
1772 736 1774 740 ’

346 809 444 838 mus
465 791 630 836 homini
651 793 829 851 injusto,
848 794 991 844 Quare
1007 791 1170 835 invides
1180 792 1322 851 justo,
1347 807 1373 835 o
1390 791 1523 836 homo
1544 791 1732 850 injuste?

347 863 459 916 Quia
481 863 543 907 vis
564 861 701 906 videri
719 862 893 920 justus?
922 861 1020 906 Cito
1042 860 1110 905 fac
1137 861 1257 921 quod
1279 861 1432 905 melius
1455 870 1541 916 est,
1566 870 1609 904 et
1625 860 1732 909 faci-
1772 876 1775 906 ἱ

347 933 432 978 lius
454 933 534 976 eris
552 932 673 992 quod
694 933 755 975 vis
776 932 928 976 videri.
955 934 1058 976 Esto
1077 932 1218 992 justus
1239 951 1248 977 :
1273 932 1333 976 ita
1353 931 1503 989 diliges
1524 931 1595 975 cui
1617 931 1731 983 invig-
1772 988 1774 990 v

349 1003 481 1048 debas
501 1023 511 1060 3
544 1002 646 1062 quia
668 1001 788 1062 quod
809 1000 933 1045 illum
955 1001 1074 1046 doles
1097 1017 1186 1046 esse
1205 1036 1216 1057 ,
1240 1002 1320 1045 eris
1343 1010 1386 1045 et
1407 1011 1456 1045 tu
1472 1036 1483 1056 ‚
1503 1011 1547 1045 et
1569 1001 1733 1046 amabis
1770 1020 1775 1031 ·

343 1075 395 1124 in
418 1090 469 1118 eo
497 1083 567 1131 te3
593 1082 635 1116 et
656 1073 798 1132 ipsum
821 1072 867 1115 in
886 1081 944 1116 te.
974 1073 1147 1118 Etenim
1170 1072 1203 1117 si
1224 1072 1440 1116 invideres
1469 1071 1618 1127 diviti,
1644 1087 1732 1116 non
1764 1076 1768 1128 ξ

349 1153 459 1188 esset
479 1144 525 1187 in
555 1151 768 1203 potestate
789 1151 865 1186 tua
886 1152 935 1186 ut
957 1142 1076 1187 dives
1099 1158 1206 1187 esses
1226 1161 1234 1187 :
1260 1143 1294 1186 si
1315 1142 1529 1186 invideres
1551 1142 1733 1187 honesto
1770 1181 1771 1184 ,

349 1214 479 1259 alicui
499 1214 686 1258 senatori
703 1213 856 1267 nobili,
878 1229 968 1256 non
986 1222 1094 1256 esset
1110 1213 1156 1265 in
1173 1222 1386 1272 potestate
1408 1221 1482 1256 tua
1505 1221 1555 1256 ut
1577 1211 1735 1258 nobilis
1764 1224 1768 1286 Ι

349 1294 398 1328 tu
424 1298 532 1327 esses
551 1291 594 1326 et
615 1282 782 1326 clarus:
803 1283 836 1325 si
857 1281 1072 1325 invideres
1090 1281 1276 1341 pulchro
1293 1316 1303 1336 ‚
1332 1297 1560 1342 nunquam
1583 1291 1625 1325 te
1642 1281 1736 1341 pul·
1763 1287 1767 1349 ι

350 1354 505 1398 chrum
524 1351 684 1396 faceres
706 1370 715 1395 z
738 1351 772 1395 si
789 1350 1003 1395 invideres
1024 1350 1127 1395 forti
1151 1361 1194 1395 et
1215 1350 1382 1405 valido,
1408 1367 1636 1411 nunquam
1655 1351 1735 1395 tibi
1763 1350 1767 1427 ἱ

346 1424 460 1476 vires
482 1423 605 1466 dares
632 1441 640 1467 :
665 1422 698 1466 si
719 1421 885 1465 invides
908 1422 1049 1481 justo,
1084 1437 1150 1466 res
1186 1422 1232 1466 in
1262 1421 1488 1467 voluntate
1526 1430 1620 1479 est3
1646 1431 1735 1477 esto
1763 1430 1767 1471 ξ
1802 1433 1815 1462 n]

350 1493 472 1555 quod
499 1485 619 1538 doles
642 1507 731 1541 esse
754 1491 953 1536 alterum.
982 1494 1081 1537 Non
1103 1491 1219 1536 enim
1241 1502 1466 1552 empturus
1484 1507 1526 1536 es
1547 1493 1667 1552 quod
1689 1501 1737 1545 tu
1763 1474 1766 1499 ⁸

351 1581 440 1610 non
468 1580 511 1608 es
526 1599 537 1618 ,
572 1573 616 1608 et
637 1562 744 1607 alius
774 1572 838 1606 est
862 1581 871 1607 :
898 1562 1028 1621 gratis
1049 1571 1242 1618 constat,
1266 1564 1353 1607 cito
1386 1571 1554 1607 constat
1575 1582 1583 1608 :
1609 1582 1629 1605 «
1651 1566 1735 1619 Pax

354 1654 375 1677 >›
410 1635 456 1678 in
476 1643 589 1678 terra
606 1633 857 1677 hominibus
877 1632 1006 1676 bonae
1026 1631 1263 1677 voluntatis
1277 1636 1308 1676 ².
1337 1651 1358 1675 »

411 1706 490 1748 IX.
518 1702 587 1747 Illi
608 1711 752 1746 autem
780 1721 800 1744 «
822 1702 1006 1761 Superbi
1026 1701 1350 1754 absconderunt
1368 1701 1655 1762 muscipulam
1675 1720 1685 1746 ι
1710 1719 1732 1759 η
1793 1718 1815 1742 »i

351 1776 620 1837 quaesierunt
641 1773 921 1833 supplantare
951 1789 1118 1832 gressus
1142 1789 1274 1818 meos.
1301 1776 1358 1818 Et
1386 1772 1493 1834 quid
1511 1772 1738 1831 fecerunt?

356 1866 378 1890 «
411 1850 469 1891 Et
487 1854 618 1889 restes
637 1843 925 1888 extenderunt
944 1838 1211 1902 muscipulas
1231 1843 1414 1903 pedibus
1437 1843 1556 1887 meis.
1580 1862 1597 1884 »
1623 1845 1738 1900 Quas
1761 1875 1767 1920 ι

353 1911 517 1961 restes?
545 1918 709 1960 Notum
746 1923 809 1957 est
836 1914 918 1958 hoc
939 1913 1123 1957 verbum
1144 1913 1190 1957 in
1225 1914 1457 1973 Scripturis
1472 1949 1482 1968 ‚
1508 1923 1551 1957 et
1572 1912 1740 1966 inveni-e
1761 1918 1814 1965 Ιῂευ

354 2004 449 2032 mus
482 1986 585 2031 alibi
619 1984 726 2045 quid
753 1985 994 2044 significent
1017 1993 1162 2028 restes.
1188 1985 1399 2029 Dominus
1434 1983 1654 2043 flagellum
1684 1983 1739 2028 de

351 2056 562 2102 resticulis
581 2055 706 2109 fecit,
732 2056 851 2098 unde
873 2053 1037 2113 expulit
1059 2070 1130 2098 eos
1149 2055 1203 2098 de
1227 2054 1390 2113 templo
1408 2089 1419 2108 ‚
1440 2054 1515 2114 qui
1540 2054 1602 2097 ibi
1624 2052 1739 2101 male

351 2128 665 2175 versabantur3
685 2147 696 2183 3
717 2135 759 2169 et
781 2126 1037 2184 significavit
1054 2125 1178 2169 nobis
1200 2124 1423 2185 quomodo
1446 2123 1738 2184 intelligamus

354 2208 485 2243 restes
507 2217 515 2242 ε
547 2197 647 2256 quia
662 2230 673 2248 ‚
702 2215 722 2237 «
747 2194 976 2239 Criniculis
997 2203 1275 2253 peccatorum
1294 2209 1473 2239 suorum
1500 2193 1737 2254 unusquis-7

358 2286 378 2310 »
414 2282 500 2328 que
536 2263 824 2322 confringitur
838 2265 853 2288 ⁴
870 2299 881 2318 ‚
920 2284 937 2305 »
966 2262 1072 2309 dicit
1107 2263 1188 2324 alia
1222 2264 1458 2324 Scriptura.
1500 2266 1558 2308 Et
1591 2271 1738 2322 aperte

355 2341 505 2390 Isaias,
538 2354 559 2378 «
584 2337 660 2380 Vae
693 2334 743 2377 iis
776 2333 852 2394 qui
882 2334 1062 2378 trahunt
1093 2343 1268 2396 peccata
1300 2334 1411 2378 sicut
1445 2342 1597 2378 restem
1635 2332 1736 2393 lon-7
1784 2359 1796 2369 ·-

357 2394 378 2451 ζ)
413 2409 556 2467 gam5.
580 2424 601 2447 »
629 2408 772 2458 Quare
795 2414 940 2451 autem
961 2404 1121 2449 dicitur
1149 2406 1300 2466 restis?
1323 2405 1437 2458 Quia
1460 2403 1601 2461 omnis
1629 2418 1735 2463 pec7

1783 1980 1815 2027 ude

1784 2053 1815 2095 ill

1778 2123 1815 2167 :am

1788 2208 1815 2235 t:

1785 2280 1805 2302 iv

1801 2419 1810 2446 t]

404 2510 415 2526 ¹
433 2504 514 2542 Gen.
534 2512 568 2541 ¹¹¹,
583 2526 591 2541 ‚
616 2512 628 2532 1
644 2525 653 2541 ,
674 2504 739 2533 etc.
760 2515 802 2522 —-
816 2507 829 2522 ²
849 2501 926 2541 Luc.
946 2511 982 2538 n,
1002 2498 1052 2542 14.
1073 2516 1115 2522 —-
1137 2497 1151 2525 3
1170 2502 1260 2538 Joan.
1284 2511 1324 2539 11,
1342 2499 1393 2536 15.
1417 2515 1461 2522 --
1477 2497 1494 2534 4
1510 2501 1602 2533 Prov.
1622 2508 1655 2539 v,
1674 2505 1729 2531 22.

356 2575 398 2581 -
415 2556 430 2580 ⁵
447 2558 518 2589 lsai.
538 2568 570 2593 v,
595 2556 643 2588 18.

1758 2526 1762 2582 ε

1757 2632 1761 2703 ἰ

1757 2709 1760 2729 t

1757 2734 1760 2755 i
