<?xml version="1.0" encoding="UTF-8"?>
<!DOCTYPE html PUBLIC "-//W3C//DTD XHTML 1.0 Transitional//EN"
    "http://www.w3.org/TR/xhtml1/DTD/xhtml1-transitional.dtd">
<html xmlns="http://www.w3.org/1999/xhtml" xml:lang="en" lang="en">
 <head>
  <title>
</title>
<meta http-equiv="Content-Type" content="text/html;charset=utf-8" />
  <meta name='ocr-system' content='tesseract 3.04.00' />
  <meta name='ocr-capabilities' content='ocr_page ocr_carea ocr_par ocr_line ocrx_word'/>
</head>
<body>
  <div class='ocr_page' id='page_1' title='image "./operaomniaaccura12auguuoft_0081.png"; bbox 0 0 1815 3253; ppageno 0'>
   <div class='ocr_carea' id='block_1_1' title="bbox 2 1041 20 2339">
    <p class='ocr_par' dir='ltr' id='par_1_1' title="bbox 2 1041 20 2339">
     <span class='ocr_line' id='line_1_1' title="bbox 2 1041 20 2339; baseline 0 0"><span class='ocrx_word' id='word_1_1' title='bbox 2 1041 20 2339; x_wconf 95' lang='lat' dir='ltr'> </span> 
     </span>
    </p>
   </div>
   <div class='ocr_carea' id='block_1_2' title="bbox 411 287 1461 326">
    <p class='ocr_par' dir='ltr' id='par_1_2' title="bbox 411 287 1461 326">
     <span class='ocr_line' id='line_1_2' title="bbox 411 287 1461 326; baseline 0 -1"><span class='ocrx_word' id='word_1_2' title='bbox 411 293 654 325; x_wconf 65' lang='lat' dir='ltr'>munuum</span> <span class='ocrx_word' id='word_1_3' title='bbox 685 296 731 323; x_wconf 77' lang='lat' dir='ltr'>m</span> <span class='ocrx_word' id='word_1_4' title='bbox 763 292 969 323; x_wconf 74' lang='lat' dir='ltr'>PsALMUM</span> <span class='ocrx_word' id='word_1_5' title='bbox 999 295 1152 324; x_wconf 84' lang='lat' dir='ltr'>cxxm.</span> <span class='ocrx_word' id='word_1_6' title='bbox 1410 287 1461 326; x_wconf 92' lang='lat'>71</span> 
     </span>
    </p>
   </div>
   <div class='ocr_carea' id='block_1_3' title="bbox 4 362 1528 2333">
    <p class='ocr_par' dir='ltr' id='par_1_3' title="bbox 6 362 1528 1965">
     <span class='ocr_line' id='line_1_3' title="bbox 28 362 1528 425; baseline -0.002 -14"><span class='ocrx_word' id='word_1_7' title='bbox 28 406 29 418; x_wconf 66' lang='grc'>,</span> <span class='ocrx_word' id='word_1_8' title='bbox 75 376 157 423; x_wconf 87' lang='lat' dir='ltr'>tas,</span> <span class='ocrx_word' id='word_1_9' title='bbox 177 364 220 411; x_wconf 89' lang='lat' dir='ltr'>et</span> <span class='ocrx_word' id='word_1_10' title='bbox 241 365 311 410; x_wconf 88' lang='lat' dir='ltr'>dic</span> <span class='ocrx_word' id='word_1_11' title='bbox 334 383 344 410; x_wconf 73' lang='grc' dir='ltr'><strong><em>ε</em></strong></span> <span class='ocrx_word' id='word_1_12' title='bbox 368 363 486 410; x_wconf 89' lang='lat' dir='ltr'>Malo</span> <span class='ocrx_word' id='word_1_13' title='bbox 507 362 628 423; x_wconf 87' lang='lat' dir='ltr'>quod</span> <span class='ocrx_word' id='word_1_14' title='bbox 649 371 792 407; x_wconf 86' lang='lat' dir='ltr'>teneo.</span> <span class='ocrx_word' id='word_1_15' title='bbox 818 362 860 407; x_wconf 92' lang='lat' dir='ltr'>Si</span> <span class='ocrx_word' id='word_1_16' title='bbox 878 371 1025 407; x_wconf 90' lang='lat' dir='ltr'>autem</span> <span class='ocrx_word' id='word_1_17' title='bbox 1046 377 1136 407; x_wconf 91' lang='lat' dir='ltr'>non</span> <span class='ocrx_word' id='word_1_18' title='bbox 1157 372 1302 420; x_wconf 88' lang='lat' dir='ltr'>tenes,</span> <span class='ocrx_word' id='word_1_19' title='bbox 1329 377 1465 425; x_wconf 87' lang='lat' dir='ltr'>quare</span> <span class='ocrx_word' id='word_1_20' title='bbox 1526 388 1528 390; x_wconf 33' lang='lat' dir='ltr'>v</span> 
     </span>
     <span class='ocr_line' id='line_1_4' title="bbox 28 424 1466 494; baseline -0.001 -12"><span class='ocrx_word' id='word_1_21' title='bbox 28 424 29 443; x_wconf 51' lang='lat'><strong>³</strong></span> <span class='ocrx_word' id='word_1_22' title='bbox 74 453 162 483; x_wconf 91' lang='lat' dir='ltr'>non</span> <span class='ocrx_word' id='word_1_23' title='bbox 194 436 305 481; x_wconf 91' lang='lat' dir='ltr'>illud</span> <span class='ocrx_word' id='word_1_24' title='bbox 326 445 448 480; x_wconf 89' lang='lat' dir='ltr'>tenes</span> <span class='ocrx_word' id='word_1_25' title='bbox 469 432 591 494; x_wconf 91' lang='lat' dir='ltr'>quod</span> <span class='ocrx_word' id='word_1_26' title='bbox 614 448 704 478; x_wconf 91' lang='lat' dir='ltr'>non</span> <span class='ocrx_word' id='word_1_27' title='bbox 726 442 848 493; x_wconf 88' lang='lat' dir='ltr'>potes</span> <span class='ocrx_word' id='word_1_28' title='bbox 873 432 1104 478; x_wconf 77' lang='lat' dir='ltr'>amittere?</span> <span class='ocrx_word' id='word_1_29' title='bbox 1126 433 1244 487; x_wconf 88' lang='lat' dir='ltr'>Quid</span> <span class='ocrx_word' id='word_1_30' title='bbox 1265 450 1369 494; x_wconf 87' lang='lat' dir='ltr'>ergo</span> <span class='ocrx_word' id='word_1_31' title='bbox 1398 445 1466 480; x_wconf 91' lang='lat' dir='ltr'>te-</span> 
     </span>
     <span class='ocr_line' id='line_1_5' title="bbox 26 503 1468 563; baseline -0.002 -11"><span class='ocrx_word' id='word_1_32' title='bbox 26 509 28 530; x_wconf 41' lang='grc' dir='ltr'><em>ῑ</em></span> <span class='ocrx_word' id='word_1_33' title='bbox 74 510 183 552; x_wconf 74' lang='lat' dir='ltr'>nes?</span> <span class='ocrx_word' id='word_1_34' title='bbox 204 512 387 552; x_wconf 85' lang='lat' dir='ltr'>Aurum.</span> <span class='ocrx_word' id='word_1_35' title='bbox 417 507 532 549; x_wconf 87' lang='lat' dir='ltr'>Tenc</span> <span class='ocrx_word' id='word_1_36' title='bbox 550 519 684 563; x_wconf 69' lang='lat' dir='ltr'>ergo,</span> <span class='ocrx_word' id='word_1_37' title='bbox 709 504 742 548; x_wconf 86' lang='lat' dir='ltr'>si</span> <span class='ocrx_word' id='word_1_38' title='bbox 762 511 905 559; x_wconf 89' lang='lat' dir='ltr'>tenes,</span> <span class='ocrx_word' id='word_1_39' title='bbox 935 519 1023 548; x_wconf 91' lang='lat' dir='ltr'>non</span> <span class='ocrx_word' id='word_1_40' title='bbox 1047 503 1127 548; x_wconf 89' lang='lat' dir='ltr'>tibi</span> <span class='ocrx_word' id='word_1_41' title='bbox 1151 504 1375 549; x_wconf 83' lang='lat' dir='ltr'><strong>auferatur</strong></span> <span class='ocrx_word' id='word_1_42' title='bbox 1396 506 1468 549; x_wconf 90' lang='lat' dir='ltr'>in-</span> 
     </span>
     <span class='ocr_line' id='line_1_6' title="bbox 75 574 1467 635; baseline -0.002 -12"><span class='ocrx_word' id='word_1_43' title='bbox 75 579 180 623; x_wconf 83' lang='lat' dir='ltr'>vito.</span> <span class='ocrx_word' id='word_1_44' title='bbox 209 578 252 622; x_wconf 90' lang='lat' dir='ltr'>Si</span> <span class='ocrx_word' id='word_1_45' title='bbox 273 586 417 620; x_wconf 89' lang='lat' dir='ltr'>autem</span> <span class='ocrx_word' id='word_1_46' title='bbox 437 584 479 619; x_wconf 89' lang='lat' dir='ltr'>et</span> <span class='ocrx_word' id='word_1_47' title='bbox 498 590 576 634; x_wconf 88' lang='lat' dir='ltr'>per</span> <span class='ocrx_word' id='word_1_48' title='bbox 593 589 746 619; x_wconf 89' lang='lat' dir='ltr'>aurum</span> <span class='ocrx_word' id='word_1_49' title='bbox 766 574 946 618; x_wconf 85' lang='lat' dir='ltr'>traheris</span> <span class='ocrx_word' id='word_1_50' title='bbox 963 590 1052 635; x_wconf 91' lang='lat' dir='ltr'>quo</span> <span class='ocrx_word' id='word_1_51' title='bbox 1069 590 1159 619; x_wconf 91' lang='lat' dir='ltr'>non</span> <span class='ocrx_word' id='word_1_52' title='bbox 1176 575 1239 620; x_wconf 89' lang='lat' dir='ltr'>vis</span> <span class='ocrx_word' id='word_1_53' title='bbox 1256 610 1267 631; x_wconf 97' lang='lat'>,</span> <span class='ocrx_word' id='word_1_54' title='bbox 1298 585 1341 619; x_wconf 92' lang='lat' dir='ltr'>et</span> <span class='ocrx_word' id='word_1_55' title='bbox 1367 575 1467 620; x_wconf 89' lang='lat' dir='ltr'>ideo</span> 
     </span>
     <span class='ocr_line' id='line_1_7' title="bbox 74 645 1463 710; baseline -0.001 -17"><span class='ocrx_word' id='word_1_56' title='bbox 74 659 116 694; x_wconf 89' lang='lat' dir='ltr'>te</span> <span class='ocrx_word' id='word_1_57' title='bbox 138 649 294 710; x_wconf 87' lang='lat' dir='ltr'>quaerit</span> <span class='ocrx_word' id='word_1_58' title='bbox 315 649 453 708; x_wconf 80' lang='lat' dir='ltr'>maJ&#39;or</span> <span class='ocrx_word' id='word_1_59' title='bbox 474 655 643 705; x_wconf 88' lang='lat' dir='ltr'>raptor,</span> <span class='ocrx_word' id='word_1_60' title='bbox 670 646 772 706; x_wconf 89' lang='lat' dir='ltr'>quia</span> <span class='ocrx_word' id='word_1_61' title='bbox 790 645 959 690; x_wconf 88' lang='lat' dir='ltr'>invenit</span> <span class='ocrx_word' id='word_1_62' title='bbox 975 646 1190 690; x_wconf 84' lang='lat' dir='ltr'><strong>minorem</strong></span> <span class='ocrx_word' id='word_1_63' title='bbox 1213 656 1432 706; x_wconf 81' lang='lat' dir='ltr'>raptorem</span> <span class='ocrx_word' id='word_1_64' title='bbox 1452 667 1463 705; x_wconf 77' lang='lat'>3</span> 
     </span>
     <span class='ocr_line' id='line_1_8' title="bbox 72 715 1463 778; baseline -0.001 -14"><span class='ocrx_word' id='word_1_65' title='bbox 72 719 170 764; x_wconf 92' lang='lat' dir='ltr'>ideo</span> <span class='ocrx_word' id='word_1_66' title='bbox 193 728 235 763; x_wconf 88' lang='lat' dir='ltr'>te</span> <span class='ocrx_word' id='word_1_67' title='bbox 257 718 415 778; x_wconf 85' lang='lat' dir='ltr'>quaerit</span> <span class='ocrx_word' id='word_1_68' title='bbox 436 717 575 776; x_wconf 85' lang='lat' dir='ltr'>major</span> <span class='ocrx_word' id='word_1_69' title='bbox 593 715 739 777; x_wconf 88' lang='lat' dir='ltr'>aquila</span> <span class='ocrx_word' id='word_1_70' title='bbox 753 751 765 771; x_wconf 95' lang='lat'>,</span> <span class='ocrx_word' id='word_1_71' title='bbox 791 716 893 776; x_wconf 87' lang='lat' dir='ltr'>quia</span> <span class='ocrx_word' id='word_1_72' title='bbox 915 716 1035 776; x_wconf 90' lang='lat' dir='ltr'>prior</span> <span class='ocrx_word' id='word_1_73' title='bbox 1057 717 1229 777; x_wconf 89' lang='lat' dir='ltr'>coepisti</span> <span class='ocrx_word' id='word_1_74' title='bbox 1245 716 1463 778; x_wconf 84' lang='lat' dir='ltr'>leporem:</span> 
     </span>
     <span class='ocr_line' id='line_1_9' title="bbox 72 787 1468 851; baseline 0 -17"><span class='ocrx_word' id='word_1_75' title='bbox 72 790 219 851; x_wconf 84' lang='lat' dir='ltr'>praeda</span> <span class='ocrx_word' id='word_1_76' title='bbox 242 789 322 834; x_wconf 90' lang='lat' dir='ltr'>tibi</span> <span class='ocrx_word' id='word_1_77' title='bbox 344 787 428 832; x_wconf 87' lang='lat' dir='ltr'>suit</span> <span class='ocrx_word' id='word_1_78' title='bbox 450 787 609 843; x_wconf 89' lang='lat' dir='ltr'>minor,</span> <span class='ocrx_word' id='word_1_79' title='bbox 622 788 775 848; x_wconf 62' lang='lat' dir='ltr'>praeda&gt;</span> <span class='ocrx_word' id='word_1_80' title='bbox 786 788 866 832; x_wconf 89' lang='lat' dir='ltr'>eris</span> <span class='ocrx_word' id='word_1_81' title='bbox 890 788 1058 849; x_wconf 90' lang='lat' dir='ltr'>majori.</span> <span class='ocrx_word' id='word_1_82' title='bbox 1077 791 1182 833; x_wconf 84' lang='lat' dir='ltr'>Haec</span> <span class='ocrx_word' id='word_1_83' title='bbox 1203 802 1293 834; x_wconf 90' lang='lat' dir='ltr'>non</span> <span class='ocrx_word' id='word_1_84' title='bbox 1315 789 1468 834; x_wconf 89' lang='lat' dir='ltr'>vident</span> 
     </span>
     <span class='ocr_line' id='line_1_10' title="bbox 70 858 1462 919; baseline -0.001 -14"><span class='ocrx_word' id='word_1_85' title='bbox 70 859 269 905; x_wconf 89' lang='lat' dir='ltr'>homines</span> <span class='ocrx_word' id='word_1_86' title='bbox 292 860 338 904; x_wconf 88' lang='lat' dir='ltr'>in</span> <span class='ocrx_word' id='word_1_87' title='bbox 360 859 490 903; x_wconf 88' lang='lat' dir='ltr'>rebus</span> <span class='ocrx_word' id='word_1_88' title='bbox 526 858 729 903; x_wconf 83' lang='lat' dir='ltr'>humanis</span> <span class='ocrx_word' id='word_1_89' title='bbox 748 893 760 914; x_wconf 92' lang='lat'>,</span> <span class='ocrx_word' id='word_1_90' title='bbox 799 867 922 904; x_wconf 86' lang='lat' dir='ltr'>tanta</span> <span class='ocrx_word' id='word_1_91' title='bbox 953 858 1193 919; x_wconf 89' lang='lat' dir='ltr'>cupiditate</span> <span class='ocrx_word' id='word_1_92' title='bbox 1225 862 1462 905; x_wconf 80' lang='lat' dir='ltr'>caecantur.</span> 
     </span>
     <span class='ocr_line' id='line_1_11' title="bbox 70 927 1477 991; baseline 0 -16"><span class='ocrx_word' id='word_1_93' title='bbox 70 930 179 976; x_wconf 88' lang='lat' dir='ltr'>Mira</span> <span class='ocrx_word' id='word_1_94' title='bbox 200 945 266 974; x_wconf 91' lang='lat' dir='ltr'>res</span> <span class='ocrx_word' id='word_1_95' title='bbox 290 939 354 974; x_wconf 90' lang='lat' dir='ltr'>est</span> <span class='ocrx_word' id='word_1_96' title='bbox 367 961 379 985; x_wconf 82' lang='lat'>,</span> <span class='ocrx_word' id='word_1_97' title='bbox 403 927 575 984; x_wconf 88' lang='lat' dir='ltr'>fratres,</span> <span class='ocrx_word' id='word_1_98' title='bbox 589 929 773 974; x_wconf 84' lang='lat' dir='ltr'>horrent</span> <span class='ocrx_word' id='word_1_99' title='bbox 794 929 871 990; x_wconf 93' lang='lat' dir='ltr'>qui</span> <span class='ocrx_word' id='word_1_100' title='bbox 893 928 1183 974; x_wconf 86' lang='lat' dir='ltr'>considerant.</span> <span class='ocrx_word' id='word_1_101' title='bbox 1197 931 1362 984; x_wconf 84' lang='lat' dir='ltr'>Quaerit</span> <span class='ocrx_word' id='word_1_102' title='bbox 1382 946 1477 991; x_wconf 60' lang='lat' dir='ltr'>poa·</span> 
     </span>
     <span class='ocr_line' id='line_1_12' title="bbox 71 999 1465 1060; baseline 0 -15"><span class='ocrx_word' id='word_1_103' title='bbox 71 1000 231 1046; x_wconf 86' lang='lat' dir='ltr'>tentior</span> <span class='ocrx_word' id='word_1_104' title='bbox 262 999 572 1054; x_wconf 85' lang='lat' dir='ltr'>infirmiorem,</span> <span class='ocrx_word' id='word_1_105' title='bbox 608 1008 653 1043; x_wconf 93' lang='lat' dir='ltr'>et</span> <span class='ocrx_word' id='word_1_106' title='bbox 684 999 843 1058; x_wconf 80' lang='lat' dir='ltr'>quaerit</span> <span class='ocrx_word' id='word_1_107' title='bbox 867 1013 970 1044; x_wconf 89' lang='lat' dir='ltr'>eum</span> <span class='ocrx_word' id='word_1_108' title='bbox 998 1000 1267 1060; x_wconf 85' lang='lat' dir='ltr'>opprimere,</span> <span class='ocrx_word' id='word_1_109' title='bbox 1292 1014 1385 1045; x_wconf 90' lang='lat' dir='ltr'>non</span> <span class='ocrx_word' id='word_1_110' title='bbox 1406 1000 1465 1046; x_wconf 93' lang='lat' dir='ltr'>ob</span> 
     </span>
     <span class='ocr_line' id='line_1_13' title="bbox 71 1063 1466 1131; baseline -0.001 -14"><span class='ocrx_word' id='word_1_111' title='bbox 71 1071 190 1117; x_wconf 83' lang='lat' dir='ltr'>aliud</span> <span class='ocrx_word' id='word_1_112' title='bbox 207 1107 217 1127; x_wconf 96' lang='lat'>,</span> <span class='ocrx_word' id='word_1_113' title='bbox 244 1071 324 1115; x_wconf 87' lang='lat' dir='ltr'>nisi</span> <span class='ocrx_word' id='word_1_114' title='bbox 345 1071 447 1131; x_wconf 89' lang='lat' dir='ltr'>quia</span> <span class='ocrx_word' id='word_1_115' title='bbox 472 1069 607 1114; x_wconf 89' lang='lat' dir='ltr'>habet</span> <span class='ocrx_word' id='word_1_116' title='bbox 634 1068 757 1130; x_wconf 89' lang='lat' dir='ltr'>quod</span> <span class='ocrx_word' id='word_1_117' title='bbox 778 1069 842 1113; x_wconf 89' lang='lat' dir='ltr'>illi</span> <span class='ocrx_word' id='word_1_118' title='bbox 861 1069 1031 1115; x_wconf 83' lang='lat' dir='ltr'>auferat</span> <span class='ocrx_word' id='word_1_119' title='bbox 1050 1089 1060 1115; x_wconf 92' lang='lat'>:</span> <span class='ocrx_word' id='word_1_120' title='bbox 1085 1071 1206 1116; x_wconf 88' lang='lat' dir='ltr'>videt</span> <span class='ocrx_word' id='word_1_121' title='bbox 1227 1070 1353 1115; x_wconf 89' lang='lat' dir='ltr'>illum</span> <span class='ocrx_word' id='word_1_122' title='bbox 1375 1063 1466 1131; x_wconf 87' lang='lat' dir='ltr'>pati</span> 
     </span>
     <span class='ocr_line' id='line_1_14' title="bbox 70 1140 1466 1202; baseline -0.001 -15"><span class='ocrx_word' id='word_1_123' title='bbox 70 1142 151 1187; x_wconf 82' lang='lat' dir='ltr'>sub</span> <span class='ocrx_word' id='word_1_124' title='bbox 173 1157 217 1186; x_wconf 94' lang='lat' dir='ltr'>se</span> <span class='ocrx_word' id='word_1_125' title='bbox 234 1140 579 1195; x_wconf 85' lang='lat' dir='ltr'>tribulationem,</span> <span class='ocrx_word' id='word_1_126' title='bbox 603 1150 694 1184; x_wconf 87' lang='lat' dir='ltr'>non</span> <span class='ocrx_word' id='word_1_127' title='bbox 716 1141 774 1184; x_wconf 90' lang='lat' dir='ltr'>ob</span> <span class='ocrx_word' id='word_1_128' title='bbox 795 1140 915 1184; x_wconf 88' lang='lat' dir='ltr'>aliud</span> <span class='ocrx_word' id='word_1_129' title='bbox 938 1140 1021 1185; x_wconf 90' lang='lat' dir='ltr'>nisi</span> <span class='ocrx_word' id='word_1_130' title='bbox 1041 1141 1221 1201; x_wconf 82' lang='lat' dir='ltr'>propter</span> <span class='ocrx_word' id='word_1_131' title='bbox 1242 1140 1364 1202; x_wconf 88' lang='lat' dir='ltr'>quod</span> <span class='ocrx_word' id='word_1_132' title='bbox 1386 1142 1466 1186; x_wconf 90' lang='lat' dir='ltr'>ha-</span> 
     </span>
     <span class='ocr_line' id='line_1_15' title="bbox 71 1211 1462 1272; baseline 0 -15"><span class='ocrx_word' id='word_1_133' title='bbox 71 1214 167 1258; x_wconf 87' lang='lat' dir='ltr'>bet:</span> <span class='ocrx_word' id='word_1_134' title='bbox 185 1222 228 1257; x_wconf 88' lang='lat' dir='ltr'>ct</span> <span class='ocrx_word' id='word_1_135' title='bbox 249 1213 332 1257; x_wconf 92' lang='lat' dir='ltr'>hoc</span> <span class='ocrx_word' id='word_1_136' title='bbox 353 1213 465 1272; x_wconf 92' lang='lat' dir='ltr'>ipse,</span> <span class='ocrx_word' id='word_1_137' title='bbox 491 1219 671 1272; x_wconf 87' lang='lat' dir='ltr'>propter</span> <span class='ocrx_word' id='word_1_138' title='bbox 692 1211 815 1272; x_wconf 89' lang='lat' dir='ltr'>quod</span> <span class='ocrx_word' id='word_1_139' title='bbox 836 1211 910 1256; x_wconf 92' lang='lat' dir='ltr'>ille</span> <span class='ocrx_word' id='word_1_140' title='bbox 927 1213 1093 1272; x_wconf 87' lang='lat' dir='ltr'>patitur</span> <span class='ocrx_word' id='word_1_141' title='bbox 1114 1212 1462 1269; x_wconf 75' lang='lat' dir='ltr'>tribulationem,</span> 
     </span>
     <span class='ocr_line' id='line_1_16' title="bbox 70 1281 1464 1344; baseline 0 -16"><span class='ocrx_word' id='word_1_142' title='bbox 70 1284 126 1328; x_wconf 90' lang='lat' dir='ltr'>ad</span> <span class='ocrx_word' id='word_1_143' title='bbox 146 1298 190 1327; x_wconf 90' lang='lat' dir='ltr'>se</span> <span class='ocrx_word' id='word_1_144' title='bbox 211 1284 419 1342; x_wconf 84' lang='lat' dir='ltr'>congerit.</span> <span class='ocrx_word' id='word_1_145' title='bbox 445 1284 544 1329; x_wconf 93' lang='lat' dir='ltr'>Non</span> <span class='ocrx_word' id='word_1_146' title='bbox 566 1281 820 1326; x_wconf 85' lang='lat' dir='ltr'>attendebat</span> <span class='ocrx_word' id='word_1_147' title='bbox 839 1317 851 1338; x_wconf 92' lang='lat'>,</span> <span class='ocrx_word' id='word_1_148' title='bbox 877 1281 1056 1343; x_wconf 87' lang='lat' dir='ltr'>quando</span> <span class='ocrx_word' id='word_1_149' title='bbox 1077 1281 1204 1327; x_wconf 89' lang='lat' dir='ltr'>illum</span> <span class='ocrx_word' id='word_1_150' title='bbox 1226 1298 1464 1344; x_wconf 89' lang='lat' dir='ltr'>perseque-</span> 
     </span>
     <span class='ocr_line' id='line_1_17' title="bbox 69 1353 1464 1415; baseline 0.001 -16"><span class='ocrx_word' id='word_1_151' title='bbox 69 1355 197 1399; x_wconf 86' lang='lat' dir='ltr'>batur</span> <span class='ocrx_word' id='word_1_152' title='bbox 221 1375 230 1400; x_wconf 91' lang='lat'>:</span> <span class='ocrx_word' id='word_1_153' title='bbox 256 1355 329 1399; x_wconf 91' lang='lat' dir='ltr'>ille</span> <span class='ocrx_word' id='word_1_154' title='bbox 350 1355 549 1414; x_wconf 84' lang='lat' dir='ltr'>fugiebat</span> <span class='ocrx_word' id='word_1_155' title='bbox 567 1389 578 1410; x_wconf 84' lang='lat'>,</span> <span class='ocrx_word' id='word_1_156' title='bbox 620 1353 692 1399; x_wconf 87' lang='lat' dir='ltr'>ille</span> <span class='ocrx_word' id='word_1_157' title='bbox 714 1355 1002 1415; x_wconf 86' lang='lat' dir='ltr'>torquebatur</span> <span class='ocrx_word' id='word_1_158' title='bbox 1018 1389 1029 1410; x_wconf 94' lang='lat'>,</span> <span class='ocrx_word' id='word_1_159' title='bbox 1054 1353 1129 1399; x_wconf 89' lang='lat' dir='ltr'>ille</span> <span class='ocrx_word' id='word_1_160' title='bbox 1158 1355 1342 1399; x_wconf 87' lang='lat' dir='ltr'>timebat</span> <span class='ocrx_word' id='word_1_161' title='bbox 1357 1390 1368 1411; x_wconf 95' lang='lat'>,</span> <span class='ocrx_word' id='word_1_162' title='bbox 1389 1354 1464 1400; x_wconf 91' lang='lat' dir='ltr'>ille</span> 
     </span>
     <span class='ocr_line' id='line_1_18' title="bbox 14 1426 1459 1486; baseline 0.001 -16"><span class='ocrx_word' id='word_1_163' title='bbox 14 1478 15 1485; x_wconf 10' lang='grc' dir='ltr'>ἵ</span> <span class='ocrx_word' id='word_1_164' title='bbox 69 1427 147 1470; x_wconf 90' lang='lat' dir='ltr'>ubi</span> <span class='ocrx_word' id='word_1_165' title='bbox 176 1442 220 1471; x_wconf 89' lang='lat' dir='ltr'>se</span> <span class='ocrx_word' id='word_1_166' title='bbox 242 1426 528 1471; x_wconf 74' lang='lat' dir='ltr'>absconderet</span> <span class='ocrx_word' id='word_1_167' title='bbox 547 1426 774 1486; x_wconf 79' lang='lat' dir='ltr'>quaerebat</span> <span class='ocrx_word' id='word_1_168' title='bbox 795 1445 804 1471; x_wconf 73' lang='grc' dir='ltr'><strong><em>ε</em></strong></span> <span class='ocrx_word' id='word_1_169' title='bbox 831 1427 949 1470; x_wconf 88' lang='lat' dir='ltr'>unde</span> <span class='ocrx_word' id='word_1_170' title='bbox 969 1436 1191 1486; x_wconf 88' lang='lat' dir='ltr'>pateretur</span> <span class='ocrx_word' id='word_1_171' title='bbox 1212 1427 1292 1471; x_wconf 84' lang='lat' dir='ltr'>ista</span> <span class='ocrx_word' id='word_1_172' title='bbox 1314 1427 1429 1471; x_wconf 87' lang='lat' dir='ltr'>mala</span> <span class='ocrx_word' id='word_1_173' title='bbox 1447 1461 1459 1483; x_wconf 95' lang='lat'>,</span> 
     </span>
     <span class='ocr_line' id='line_1_19' title="bbox 12 1496 1462 1558; baseline 0.001 -17"><span class='ocrx_word' id='word_1_174' title='bbox 12 1517 14 1541; x_wconf 51' lang='grc' dir='ltr'><strong><em>ὴ</em></strong></span> <span class='ocrx_word' id='word_1_175' title='bbox 68 1498 150 1541; x_wconf 87' lang='lat' dir='ltr'>nisi</span> <span class='ocrx_word' id='word_1_176' title='bbox 172 1497 274 1557; x_wconf 84' lang='lat' dir='ltr'>quia</span> <span class='ocrx_word' id='word_1_177' title='bbox 296 1497 519 1541; x_wconf 82' lang='lat' dir='ltr'>habebat?</span> <span class='ocrx_word' id='word_1_178' title='bbox 540 1496 621 1541; x_wconf 91' lang='lat' dir='ltr'>Vel</span> <span class='ocrx_word' id='word_1_179' title='bbox 642 1498 688 1540; x_wconf 93' lang='lat' dir='ltr'>in</span> <span class='ocrx_word' id='word_1_180' title='bbox 712 1496 789 1541; x_wconf 89' lang='lat' dir='ltr'>illo</span> <span class='ocrx_word' id='word_1_181' title='bbox 812 1496 928 1541; x_wconf 91' lang='lat' dir='ltr'>disce</span> <span class='ocrx_word' id='word_1_182' title='bbox 956 1496 1064 1557; x_wconf 89' lang='lat' dir='ltr'>quid</span> <span class='ocrx_word' id='word_1_183' title='bbox 1085 1497 1216 1542; x_wconf 85' lang='lat' dir='ltr'>facias</span> <span class='ocrx_word' id='word_1_184' title='bbox 1242 1515 1252 1543; x_wconf 87' lang='lat'>:</span> <span class='ocrx_word' id='word_1_185' title='bbox 1273 1498 1376 1558; x_wconf 86' lang='lat' dir='ltr'>quia</span> <span class='ocrx_word' id='word_1_186' title='bbox 1396 1512 1462 1542; x_wconf 88' lang='lat' dir='ltr'>res</span> 
     </span>
     <span class='ocr_line' id='line_1_20' title="bbox 68 1566 1463 1628; baseline 0.001 -17"><span class='ocrx_word' id='word_1_187' title='bbox 68 1583 168 1628; x_wconf 64' lang='lat' dir='ltr'>quse</span> <span class='ocrx_word' id='word_1_188' title='bbox 184 1567 309 1612; x_wconf 85' lang='lat' dir='ltr'>illum</span> <span class='ocrx_word' id='word_1_189' title='bbox 325 1568 572 1628; x_wconf 83' lang='lat' dir='ltr'>torquebat,</span> <span class='ocrx_word' id='word_1_190' title='bbox 587 1577 630 1612; x_wconf 92' lang='lat' dir='ltr'>te</span> <span class='ocrx_word' id='word_1_191' title='bbox 643 1576 948 1628; x_wconf 79' lang='lat' dir='ltr'>persequente,</span> <span class='ocrx_word' id='word_1_192' title='bbox 970 1582 1025 1611; x_wconf 91' lang='lat' dir='ltr'>ne</span> <span class='ocrx_word' id='word_1_193' title='bbox 1041 1566 1288 1612; x_wconf 87' lang='lat' dir='ltr'>auferretur</span> <span class='ocrx_word' id='word_1_194' title='bbox 1306 1584 1330 1612; x_wconf 88' lang='lat' dir='ltr'>a</span> <span class='ocrx_word' id='word_1_195' title='bbox 1344 1578 1403 1623; x_wconf 91' lang='lat' dir='ltr'>te,</span> <span class='ocrx_word' id='word_1_196' title='bbox 1419 1578 1463 1612; x_wconf 90' lang='lat' dir='ltr'>et</span> 
     </span>
     <span class='ocr_line' id='line_1_21' title="bbox 69 1637 1463 1702; baseline 0.001 -20"><span class='ocrx_word' id='word_1_197' title='bbox 69 1647 112 1682; x_wconf 87' lang='lat' dir='ltr'>te</span> <span class='ocrx_word' id='word_1_198' title='bbox 132 1639 190 1682; x_wconf 87' lang='lat' dir='ltr'>sic</span> <span class='ocrx_word' id='word_1_199' title='bbox 213 1638 346 1682; x_wconf 88' lang='lat' dir='ltr'>habet</span> <span class='ocrx_word' id='word_1_200' title='bbox 367 1647 570 1698; x_wconf 85' lang='lat' dir='ltr'>torquere</span> <span class='ocrx_word' id='word_1_201' title='bbox 593 1638 676 1682; x_wconf 88' lang='lat' dir='ltr'>alio</span> <span class='ocrx_word' id='word_1_202' title='bbox 696 1637 1219 1702; x_wconf 50' lang='lat' dir='ltr'>persequente3Attendis</span> <span class='ocrx_word' id='word_1_203' title='bbox 1238 1639 1339 1699; x_wconf 88' lang='lat' dir='ltr'>quia</span> <span class='ocrx_word' id='word_1_204' title='bbox 1368 1638 1463 1699; x_wconf 88' lang='lat' dir='ltr'>pin-</span> 
     </span>
     <span class='ocr_line' id='line_1_22' title="bbox 69 1709 1460 1770; baseline 0.001 -17"><span class='ocrx_word' id='word_1_205' title='bbox 69 1710 160 1767; x_wconf 87' lang='lat' dir='ltr'>guis</span> <span class='ocrx_word' id='word_1_206' title='bbox 194 1719 257 1754; x_wconf 83' lang='lat' dir='ltr'>est</span> <span class='ocrx_word' id='word_1_207' title='bbox 284 1729 292 1754; x_wconf 78' lang='lat' dir='ltr'><em>z</em></span> <span class='ocrx_word' id='word_1_208' title='bbox 323 1710 355 1753; x_wconf 86' lang='lat' dir='ltr'>si</span> <span class='ocrx_word' id='word_1_209' title='bbox 388 1718 615 1769; x_wconf 83' lang='lat' dir='ltr'>propterea</span> <span class='ocrx_word' id='word_1_210' title='bbox 647 1709 767 1753; x_wconf 92' lang='lat' dir='ltr'>illum</span> <span class='ocrx_word' id='word_1_211' title='bbox 797 1709 984 1769; x_wconf 79' lang='lat' dir='ltr'>quaeris,</span> <span class='ocrx_word' id='word_1_212' title='bbox 1018 1710 1121 1770; x_wconf 84' lang='lat' dir='ltr'>quia</span> <span class='ocrx_word' id='word_1_213' title='bbox 1152 1710 1325 1770; x_wconf 82' lang='lat' dir='ltr'>pinguis</span> <span class='ocrx_word' id='word_1_214' title='bbox 1363 1720 1460 1769; x_wconf 68' lang='lat' dir='ltr'>est,</span> 
     </span>
     <span class='ocr_line' id='line_1_23' title="bbox 8 1779 1461 1841; baseline 0.001 -17"><span class='ocrx_word' id='word_1_215' title='bbox 8 1830 10 1833; x_wconf 12' lang='lat' dir='ltr'>y</span> <span class='ocrx_word' id='word_1_216' title='bbox 69 1781 173 1825; x_wconf 87' lang='lat' dir='ltr'>time</span> <span class='ocrx_word' id='word_1_217' title='bbox 193 1780 497 1840; x_wconf 78' lang='lat' dir='ltr'>pinguescere,</span> <span class='ocrx_word' id='word_1_218' title='bbox 539 1796 594 1824; x_wconf 87' lang='lat' dir='ltr'>ne</span> <span class='ocrx_word' id='word_1_219' title='bbox 615 1779 723 1824; x_wconf 88' lang='lat' dir='ltr'>alter</span> <span class='ocrx_word' id='word_1_220' title='bbox 744 1790 787 1825; x_wconf 89' lang='lat' dir='ltr'>te</span> <span class='ocrx_word' id='word_1_221' title='bbox 809 1789 993 1841; x_wconf 76' lang='lat' dir='ltr'>quaerat.</span> <span class='ocrx_word' id='word_1_222' title='bbox 1020 1782 1077 1825; x_wconf 91' lang='lat' dir='ltr'>Et</span> <span class='ocrx_word' id='word_1_223' title='bbox 1104 1781 1250 1825; x_wconf 87' lang='lat' dir='ltr'>omnia</span> <span class='ocrx_word' id='word_1_224' title='bbox 1274 1782 1461 1826; x_wconf 87' lang='lat' dir='ltr'>inaniter</span> 
     </span>
     <span class='ocr_line' id='line_1_24' title="bbox 7 1851 1456 1912; baseline 0.001 -17"><span class='ocrx_word' id='word_1_225' title='bbox 7 1862 9 1883; x_wconf 64' lang='lat'><em>³</em></span> <span class='ocrx_word' id='word_1_226' title='bbox 68 1851 182 1895; x_wconf 89' lang='lat' dir='ltr'>fiunt</span> <span class='ocrx_word' id='word_1_227' title='bbox 206 1870 215 1894; x_wconf 70' lang='grc' dir='ltr'>ε</span> <span class='ocrx_word' id='word_1_228' title='bbox 241 1866 388 1911; x_wconf 87' lang='lat' dir='ltr'>quaere</span> <span class='ocrx_word' id='word_1_229' title='bbox 423 1851 576 1906; x_wconf 86' lang='lat' dir='ltr'>finem,</span> <span class='ocrx_word' id='word_1_230' title='bbox 602 1851 795 1895; x_wconf 83' lang='lat' dir='ltr'>tenebrae</span> <span class='ocrx_word' id='word_1_231' title='bbox 825 1861 1062 1896; x_wconf 88' lang='lat' dir='ltr'>occurrunt</span> <span class='ocrx_word' id='word_1_232' title='bbox 1088 1870 1096 1895; x_wconf 94' lang='lat'><strong>:</strong></span> <span class='ocrx_word' id='word_1_233' title='bbox 1120 1867 1268 1912; x_wconf 85' lang='lat' dir='ltr'>quaere</span> <span class='ocrx_word' id='word_1_234' title='bbox 1296 1867 1456 1912; x_wconf 90' lang='lat' dir='ltr'>quare,</span> 
     </span>
     <span class='ocr_line' id='line_1_25' title="bbox 6 1919 403 1965; baseline 0.003 -2"><span class='ocrx_word' id='word_1_235' title='bbox 6 1930 9 1963; x_wconf 65' lang='lat' dir='ltr'>i</span> <span class='ocrx_word' id='word_1_236' title='bbox 69 1919 178 1964; x_wconf 78' lang='lat' dir='ltr'>nihil</span> <span class='ocrx_word' id='word_1_237' title='bbox 200 1921 403 1965; x_wconf 82' lang='lat' dir='ltr'>occurrit.</span> 
     </span>
    </p>

    <p class='ocr_par' dir='ltr' id='par_1_4' title="bbox 4 1979 1461 2333">
     <span class='ocr_line' id='line_1_26' title="bbox 6 1979 1457 2051; baseline 0.001 -18"><span class='ocrx_word' id='word_1_238' title='bbox 6 1979 8 1984; x_wconf 36' lang='lat'>⁸</span> <span class='ocrx_word' id='word_1_239' title='bbox 126 1993 203 2034; x_wconf 78' lang='lat' dir='ltr'>xl.</span> <span class='ocrx_word' id='word_1_240' title='bbox 231 1993 345 2048; x_wconf 86' lang='lat' dir='ltr'>Ergo</span> <span class='ocrx_word' id='word_1_241' title='bbox 367 1989 563 2034; x_wconf 82' lang='lat' dir='ltr'>exultent</span> <span class='ocrx_word' id='word_1_242' title='bbox 584 1999 628 2034; x_wconf 88' lang='lat' dir='ltr'>et</span> <span class='ocrx_word' id='word_1_243' title='bbox 643 1989 847 2034; x_wconf 83' lang='lat' dir='ltr'>laetentur</span> <span class='ocrx_word' id='word_1_244' title='bbox 868 1990 914 2034; x_wconf 91' lang='lat' dir='ltr'>in</span> <span class='ocrx_word' id='word_1_245' title='bbox 937 1991 1124 2035; x_wconf 90' lang='lat' dir='ltr'>Domino</span> <span class='ocrx_word' id='word_1_246' title='bbox 1145 2025 1156 2046; x_wconf 98' lang='lat'>,</span> <span class='ocrx_word' id='word_1_247' title='bbox 1181 1991 1259 2051; x_wconf 91' lang='lat' dir='ltr'>qui</span> <span class='ocrx_word' id='word_1_248' title='bbox 1276 1989 1457 2036; x_wconf 82' lang='lat' dir='ltr'>dicunt:</span> 
     </span>
     <span class='ocr_line' id='line_1_27' title="bbox 71 2060 1461 2121; baseline 0.002 -18"><span class='ocrx_word' id='word_1_249' title='bbox 71 2079 91 2103; x_wconf 71' lang='grc' dir='ltr'><strong>υ</strong></span> <span class='ocrx_word' id='word_1_250' title='bbox 127 2061 376 2107; x_wconf 86' lang='lat' dir='ltr'>Pertransiit</span> <span class='ocrx_word' id='word_1_251' title='bbox 396 2060 537 2105; x_wconf 87' lang='lat' dir='ltr'>anima</span> <span class='ocrx_word' id='word_1_252' title='bbox 557 2070 700 2113; x_wconf 85' lang='lat' dir='ltr'>nostra</span> <span class='ocrx_word' id='word_1_253' title='bbox 722 2076 881 2121; x_wconf 89' lang='lat' dir='ltr'>aquam</span> <span class='ocrx_word' id='word_1_254' title='bbox 899 2061 991 2105; x_wconf 84' lang='lat' dir='ltr'>sine</span> <span class='ocrx_word' id='word_1_255' title='bbox 1015 2062 1255 2106; x_wconf 88' lang='lat' dir='ltr'>substantia</span> <span class='ocrx_word' id='word_1_256' title='bbox 1273 2080 1281 2106; x_wconf 92' lang='lat'>:</span> <span class='ocrx_word' id='word_1_257' title='bbox 1305 2081 1322 2103; x_wconf 96' lang='lat'>»</span> <span class='ocrx_word' id='word_1_258' title='bbox 1340 2071 1383 2105; x_wconf 87' lang='lat' dir='ltr'>et</span> <span class='ocrx_word' id='word_1_259' title='bbox 1399 2077 1461 2106; x_wconf 90' lang='lat' dir='ltr'>re-</span> 
     </span>
     <span class='ocr_line' id='line_1_28' title="bbox 4 2130 1459 2193; baseline 0.001 -17"><span class='ocrx_word' id='word_1_260' title='bbox 4 2130 6 2138; x_wconf 79' lang='grc'>’</span> <span class='ocrx_word' id='word_1_261' title='bbox 67 2134 229 2192; x_wconf 85' lang='lat' dir='ltr'>cipiant</span> <span class='ocrx_word' id='word_1_262' title='bbox 241 2133 526 2176; x_wconf 84' lang='lat' dir='ltr'>substantiam</span> <span class='ocrx_word' id='word_1_263' title='bbox 547 2147 685 2176; x_wconf 87' lang='lat' dir='ltr'>suam.</span> <span class='ocrx_word' id='word_1_264' title='bbox 708 2131 998 2177; x_wconf 87' lang='lat' dir='ltr'>Perdiderunt</span> <span class='ocrx_word' id='word_1_265' title='bbox 1015 2132 1137 2176; x_wconf 89' lang='lat' dir='ltr'>illam</span> <span class='ocrx_word' id='word_1_266' title='bbox 1155 2133 1350 2178; x_wconf 87' lang='lat' dir='ltr'>viventes</span> <span class='ocrx_word' id='word_1_267' title='bbox 1364 2148 1459 2193; x_wconf 91' lang='lat' dir='ltr'>pro-</span> 
     </span>
     <span class='ocr_line' id='line_1_29' title="bbox 68 2201 1460 2262; baseline 0.001 -16"><span class='ocrx_word' id='word_1_268' title='bbox 68 2202 166 2261; x_wconf 81' lang='lat' dir='ltr'>dige</span> <span class='ocrx_word' id='word_1_269' title='bbox 189 2221 197 2246; x_wconf 90' lang='lat'>:</span> <span class='ocrx_word' id='word_1_270' title='bbox 223 2202 297 2246; x_wconf 89' lang='lat' dir='ltr'>sed</span> <span class='ocrx_word' id='word_1_271' title='bbox 319 2218 424 2246; x_wconf 91' lang='lat' dir='ltr'>num</span> <span class='ocrx_word' id='word_1_272' title='bbox 446 2218 611 2262; x_wconf 87' lang='lat' dir='ltr'>pauper</span> <span class='ocrx_word' id='word_1_273' title='bbox 633 2201 773 2247; x_wconf 86' lang='lat' dir='ltr'>factus</span> <span class='ocrx_word' id='word_1_274' title='bbox 795 2211 859 2246; x_wconf 85' lang='lat' dir='ltr'>est</span> <span class='ocrx_word' id='word_1_275' title='bbox 881 2204 1038 2247; x_wconf 79' lang='lat' dir='ltr'>Pater?</span> <span class='ocrx_word' id='word_1_276' title='bbox 1066 2202 1287 2258; x_wconf 85' lang='lat' dir='ltr'>Redeant,</span> <span class='ocrx_word' id='word_1_277' title='bbox 1323 2212 1367 2247; x_wconf 88' lang='lat' dir='ltr'>et</span> <span class='ocrx_word' id='word_1_278' title='bbox 1388 2203 1460 2247; x_wconf 86' lang='lat' dir='ltr'>in-</span> 
     </span>
     <span class='ocr_line' id='line_1_30' title="bbox 67 2272 1461 2333; baseline 0.001 -16"><span class='ocrx_word' id='word_1_279' title='bbox 67 2273 243 2317; x_wconf 86' lang='lat' dir='ltr'>venient</span> <span class='ocrx_word' id='word_1_280' title='bbox 258 2273 319 2316; x_wconf 90' lang='lat' dir='ltr'>ibi</span> <span class='ocrx_word' id='word_1_281' title='bbox 339 2273 523 2327; x_wconf 86' lang='lat' dir='ltr'>divitias,</span> <span class='ocrx_word' id='word_1_282' title='bbox 542 2289 648 2333; x_wconf 86' lang='lat' dir='ltr'>quas</span> <span class='ocrx_word' id='word_1_283' title='bbox 666 2274 712 2316; x_wconf 90' lang='lat' dir='ltr'>in</span> <span class='ocrx_word' id='word_1_284' title='bbox 729 2272 970 2333; x_wconf 83' lang='lat' dir='ltr'>longinqua</span> <span class='ocrx_word' id='word_1_285' title='bbox 993 2274 1342 2333; x_wconf 84' lang='lat' dir='ltr'>peregrinatione</span> <span class='ocrx_word' id='word_1_286' title='bbox 1358 2289 1461 2318; x_wconf 90' lang='lat' dir='ltr'>cum</span> 
     </span>
    </p>
   </div>
   <div class='ocr_carea' id='block_1_4' title="bbox 0 2343 1462 2405">
    <p class='ocr_par' dir='ltr' id='par_1_5' title="bbox 0 2343 1462 2405">
     <span class='ocr_line' id='line_1_31' title="bbox 0 2343 1462 2405; baseline 0.001 -18"><span class='ocrx_word' id='word_1_287' title='bbox 0 2385 3 2402; x_wconf 71' lang='grc'>,</span> <span class='ocrx_word' id='word_1_288' title='bbox 68 2343 370 2387; x_wconf 83' lang='lat' dir='ltr'>meretricibus</span> <span class='ocrx_word' id='word_1_289' title='bbox 402 2353 794 2403; x_wconf 71' lang='lat' dir='ltr'>consumpserunt,</span> <span class='ocrx_word' id='word_1_290' title='bbox 830 2343 1019 2388; x_wconf 84' lang='lat' dir='ltr'>evadant</span> <span class='ocrx_word' id='word_1_291' title='bbox 1053 2359 1213 2405; x_wconf 88' lang='lat' dir='ltr'>aquam</span> <span class='ocrx_word' id='word_1_292' title='bbox 1236 2345 1329 2389; x_wconf 86' lang='lat' dir='ltr'>sine</span> <span class='ocrx_word' id='word_1_293' title='bbox 1359 2345 1462 2389; x_wconf 86' lang='lat' dir='ltr'>sub-</span> 
     </span>
    </p>
   </div>
   <div class='ocr_carea' id='block_1_5' title="bbox 0 1041 20 2558">
    <p class='ocr_par' dir='ltr' id='par_1_6' title="bbox 0 1041 20 2558">
     <span class='ocr_line' id='line_1_32' title="bbox 0 1041 20 2558; baseline 0 0"><span class='ocrx_word' id='word_1_294' title='bbox 0 1041 20 2558; x_wconf 95' lang='lat' dir='ltr'> </span> 
     </span>
    </p>
   </div>
   <div class='ocr_carea' id='block_1_6' title="bbox 0 2405 1462 2530">
    <p class='ocr_par' dir='ltr' id='par_1_7' title="bbox 0 2405 1462 2530">
     <span class='ocr_line' id='line_1_33' title="bbox 0 2405 1462 2475; baseline 0.001 -19"><span class='ocrx_word' id='word_1_295' title='bbox 0 2405 3 2456; x_wconf 69' lang='grc' dir='ltr'>Ῐ</span> <span class='ocrx_word' id='word_1_296' title='bbox 69 2414 222 2457; x_wconf 82' lang='lat' dir='ltr'>stantia</span> <span class='ocrx_word' id='word_1_297' title='bbox 241 2449 254 2468; x_wconf 85' lang='lat'>,</span> <span class='ocrx_word' id='word_1_298' title='bbox 279 2423 322 2457; x_wconf 90' lang='lat' dir='ltr'>et</span> <span class='ocrx_word' id='word_1_299' title='bbox 342 2413 488 2458; x_wconf 89' lang='lat' dir='ltr'>dicant</span> <span class='ocrx_word' id='word_1_300' title='bbox 512 2434 520 2458; x_wconf 92' lang='lat'>:</span> <span class='ocrx_word' id='word_1_301' title='bbox 551 2434 570 2456; x_wconf 76' lang='grc' dir='ltr'>α</span> <span class='ocrx_word' id='word_1_302' title='bbox 591 2414 852 2460; x_wconf 86' lang='lat' dir='ltr'>Benedictus</span> <span class='ocrx_word' id='word_1_303' title='bbox 875 2415 1101 2470; x_wconf 88' lang='lat' dir='ltr'>Dominus,</span> <span class='ocrx_word' id='word_1_304' title='bbox 1128 2416 1205 2475; x_wconf 91' lang='lat' dir='ltr'>qui</span> <span class='ocrx_word' id='word_1_305' title='bbox 1227 2430 1317 2460; x_wconf 92' lang='lat' dir='ltr'>non</span> <span class='ocrx_word' id='word_1_306' title='bbox 1339 2414 1462 2459; x_wconf 89' lang='lat' dir='ltr'>dedit</span> 
     </span>
     <span class='ocr_line' id='line_1_34' title="bbox 72 2483 1460 2530; baseline 0.004 -7"><span class='ocrx_word' id='word_1_307' title='bbox 72 2499 92 2524; x_wconf 87' lang='lat'>»</span> <span class='ocrx_word' id='word_1_308' title='bbox 128 2499 206 2527; x_wconf 89' lang='lat' dir='ltr'>nos</span> <span class='ocrx_word' id='word_1_309' title='bbox 233 2483 279 2526; x_wconf 89' lang='lat' dir='ltr'>in</span> <span class='ocrx_word' id='word_1_310' title='bbox 299 2484 575 2528; x_wconf 87' lang='lat' dir='ltr'>venationem</span> <span class='ocrx_word' id='word_1_311' title='bbox 602 2484 808 2529; x_wconf 86' lang='lat' dir='ltr'>dentibus</span> <span class='ocrx_word' id='word_1_312' title='bbox 830 2487 1025 2529; x_wconf 84' lang='lat' dir='ltr'>eorum1.</span> <span class='ocrx_word' id='word_1_313' title='bbox 1053 2504 1073 2527; x_wconf 90' lang='lat'>»</span> <span class='ocrx_word' id='word_1_314' title='bbox 1097 2488 1316 2530; x_wconf 87' lang='lat' dir='ltr'>Venantes</span> <span class='ocrx_word' id='word_1_315' title='bbox 1345 2486 1460 2529; x_wconf 92' lang='lat' dir='ltr'>enim</span> 
     </span>
    </p>
   </div>
   <div class='ocr_carea' id='block_1_7' title="bbox 0 2554 1456 2615">
    <p class='ocr_par' dir='ltr' id='par_1_8' title="bbox 0 2554 1456 2615">
     <span class='ocr_line' id='line_1_35' title="bbox 0 2554 1456 2615; baseline 0.001 -19"><span class='ocrx_word' id='word_1_316' title='bbox 0 2561 1 2579; x_wconf 35' lang='grc' dir='ltr'>ἢ</span> <span class='ocrx_word' id='word_1_317' title='bbox 69 2560 192 2597; x_wconf 81' lang='lat' dir='ltr'>erant</span> <span class='ocrx_word' id='word_1_318' title='bbox 225 2562 562 2614; x_wconf 77' lang='lat' dir='ltr'>persequentes,</span> <span class='ocrx_word' id='word_1_319' title='bbox 600 2564 642 2598; x_wconf 87' lang='lat' dir='ltr'>et</span> <span class='ocrx_word' id='word_1_320' title='bbox 671 2564 912 2613; x_wconf 89' lang='lat' dir='ltr'>posuerunt</span> <span class='ocrx_word' id='word_1_321' title='bbox 946 2571 1086 2600; x_wconf 88' lang='lat' dir='ltr'>escam</span> <span class='ocrx_word' id='word_1_322' title='bbox 1121 2556 1166 2600; x_wconf 89' lang='lat' dir='ltr'>in</span> <span class='ocrx_word' id='word_1_323' title='bbox 1195 2554 1456 2615; x_wconf 54' lang='lat' dir='ltr'>muscipula,</span> 
     </span>
    </p>
   </div>
   <div class='ocr_carea' id='block_1_8' title="bbox 120 2638 404 2678">
    <p class='ocr_par' dir='ltr' id='par_1_9' title="bbox 120 2638 404 2678">
     <span class='ocr_line' id='line_1_36' title="bbox 120 2638 404 2678; baseline 0.007 -10"><span class='ocrx_word' id='word_1_324' title='bbox 120 2644 128 2660; x_wconf 76' lang='lat'><strong>⁸</strong></span> <span class='ocrx_word' id='word_1_325' title='bbox 151 2638 230 2669; x_wconf 74' lang='lat' dir='ltr'>Psal.</span> <span class='ocrx_word' id='word_1_326' title='bbox 245 2649 352 2678; x_wconf 74' lang='lat' dir='ltr'>cxxun,</span> <span class='ocrx_word' id='word_1_327' title='bbox 371 2640 404 2670; x_wconf 75' lang='lat'>(5.</span> 
     </span>
    </p>
   </div>
  </div>
 </body>
</html>
