1815 3253
0 2352 14 2379 ’ἃ

449 225 690 257 ENARRATIO
722 230 768 258 IN
800 230 1002 259 rsALMUM
1033 232 1174 259 chvr.
1400 219 1484 260 517

108 293 211 338 dare
221 293 389 354 justitia
413 302 486 337 tua
504 327 515 348 ‚
540 292 726 338 decimas
749 293 824 338 dat
842 303 917 353 3tu
940 305 1082 340 autem
1105 310 1186 340 ncc
1213 295 1486 341 millesimam

105 363 197 408 das.
223 362 455 416 Quomodo
483 364 705 422 superabis
742 379 864 420 cum,
889 365 959 409 cui
998 381 1088 410 non
1125 367 1342 426 aequaris?
1360 386 1380 409 «
1405 368 1487 420 Qui

107 452 129 476 »
163 434 357 494 cooperit
377 433 537 478 coelum
552 435 761 479 nubibus.
787 435 872 489 Qui
892 445 1014 495 parat
1032 445 1156 480 terrae
1172 436 1365 497 pluviam
1379 474 1389 492 ‚
1410 438 1487 497 qui

108 522 129 547 »
164 505 321 550 exoriri
343 504 446 549 iacit
464 504 510 548 in
531 505 755 551 montibus
786 504 983 562 foenum,
1007 515 1050 550 et
1076 507 1259 552 herbam
1292 505 1489 554 servituti

107 592 128 617 >›
163 575 407 620 hominum.
434 593 454 616 »

163 647 329 690 XVIII.
361 664 381 688 «
418 649 473 690 Et
495 646 571 690 dat
591 646 820 705 pecoribus
843 661 983 691 escam
1009 647 1248 706 ipsorum1.
1277 665 1299 690 »
1325 651 1487 693 Pecora

104 716 183 760 ista
203 715 329 771 dicit,
368 731 515 776 greges
537 718 630 762 Dei..
661 719 759 762 Non
795 717 969 762 fraudat
1002 721 1117 762 Deus
1148 734 1322 777 gregem
1360 734 1489 763 suum

104 802 199 831 esca
222 803 298 832 sua
315 803 392 847 per
413 788 612 833 homines
626 823 636 843 ,
658 804 845 849 quorum
873 790 1068 834 servituti
1080 790 1261 834 herbam
1277 789 1382 835 facit
1394 806 1493 835 exo-

104 859 192 902 riri.
227 857 353 902 Unde
375 858 479 903 dicit
514 859 769 918 Apostolus,
799 878 818 902 «
841 861 947 913 Quis
976 861 1114 920 pascit
1144 876 1318 920 gregem
1335 897 1346 917 ‚
1372 861 1490 906 etde

107 946 128 969 »
164 927 275 972 lacte
298 929 435 986 gregis
456 944 544 972 non
566 929 802 988 percipit²P
829 949 849 972 «
875 930 960 983 Qui
991 930 1066 974 dat
1087 931 1318 990 pecoribus
1350 946 1492 976 escam

108 1016 129 1039 »
163 1000 355 1058 ipsorum
372 1034 383 1053 ‚
405 1007 447 1042 et
468 997 597 1058 pullis
630 1015 860 1044 corvorum
880 1001 955 1060 qui
977 1000 1182 1045 invocant
1205 1017 1320 1045 eum.
1349 1019 1370 1043 »
1397 1004 1491 1046 Hoc

105 1069 218 1115 forte
239 1070 492 1130 putabimus
507 1106 518 1126 ,
539 1071 640 1130 quia
676 1072 792 1116 corvi
816 1075 953 1115 Deum
975 1073 1181 1117 invocant
1205 1107 1216 1127 ,
1236 1082 1287 1116 ut
1309 1072 1385 1116 det
1407 1072 1493 1116 illis

109 1143 280 1186 escam?
301 1144 364 1185 Ne
397 1142 481 1185 hoc
512 1142 706 1198 cogitetis
751 1142 1044 1185 irrationalem
1078 1143 1269 1186 animam
1292 1143 1493 1186 invocare

108 1215 274 1268 Deum3
299 1227 389 1255 non
406 1211 528 1255 novit
551 1213 693 1256 anima
712 1212 915 1256 invocare
933 1215 1071 1256 Deum
1090 1247 1101 1267 7
1126 1212 1207 1256 nisi
1239 1211 1329 1256 sola
1362 1213 1495 1257 ratio-

109 1283 234 1327 nalis.
263 1286 314 1326 In
336 1283 475 1341 figura
496 1282 674 1341 accipite
705 1281 892 1338 dietum,
918 1298 974 1326 ne
1002 1283 1190 1342 putetis,
1229 1283 1341 1326 sicut
1374 1283 1497 1342 impii

110 1352 283 1398 cuidam
307 1352 489 1405 dicunt,
515 1351 678 1396 revolvi
700 1353 863 1396 animas
884 1353 1096 1396 humanas
1131 1352 1186 1397 ad
1215 1368 1372 1412 pecora
1388 1388 1400 1408 7
1441 1352 1497 1396 ad

110 1439 236 1468 canes
252 1459 263 1478 ‚
283 1422 337 1466 ad
359 1438 535 1483 porcos,
576 1421 630 1466 ad
653 1438 819 1467 corvos.
844 1425 938 1467 Hoc
961 1438 984 1466 a
1011 1421 1216 1467 cordibus
1247 1423 1397 1467 vestris
1419 1438 1497 1467 ex-

110 1493 274 1539 cludite
291 1529 302 1548 ‚
324 1503 366 1538 et
385 1510 408 1537 a
430 1493 516 1537 fide
532 1502 687 1537 vestra.
709 1494 866 1537 Anima
890 1494 1081 1537 humana
1098 1492 1210 1537 facta
1232 1502 1296 1537 est
1315 1493 1369 1537 ad
1386 1494 1498 1537 ima-

112 1564 257 1623 ginem
274 1565 376 1608 Dei3
389 1599 399 1618 ‚
418 1579 506 1608 non
522 1563 646 1607 dabit
661 1564 896 1621 imaginem
913 1578 1035 1606 suam
1047 1563 1143 1607 cani
1163 1571 1206 1606 et
1220 1578 1368 1622 porco.
1385 1562 1501 1615 Quid

112 1643 175 1678 cst
196 1649 324 1693 ergo,
353 1653 373 1676 «
397 1636 454 1677 Et
476 1632 606 1692 pullis
629 1648 859 1677 corvorum
882 1633 958 1693 qui
990 1633 1196 1676 invocant
1224 1634 1352 1676 eum?
1370 1651 1390 1673 »
1419 1633 1503 1685 Qui

112 1715 215 1749 sunt
236 1704 345 1765 pulli
383 1705 648 1749 corvorum?
682 1703 886 1747 Isra'e‘litae
908 1719 952 1747 se
974 1702 1087 1747 solos
1100 1704 1240 1761 justos
1261 1717 1351 1746 esse
1380 1701 1502 1746 dice—

113 1776 237 1831 bant,
255 1776 357 1836 quia
370 1774 513 1834 legem
528 1783 784 1834 acceperant
804 1789 812 1815 ε
834 1783 1013 1819 caeteros
1030 1788 1179 1817 omnes
1191 1773 1388 1817 omnium
1404 1788 1507 1831 gen—

114 1847 226 1892 tium
242 1847 439 1891 homines
453 1855 700 1906 peccatores
713 1845 932 1890 dicebant.
945 1847 1003 1888 Et
1016 1859 1117 1889 vere
1133 1859 1282 1888 omnes
1300 1853 1448 1902 gentes
1462 1844 1508 1887 in

113 1927 294 1978 peccato
309 1953 320 1971 ,
334 1917 381 1961 in
393 1916 638 1961 idololatria
653 1951 664 1971 ‚
681 1916 727 1960 in
739 1915 991 1960 adoratione
1002 1913 1200 1974 lapidum
1213 1923 1344 1973 atque
1360 1913 1507 1973 ligno-

116 2003 214 2032 rum
237 1997 360 2032 erant
383 2007 393 2032 ε
413 1986 489 2031 scd
510 1986 730 2046 numquid
751 1986 811 2030 sic
841 1986 1172 2029 remanserunt?
1193 1984 1286 2028 Etsi
1315 2000 1406 2029 non
1426 1984 1510 2044 ipsi

117 2058 236 2104 corvi
260 2067 402 2118 patres
425 2057 560 2101 nostri
581 2092 592 2111 ,
619 2066 764 2100 tamen
786 2055 895 2115 pulli
922 2069 1156 2099 corvorum
1178 2070 1257 2098 nos
1279 2055 1360 2114 ipsi
1379 2055 1509 2098 invo-

118 2144 266 2174 camus
288 2131 443 2172 Deum.
470 2146 490 2169 «
516 2130 598 2171 Dat
625 2127 851 2183 pecoribus
880 2140 1023 2170 escam
1050 2126 1246 2185 ipsorum
1264 2159 1275 2179 ‚
1311 2133 1354 2168 et
1379 2123 1512 2183 pullis

123 2218 143 2241 »
178 2213 407 2244 corvorum
433 2198 510 2258 qui
544 2198 750 2241 invocant
775 2212 891 2241 eum.
920 2215 941 2238 >›
968 2196 1056 2256 Ipsi
1089 2204 1191 2240 sunt
1211 2194 1323 2254 pulli
1354 2210 1510 2239 corvo-

120 2287 219 2315 rum
235 2306 245 2325 ,
271 2270 433 2330 quibus
448 2268 554 2313 dicit
571 2272 741 2323 Petrus,
766 2287 786 2310 «
808 2267 921 2321 Quia
938 2283 1029 2312 non
1043 2264 1319 2326 corruptibili
1336 2275 1516 2322 argento

125 2361 145 2385 n
181 2341 252 2387 vel
276 2357 382 2386 auro
403 2339 617 2398 redempti
641 2339 740 2383 estis
762 2338 816 2383 de
837 2353 1107 2398 supervacua
1121 2345 1263 2380 vestra
1286 2345 1523 2380 consuetu-

126 2432 147 2455 »
183 2413 286 2457 dine
309 2428 332 2456 a
353 2410 611 2471 parentibus
631 2409 784 2454 vestris
811 2409 971 2454 tradita
985 2409 1016 2452 4.
1044 2426 1065 2449 η
1091 2407 1371 2451 Proficientes
1406 2405 1525 2449 enim

129 2483 236 2542 pulli
257 2497 485 2527 corvorum
503 2481 579 2541 qui
602 2480 833 2524 simulacra
856 2479 1000 2524 colere
1015 2477 1279 2523 videbantur
1291 2484 1523 2535 parentum

176 2574 184 2589 ¹
206 2567 288 2600 psal.
308 2577 454 2608 ‹2x1.vr‚9
488 2583 529 2588 -
551 2572 562 2587 ²
583 2577 593 2595 1
616 2567 688 2597 Cor.
704 2575 749 2605 lx,
769 2575 799 2606 7.
817 2580 858 2586 -—
872 2562 885 2587 ³
904 2565 982 2596 Gen.
1003 2574 1029 2603 1,
1048 2562 1104 2594 26.
1124 2578 1165 2584 —-
1182 2559 1199 2586 6
1220 2572 1232 2592 1
1255 2563 1340 2593 Petr.
1362 2571 1386 2600 ι,
1401 2561 1452 2592 18.
