1815 3253
428 164 670 195 mmmm-no
702 168 746 195 m
781 165 985 196 rsALMUM
1015 167 1153 194 chv1.
1396 156 1474 194 511

93 229 332 285 irriserunt,
349 246 450 291 quae
468 240 697 291 propterea
714 232 871 277 clausae
893 241 1031 286 erant,
1053 241 1104 275 ut
1122 231 1343 291 pulsantes
1365 246 1483 276 exer-

93 309 315 355 cerentur,
335 317 426 346 non
447 311 497 346 ut
518 302 707 361 parvulis
731 312 1016 362 negarentur,
1050 301 1265 346 humiliati
1285 311 1389 346 sunt
1408 317 1482 346 us-

92 385 179 429 que
192 369 246 414 ad
256 379 430 427 terram,
442 380 492 416 ut
506 373 697 431 cogitare
710 372 896 432 amplius
909 388 998 416 non
1008 380 1200 431 possent,
1213 386 1346 431 quam
1359 371 1482 431 quod

92 456 170 499 per
191 450 349 486 terram
363 442 617 503 percipitur.-
630 447 712 488 Per
723 453 884 488 terram
901 442 1009 503 quid
1029 442 1158 488 dico?
1178 445 1261 487 Per
1284 457 1476 488 carnem.

92 512 204 555 Caro
221 513 336 556 enim
351 513 429 558 ista
442 522 557 558 terra
573 524 652 569 est,
671 523 714 558 et
728 513 783 558 de
795 523 909 558 terra
935 511 1049 558 faeta
1058 522 1138 559 est.
1151 512 1381 572 Quidquid
1402 528 1480 572 per

93 580 242 627 oculos
260 584 391 642 capis,
406 583 462 628 ad
475 593 632 630 terram
646 585 835 644 pertinet
851 605 861 642 3
876 583 1092 645 quidquid
1108 599 1185 644 per
1196 598 1336 638 aures,
1355 582 1482 644 quid-

93 651 200 712 quid
213 668 288 711 per
300 652 527 710 olfactum,
543 653 761 716 quidquid
775 670 851 715 per
864 663 1058 713 gustum,
1074 652 1290 714 quidquid
1304 668 1380 712 per
1395 662 1481 697 tac-

93 731 204 777 tum,
225 722 280 768 ad
293 733 451 776 terram
479 727 667 785 pertinet
696 746 705 771 ε
733 726 834 786 quia
858 741 934 785 per
960 735 1120 770 terram
1139 724 1392 785 percipitur.
1411 723 1482 768 Illi

93 808 194 851 ergo
208 809 297 838 non
311 795 515 841 valebant
535 796 778 855 intelligere
794 796 1146 856 intelligentiam,
1166 796 1236 856 cuj
1244 811 1292 840 us
1306 810 1397 841 non
1417 803 1482 840 est

94 879 323 923 numerus;
347 867 474 926 quia,
504 887 525 910 «
557 866 863 926 Intelligentiae
885 869 976 928 ejus
995 883 1085 912 non
1112 876 1176 911 est
1203 882 1426 912 numerus.
1456 883 1477 908 »

95 936 479 994 Reprehendentes
504 939 745 998 Scripturas
763 939 954 997 mysticis
976 939 1241 999 quibusdam
1259 938 1388 982 rebus
1410 952 1482 982 sa-

93 1004 275 1050 lubriter
299 1016 491 1066 tegentes
513 1008 847 1068 intelligentiam
863 1045 873 1064 ‚
890 1018 940 1053 ut
967 1008 1137 1074 parvpli
1167 1016 1452 1052 exerceantur
1467 1041 1480 1062 ‚

94 1086 137 1121 et
159 1078 254 1137 ipsa
270 1079 604 1137 reprehensione
619 1079 809 1142 immites
826 1078 929 1124 facti
950 1114 960 1134 ‚
985 1079 1107 1139 quod
1128 1078 1396 1124 contrarium
1417 1085 1486 1122 est

94 1148 328 1193 mansuetis
345 1183 356 1204 ‚
381 1149 599 1193 humiliati
620 1158 722 1193 sunt
747 1165 886 1209 usque
919 1150 975 1194 ad
996 1159 1155 1194 terram
1176 1183 1187 1203 ‚
1219 1158 1269 1192 ut
1305 1149 1351 1192 in
1385 1163 1486 1193 cor—
1519 1146 1523 1150 ⁸

94 1220 288 1279 poi-alem
312 1222 452 1264 Deum
474 1220 633 1265 sentire
661 1235 751 1264 non
779 1229 955 1279 possent
970 1255 981 1274 ‚
1022 1228 1066 1264 et
1085 1219 1303 1280 quidquid
1320 1218 1375 1263 de
1394 1222 1486 1264 Deo

94 1290 337 1348 cogitarent
353 1325 364 1345 ‚
383 1291 556 1334 nonnisi
577 1290 859 1350 corporaliter
879 1290 1136 1349 cogitarent.

152 1362 274 1405 XIV.
303 1379 324 1403 «
350 1360 593 1406 Humilians
622 1376 726 1420 ergo
751 1370 815 1405 est
838 1364 951 1406 Deus
973 1369 1222 1421 peccatores
1257 1374 1397 1420 usque
1431 1358 1488 1403 ad

97 1449 117 1471 »
152 1439 328 1474 terram.
357 1449 378 1472 »
403 1431 520 1484 Quid
542 1447 645 1490 ergo
667 1431 879 1476 debemus
912 1430 1055 1476 facere
1077 1446 1178 1486 nos,
1213 1430 1248 1475 si
1279 1429 1488 1474 nolumus

94 1501 316 1546 humiliari
337 1518 477 1562 usque
507 1502 564 1547 ad
599 1505 785 1547 terram?
808 1502 919 1556 Quia
954 1517 1164 1560 magnum
1186 1510 1251 1546 est
1277 1501 1490 1561 proficere

96 1587 234 1633 usque
257 1571 311 1617 ad
345 1572 662 1632 intelligibilia,
688 1588 897 1631 magnum
927 1581 990 1616 est
1018 1573 1232 1632 proficere
1264 1586 1404 1631 usque
1435 1569 1492 1614 ad

96 1642 302 1703 spiritalia
314 1678 325 1698 ,
348 1658 555 1702 magnum
572 1653 636 1688 est
648 1659 700 1688 eo
712 1643 939 1702 pervenire
959 1658 1049 1695 cor,
1064 1651 1115 1686 ut
1128 1642 1300 1687 noverit
1315 1656 1404 1685 esse
1417 1639 1494 1684 ali-

97 1713 205 1774 quid
217 1713 338 1775 quod
351 1730 440 1759 non
461 1730 538 1774 per
551 1714 647 1759 loca
665 1713 940 1769 extendatur,
958 1729 1039 1758 nec
1054 1729 1131 1773 per
1147 1723 1343 1772 tempora
1358 1710 1494 1756 varie-

97 1793 185 1828 tur.
206 1784 351 1838 Qualis
373 1794 437 1829 est
458 1785 575 1829 enim
596 1785 757 1844 species
777 1784 1002 1843 sapientire
1017 1786 1034 1826 ἶ)
1049 1784 1145 1844 quis
1158 1783 1278 1827 illam
1300 1781 1492 1840 cogitat?

99 1859 246 1913 Longa
282 1857 371 1900 est?
393 1855 558 1916 quadra
581 1857 676 1900 est?
698 1854 888 1899 rotunda
912 1855 1002 1900 est?
1034 1853 1168 1898 modo
1190 1854 1262 1898 hic
1296 1862 1339 1897 et
1361 1850 1495 1896 modo

97 1928 160 1971 ibi
181 1929 269 1971 est?
290 1928 464 1986 Cogitat
485 1927 740 1987 sapientiam
762 1927 911 1971 noscio
928 1926 1024 1987 quis
1039 1926 1082 1970 in
1102 1925 1281 1970 Oriente
1296 1960 1307 1980 ,
1334 1923 1497 1982 cogitat

81 1996 218 2046 illam
240 1997 349 2042 alius
367 1997 413 2042 in
429 1997 691 2055 Occidente3
722 1998 756 2042 si
778 1998 889 2041 bene
910 1996 1030 2041 illam
1053 1997 1249 2055 cogitant
1264 2031 1274 2051 ‚
1305 1996 1352 2038 in
1374 2003 1495 2038 tanta

98 2069 297 2114 locorum
311 2069 558 2113 diversitate
576 2069 721 2128 positi,
743 2068 958 2112 ambobus
979 2076 1071 2112 tota
1088 2076 1247 2127 praesto
1265 2075 1344 2110 est.
1377 2065 1497 2118 Quid

100 2149 165 2185 est
178 2141 262 2185 hoc
274 2142 292 2184 i>
306 2141 403 2200 quis
420 2140 532 2184 illud
546 2141 685 2200 capit?
702 2143 834 2184 Istam
858 2139 1151 2184 substantiam
1163 2174 1174 2194 ‚
1191 2138 1318 2182 istam
1336 2151 1496 2197 quam—

102 2209 203 2256 dam
237 2210 430 2255 divinam
462 2209 958 2269 incommutabilemque
983 2219 1185 2254 naturam
1214 2208 1311 2269 quis
1344 2206 1497 2267 capit?

101 2281 202 2328 Noli
223 2282 426 2326 festinare
446 2317 458 2336 ‚
482 2281 643 2341 poteris
659 2296 828 2340 capere.
854 2281 970 2326 Audi
991 2281 1113 2340 quod
1135 2280 1333 2339 sequitur
1353 2298 1362 2324 z
1386 2297 1406 2320 «
1426 2280 1499 2322 In-

107 2371 127 2394 »
161 2353 292 2413 cipite
322 2353 508 2397 Domino
543 2352 591 2395 in
627 2352 942 2396 confessione1.
968 2370 987 2392 »
1024 2351 1135 2395 Hinc
1172 2350 1343 2409 incipe,
1377 2348 1412 2393 si
1437 2347 1501 2392 vis

104 2423 331 2483 pervenire
353 2421 409 2467 ad
436 2421 768 2480 intelligentiam
801 2421 1074 2481 perspicuam
1098 2419 1306 2465 veritatis.
1332 2418 1374 2464 Si
1397 2417 1459 2463 vis
1476 2433 1501 2462 a

155 2514 163 2530 ¹
183 2507 266 2540 Psal.
285 2517 389 2548 cnm,
406 2518 438 2549 7.
