1815 3253
379 281 620 310 ENARRATIO
653 284 698 311 m
731 283 931 312 PsALMUM
964 285 1059 310 CXL.
1329 273 1413 311 377

30 348 199 403 dicere,
226 348 365 392 donec
382 357 690 406 comparentur
711 359 859 409 petrae.
889 353 1120 408 Propterea
1149 348 1183 391 si
1212 348 1415 392 inventus

28 418 159 462 suerit
177 417 331 477 aliquis
349 432 496 461 eorum
521 418 604 462 hoc
628 418 780 463 dixisse
799 454 810 475 ,
837 418 958 479 quod
976 418 1082 462 dixit
1110 426 1152 461 et
1182 418 1380 462 Christus
1402 439 1412 474 3

28 488 298 547 gratulamur
320 487 410 542 illi,
445 503 536 531 non
568 490 790 549 sequimur
809 489 949 533 illum.
991 487 1074 532 Sed
1096 488 1215 547 prior
1237 486 1320 531 fuit
1342 487 1415 531 ille

26 573 159 618 quam
178 558 389 603 Christus.
417 558 460 602 Si
481 559 577 617 quis
594 574 694 603 vera
712 559 909 620 loquitur
925 594 936 614 ,
957 559 1076 618 prior
1093 567 1155 602 est
1173 573 1307 618 quam
1324 558 1415 618 ipsa

25 629 210 673 veritas?
227 629 264 672 Ο
285 630 415 673 homo
438 630 614 673 attende
633 630 856 675 Christum
870 665 881 685 ,
901 645 989 674 non
1004 627 1181 690 quando
1205 628 1259 673 ad
1279 637 1319 672 te
1340 644 1418 673 ve-

24 699 158 755 nerit,
181 699 257 744 sed
279 698 457 759 quando
479 709 521 744 te
541 699 706 746 fecerit.
730 705 875 746 Potest
893 710 935 745 et
950 709 1139 759 aegrotus
1152 698 1311 754 dicere,
1332 699 1416 744 Sed

23 770 141 830 prius
164 786 244 830 ego
267 771 401 815 cecidi
424 773 470 816 in
490 771 653 816 lectum
674 807 684 827 ,
710 788 843 832 quam
879 771 1074 816 medicus
1103 770 1157 815 ad
1180 786 1250 815 mc
1272 770 1416 814 venis-

24 850 102 885 set.
121 842 282 901 Utique
297 841 395 886 ideo
412 841 486 886 ille
503 843 715 901 posterior
727 843 863 898 venit,
883 843 986 903 quia
1001 851 1050 885 tu
1064 842 1183 901 prius
1204 840 1414 885 cecidisti.

81 914 181 955 XX.
198 911 353 955 Videte
368 912 516 972 itaque
529 922 693 957 textum
710 912 885 968 Psalmi,
906 912 1090 957 «Adhuc
1110 921 1152 956 et
1170 911 1306 956 oratio
1321 926 1417 955 mea

25 999 47 1024 »
81 982 126 1025 in
141 981 421 1041 beneplacitis
443 998 611 1027 eorum.
640 1001 660 1025 »
690 983 775 1028 Sed
798 992 928 1027 erunt
951 982 1080 1027 multi
1100 983 1176 1043 qui
1194 981 1418 1027 contradi-

23 1054 138 1097 cant.
166 1071 187 1094 «
207 1053 412 1112 Absorpti
435 1061 536 1097 sunt
552 1055 675 1113 juxta
692 1063 859 1113 petram
875 1042 1043 1113 judices
1060 1068 1227 1097 eorum.
1259 1070 1280 1093 »
1301 1052 1418 1105 Quid

22 1126 125 1182 ergo
143 1122 252 1167 erit?
267 1141 286 1164 «
301 1122 494 1167 Audient
515 1124 648 1168 verba
671 1138 789 1178 mea,
810 1123 1018 1183 quoniam
1032 1122 1374 1182 praevaluerunt.
1393 1139 1414 1162 »

22 1192 351 1239 Praevaluerunt
372 1194 506 1239 verba
527 1209 623 1238 mea
644 1193 788 1239 verbis
816 1208 984 1238 eorum.
1009 1193 1133 1238 Dicta
1156 1201 1258 1236 sunt
1287 1192 1341 1235 ab
1359 1192 1418 1236 eis

22 1264 224 1324 quaedam
245 1263 425 1319 diserte,
446 1262 563 1308 seda
581 1279 651 1308 me
672 1279 789 1308 vera.
815 1262 948 1308 Aliud
973 1271 1038 1307 est
1057 1262 1238 1307 laudare
1258 1261 1418 1322 loqua-

22 1349 139 1390 cem,
164 1333 282 1379 aliud
304 1333 483 1379 laudare
498 1350 713 1380 veracem.
744 1353 764 1376 «
789 1333 1129 1379 Audientverba
1150 1348 1274 1389 mea,
1303 1348 1418 1393 quo-

24 1422 46 1448 »
79 1405 196 1449 niam
209 1406 550 1466 praevaluerunt.
575 1424 596 1447 »
621 1404 746 1450 Unde
763 1405 1116 1466 praevaluerunt?
1137 1405 1240 1459 Quis
1265 1420 1417 1449 eorum

21 1476 358 1535 comprehensus
379 1486 442 1521 est
459 1476 506 1520 in
519 1476 749 1531 sacrificio,
771 1491 872 1520 cum
887 1475 954 1519 his
976 1475 1147 1534 legibus
1165 1476 1245 1520 ista
1265 1475 1418 1535 prohi-

22 1546 254 1602 berentur,
281 1555 324 1590 et
339 1561 431 1590 non
457 1546 661 1605 negavit?
689 1546 791 1599 Quis
815 1561 967 1591 eorum
991 1546 1329 1606 comprehensus
1357 1554 1421 1590 est

25 1616 203 1662 adorare
230 1617 424 1672 idolum,
450 1627 494 1661 et
516 1632 605 1661 non
623 1616 847 1673 clamavit,
868 1619 967 1662 Non
991 1615 1096 1671 feci,
1117 1625 1161 1661 et
1189 1617 1336 1660 timuit
1365 1631 1421 1660 ne

22 1688 376 1732 convinceretur?
392 1687 515 1731 Tales
529 1687 751 1731 ministros
768 1687 968 1732 diabolus
979 1687 1188 1731 habebat.
1206 1686 1331 1731 Unde
1349 1702 1421 1730 au-

24 1766 107 1802 tem
128 1758 454 1817 praevaluerunt
469 1758 603 1802 verba
622 1757 824 1802 Domini?
852 1776 872 1799 «
897 1760 1010 1802 Ecce
1027 1772 1108 1816 ego
1129 1757 1257 1801 mitto
1268 1772 1345 1801 vos
1360 1757 1420 1800 si-

25 1845 45 1889 ''.
78 1835 154 1872 cut
174 1843 308 1886 agnos
327 1827 374 1871 in
395 1826 541 1872 medio
563 1826 786 1887 luporum.
819 1827 963 1872 Nolite
980 1827 1134 1871 timere
1154 1842 1226 1871 eos
1248 1826 1325 1886 qui
1343 1841 1419 1870 oc-

25 1915 45 1940 »
79 1897 233 1942 cidunt
260 1913 418 1958 corpus
434 1932 446 1953 ,
477 1897 667 1941 animam
691 1906 837 1942 autem
864 1913 955 1941 non
982 1906 1165 1956 possunt
1190 1896 1419 1954 occidere,

26 1986 45 2010 η
78 1967 153 2012 sed
170 1984 272 2012 eum
286 1968 460 2024 timete,
479 1967 556 2028 qui
573 1977 616 2012 et
639 1983 796 2027 corpus
814 1977 858 2011 et
876 1968 1065 2011 animam
1087 1976 1229 2026 potest
1250 1966 1422 2011 mittere

27 2056 44 2080 υ
80 2039 127 2082 in
164 2036 397 2098 gehennan
419 2039 606 2097 ignis1.»
632 2037 762 2082 Dedit
796 2039 1019 2093 timorem,
1045 2036 1232 2097 subjecit
1269 2052 1419 2097 spem,

28 2108 313 2153 inflammavit
344 2109 617 2153 charitatem.
657 2107 824 2163 Nolite,
850 2108 1017 2168 inquit,
1043 2108 1195 2151 timere
1216 2116 1418 2152 mortem.

29 2177 210 2224 Mortem
236 2179 425 2223 timetis?
455 2180 577 2224 Prior
597 2179 774 2224 morior.
799 2181 863 2224 Ne
884 2178 954 2224 vel
977 2178 1159 2239 capillus
1178 2187 1318 2223 vester
1342 2194 1422 2238 pe-

30 2257 136 2304 reat,
167 2248 438 2294 formidatis?
466 2249 590 2294 Prior
611 2249 780 2307 integer
807 2249 854 2292 in
893 2264 1022 2293 carne
1045 2264 1237 2307 resurgo.
1264 2249 1423 2293 Merito

31 2318 198 2363 iudistis
219 2318 354 2364 verba
380 2319 492 2378 ejus,
518 2320 726 2379 quoniam
757 2319 1100 2379 praevaluerunt.
1129 2319 1342 2363 Dicebant
1379 2327 1424 2362 et

33 2389 357 2445 Jccidebantur,
384 2388 600 2434 cadebant
618 2398 661 2433 et
683 2389 872 2433 stabant.
891 2392 948 2433 Et
971 2389 1079 2449 quid
1101 2398 1164 2433 est
1186 2387 1351 2433 factum
1367 2389 1423 2433 de

34 2469 87 2513 :ot
107 2461 323 2505 mortibus
345 2463 616 2518 Martyrum,
653 2460 735 2504 nisi
758 2469 809 2504 ut
830 2461 920 2520 ipsa
944 2460 1077 2505 verba
1102 2459 1419 2520 praevalerent,

26 2539 67 2594 :t
81 2539 291 2592 tanquam
313 2532 488 2590 irrigata
510 2541 625 2577 terra
642 2531 851 2590 sanguine
870 2532 1047 2577 testium
1061 2531 1246 2586 Christi,
1270 2530 1420 2590 pullu-

71 2620 82 2638 ἵ
101 2616 214 2649 Matth.
233 2627 269 2658 x,
290 2616 332 2648 16
350 2622 382 2648 et
404 2616 458 2650 28.
