1815 3253
405 179 648 209 ENARRAzuo
681 183 725 208 m
759 179 964 209 rsALMUM
994 181 1104 207 exn.
1346 169 1432 207 399

44 259 142 290 mus
159 245 356 290 inimicos
371 281 383 301 ‚
403 262 427 292 a
449 246 609 307 quibus
633 245 843 291 debemus
866 246 1089 307 deprecari
1126 246 1362 296 Dominum
1386 253 1438 289 ut

45 329 264 359 eruamur.

101 387 199 429 XV.
225 384 340 430 Audi
375 385 591 431 mundum
625 387 906 432 otmundum
945 395 1092 447 aperte
1113 421 1124 441 ,
1145 401 1234 430 uno
1262 384 1361 430 loco
1390 385 1436 429 in

45 455 265 515 Scriptura
309 466 484 512 sancta,
530 458 576 502 in
606 457 874 517 Evangelio;
912 458 1131 502 mundum
1159 471 1292 516 quem
1334 454 1436 500 fecit

44 529 182 582 Deus,
207 527 424 596 mundum
453 544 587 588 quem
610 530 720 590 regit
743 528 967 584 diabolus,
1003 527 1047 572 id
1081 537 1171 582 est,
1208 526 1438 571 dilectores

43 597 213 641 mundi.
242 598 451 643 Homines
474 599 591 643 enim
613 600 727 660 ipsos
747 598 853 644 fecit
872 602 1009 654 Deus,
1037 597 1266 642 dilectores
1285 595 1439 640 mundi

43 683 132 713 non
156 683 228 712 eos
251 666 369 713 fecit.
395 670 615 714 Mundum
639 671 755 714 enim
772 669 953 728 diligere
976 678 1205 729 peccatum
1223 676 1287 711 est
1303 703 1313 722 ⁷
1340 682 1440 726 pec-

43 747 188 782 catum
210 747 357 783 autem
387 755 476 784 non
500 738 602 785 fecit
624 743 753 785 Deus.
781 740 899 784 Audi
922 755 1025 799 ergo
1040 775 1051 795 ,
1097 748 1147 783 ut
1181 737 1324 782 dicere
1346 753 1439 782 coe-

43 823 214 869 peram,
255 809 471 854 mundum
495 820 539 855 et
566 809 800 855 mundum.
831 829 850 852 «
884 814 935 855 In
966 811 1049 855 hoc
1088 808 1257 854 mundo
1289 810 1404 852 erat¹
1427 843 1438 863 ‚

43 876 210 923 dictum
233 889 311 924 est.
354 883 414 924 De
433 897 521 941 quo
544 880 713 926 dictum
731 892 817 936 est,
856 885 908 925 In
936 883 1020 926 hoc
1050 881 1219 926 mundo
1241 889 1332 924 erat
1359 879 1442 923 nisi

43 947 97 994 de
121 950 339 1009 Sapientia
364 952 457 1006 Dei,
475 952 597 1012 quod
615 962 679 997 est
701 953 898 998 Christus
922 955 1071 1008 Jesus3
1092 951 1147 996 de
1171 967 1257 1012 qua
1275 950 1442 995 dictum

44 1029 134 1076 est,
159 1020 280 1081 quod
303 1021 433 1081 paulo
465 1033 565 1066 ante
599 1024 959 1078 commemoravi,
996 1043 1016 1066 «
1048 1023 1276 1067 Pertendit
1310 1039 1332 1065 a
1356 1021 1444 1064 fine

48 1109 68 1133 n
103 1108 242 1152 usque
267 1091 319 1137 ad
338 1093 470 1137 finem
494 1093 688 1147 fortiter‚
714 1103 758 1137 et
796 1093 987 1153 disponit
1022 1093 1168 1138 omnia
1203 1093 1444 1137 suaviter²i³

52 1181 72 1204 »
106 1162 297 1221 Attingit
319 1163 435 1207 enim
456 1164 619 1224 ubique
634 1173 812 1224 propter
825 1180 947 1208 suam
964 1163 1225 1208 munditiam
1241 1199 1252 1219 ‚
1273 1172 1316 1207 et
1338 1161 1445 1206 nihil

53 1251 74 1274 »
108 1233 386 1294 inquinatum
409 1235 454 1279 in
475 1233 592 1278 illam
617 1235 843 1280 incurritss.
863 1253 883 1276 »
904 1238 1022 1294 Ergo
1036 1270 1046 1289 ‚
1069 1254 1088 1276 «
1111 1237 1162 1278 In
1178 1235 1260 1278 hoc
1279 1232 1446 1277 mundo

55 1321 76 1344 »
101 1312 209 1358 erat,
221 1313 265 1347 et
278 1303 470 1348 mundus
484 1321 560 1364 per
573 1305 715 1364 ipsum
731 1303 870 1349 factus
884 1314 963 1359 est,
976 1313 1018 1348 et
1031 1304 1222 1348 mundus
1236 1319 1336 1348 eum
1357 1319 1447 1347 non

56 1393 76 1416 »
111 1376 330 1434 cognovit.
357 1394 376 1416 »
398 1375 569 1420 Audisti
592 1376 702 1421 duos
731 1375 920 1421 mundos
947 1396 956 1421 :
987 1396 1006 1419 «
1031 1375 1223 1421 Mundus
1247 1391 1322 1435 per
1346 1390 1447 1419 eum

57 1463 77 1487 »
113 1444 252 1490 factus
274 1456 363 1501 est,
385 1456 427 1491 et
449 1446 640 1492 mundus
663 1464 763 1492 eum
782 1464 870 1492 non
892 1447 1109 1505 cognovit.
1147 1465 1166 1487 »
1195 1449 1293 1491 Non
1315 1462 1449 1490 mun-

55 1515 135 1560 dus
156 1517 231 1576 qui
254 1515 396 1561 factus
418 1527 482 1562 est
515 1534 592 1577 per
615 1521 762 1562 Jesum
777 1553 788 1572 ,
809 1519 864 1562 ab
900 1517 984 1561 illis
1014 1517 1283 1577 principibus
1306 1527 1349 1561 et
1371 1533 1451 1577 po-

56 1587 282 1631 testatibus
330 1588 612 1632 tenebrarum
648 1588 812 1647 regitur
840 1590 883 1645 43
917 1587 993 1632 scd
1015 1587 1207 1632 mundus
1251 1588 1326 1648 qui
1361 1604 1450 1632 non

57 1657 262 1716 cognovit
283 1661 449 1713 Jesum,
470 1658 515 1702 id
529 1668 608 1713 est,
630 1658 859 1703 dilectores
881 1658 1053 1713 mundi,
1075 1667 1339 1718 peccatores,
1364 1658 1452 1702 ini-

54 1729 133 1790 qui
153 1764 164 1784 ,
189 1728 423 1789 superbiet
443 1728 655 1773 infideles.
685 1729 811 1773 Unde
825 1730 1019 1773 mundus
1041 1731 1321 1789 peccatores?
1338 1730 1451 1782 Quia

59 1798 248 1857 diligunt
282 1799 496 1843 mundum
518 1835 528 1853 ,
564 1809 606 1843 et
650 1798 875 1857 diligendo
898 1800 1146 1843 inhabitant
1178 1799 1397 1843 mundum
1440 1819 1449 1843 :

61 1868 284 1930 quomodo
317 1869 473 1913 domus
494 1868 655 1913 dicitur
673 1879 715 1913 et
737 1869 901 1914 fabrica
925 1879 967 1913 et
994 1870 1302 1914 inhabitantes.
1334 1873 1454 1914 Bona

62 1941 218 1985 domus
234 1976 244 1995 ‚
271 1940 530 2000 plerumque
558 1941 672 1985 bona
696 1940 859 1985 fabrica
881 1962 891 1999 3
923 1950 966 1984 et
990 1942 1104 1985 bona
1136 1941 1293 1986 domus
1310 1976 1321 1997 ‚
1352 1942 1455 2002 quia

63 2011 168 2056 boni
200 2021 513 2055 conversantur
545 2012 590 2054 in
621 2026 684 2054 ea.
717 2014 775 2055 Et
809 2027 913 2055 cave
945 2010 1126 2055 domum
1156 2013 1280 2055 istam
1302 2047 1312 2067 ‚
1353 2012 1457 2072 quia

65 2082 176 2126 mala
199 2091 284 2136 est,
319 2082 494 2126 duobus
515 2080 656 2125 modis
679 2082 838 2125 dicitur
876 2101 884 2126 :
915 2081 1030 2126 Mala
1056 2091 1120 2126 est
1149 2083 1306 2127 domus
1328 2083 1421 2127 haec
1443 2118 1454 2138 ‚

14 2151 16 2153 ’
66 2168 192 2210 cave3
219 2151 331 2197 forte
345 2161 524 2212 propter
540 2152 727 2207 ruinam,
744 2168 800 2195 nc
819 2151 984 2212 aliquid
997 2151 1125 2196 cadat
1141 2163 1184 2197 et
1201 2162 1243 2196 te
1256 2163 1424 2212 premat
1446 2173 1455 2198 :

68 2222 227 2268 dicitur
242 2232 285 2267 et
309 2223 368 2267 sic
391 2223 476 2268 alio
497 2222 632 2267 modo
650 2258 661 2278 ,
686 2225 802 2268 Cave
831 2224 1013 2267 domum
1031 2224 1156 2267 istam
1191 2223 1350 2268 malam
1366 2259 1376 2279 ,
1403 2240 1458 2268 ne

68 2294 261 2339 incurras
281 2294 328 2337 in
350 2292 560 2353 laqueum
584 2294 838 2338 venantium
860 2329 871 2349 ‚
899 2309 953 2340 ne
976 2310 1141 2353 pauper
1162 2295 1419 2354 opprimaris
1436 2312 1459 2339 a

70 2364 226 2422 divite,
262 2381 317 2409 ne
341 2363 536 2409 fraudem
562 2363 754 2424 aliquam
778 2366 968 2425 patiaris.
996 2366 1225 2419 Quomodo
1248 2381 1349 2424 ergo
1378 2366 1461 2410 do-

71 2452 167 2482 mus
187 2446 231 2482 et
248 2437 404 2482 domus
421 2471 432 2492 ,
468 2436 528 2481 sic
561 2435 753 2480 mundus
780 2445 824 2481 et
848 2438 1057 2482 mundus.
1079 2442 1219 2491 Quare
1251 2447 1396 2482 autem
1419 2447 1462 2482 et

120 2541 129 2558 ¹
149 2536 242 2567 Joan.
265 2546 290 2576 1,
312 2544 364 2567 ιο.
383 2550 425 2557 -
445 2539 458 2557 ²
478 2535 553 2577 Sap.
572 2543 639 2576 viu,
659 2544 690 2566 1.
710 2549 751 2556 -
775 2531 851 2566 ³111.
873 2544 930 2575 vn,
949 2532 1004 2576 24.
1024 2550 1067 2569 ψ
1084 2532 1100 2564 4
1119 2534 1235 2578 EpheS.
1252 2545 1299 2576 vx,
1319 2543 1370 2567 12.
