1815 3253
350 193 432 232 368
780 200 814 230 S.
850 201 1079 232 Aucus‘rml
1112 204 1291 232 EPISCOPI

348 283 437 311 non
459 266 585 322 fecit,
621 265 878 311 crudelitate
900 265 1017 312 fecit.
1046 270 1187 321 Quam
1223 281 1324 326 ergo
1352 267 1527 328 iniquus
1549 276 1634 324 est,
1658 270 1730 312 cui
1756 297 1759 300 Δ

347 336 455 380 nihil
476 340 622 381 noceri
644 346 837 397 poterat,
863 347 907 381 et
928 337 1032 382 fecit
1052 348 1102 382 ut
1123 339 1326 383 membris
1349 338 1436 382 suis
1457 339 1528 383 hic
1553 339 1614 383 ita
1648 355 1730 384 no-

346 410 550 452 ceretur?
571 411 639 453 An
661 417 831 468 poterat
848 408 1018 453 noceri?
1040 411 1154 466 Ergo
1171 409 1513 469 incorruptibilis
1527 425 1617 453 non
1646 419 1724 454 est.

346 481 457 524 Cum
476 480 536 524 vis
558 495 661 539 ergo
683 489 726 524 te
743 479 978 524 defendere
1009 479 1064 524 de
1090 490 1264 540 peccato
1294 491 1393 535 tuo,
1430 480 1609 525 laudare
1640 496 1730 525 non

343 560 465 611 potes
487 555 641 596 Deum.
669 555 720 596 In
741 551 869 595 laude
892 551 967 595 Dei
985 567 1073 595 non
1095 553 1305 611 capereris
1320 587 1331 607 ,
1356 552 1436 596 nisi
1467 552 1512 594 in
1542 563 1616 595 tua
1633 553 1729 612 jac-
1778 595 1782 610 f
1811 541 1815 593 ἰ

346 623 508 666 tareris.
533 623 681 666 Transi
696 622 750 666 ad
763 623 1126 681 vituperationem
1143 632 1282 677 tuam,
1300 632 1344 667 et
1358 621 1556 666 laudabis
1572 625 1726 666 Deum.
1808 610 1810 625 ἴ

346 692 456 735 Redi
478 691 532 736 ad
549 693 682 737 verba
700 691 971 736 Psalmorum
995 708 1105 752 quos
1135 693 1415 746 execramini,
1448 691 1517 736 dic
1533 727 1544 747 ,
1590 711 1609 734 «
1635 695 1729 751 Ego
1775 688 1780 720 '³

346 780 366 802 »
402 760 504 817 dixi,
521 762 721 816 Domine,
743 762 943 806 miserere
972 763 1072 812 mei,
1091 778 1193 807 sana
1206 763 1395 807 animam
1423 777 1582 817 meam,
1614 778 1729 822 quo-

345 850 366 874 »
401 833 519 876 niam
557 833 732 892 peccavi
761 833 856 877 tibi.
887 851 907 875 »
936 836 1029 892 Ego
1046 833 1135 877 dixi
1157 852 1165 877 :
1191 836 1285 892 Ego
1302 833 1503 893 peccavi,
1528 848 1618 877 non
1639 833 1729 877 for-
1774 862 1779 900 ὲ
1812 835 1815 840 ’

343 910 471 957 tuna,
497 918 586 947 non
621 901 759 947 fatum
777 938 787 958 ,
809 919 897 947 non
915 918 1017 961 gens
1041 904 1333 948 tenebrarum.
1369 904 1411 948 Si
1433 917 1534 960 ergo
1557 912 1604 947 tu
1625 918 1728 962 pec-

341 973 472 1028 casti,
492 974 582 1033 jam
615 974 712 1018 vide
735 974 1107 1034 quemadmodum
1140 983 1286 1034 pateat
1316 973 1410 1018 laus
1432 974 1531 1028 Dei,
1576 974 1621 1016 in
1643 989 1730 1033 qua
1772 983 1778 1026 ,ζ
1800 978 1803 982 ’

342 1043 641 1102 angustabaris
657 1079 668 1098 ,
694 1059 794 1088 cum
818 1053 858 1088 te
881 1043 1011 1088 velles
1031 1042 1280 1087 defendere.
1301 1043 1457 1088 Melius
1473 1044 1519 1087 in
1543 1043 1727 1102 peccatis

341 1114 427 1158 tuis
450 1115 688 1172 angustaris
704 1149 714 1169 ,
736 1124 779 1158 et
799 1115 844 1158 in
866 1114 982 1158 illius
995 1113 1125 1158 laude
1148 1113 1352 1158 dilataris.
1380 1117 1476 1158 Jam
1500 1129 1600 1172 ergo
1618 1130 1726 1158 con·
1798 1119 1806 1146 -”

341 1183 452 1230 fesso
476 1195 653 1245 peccato
676 1195 775 1241 tuo,
815 1186 915 1229 vide
942 1184 1314 1245 quemadmodum
1347 1184 1552 1228 laudetur
1574 1188 1687 1229 Deus
1713 1204 1722 1230 ε
1772 1243 1774 1246 Ι
1798 1177 1799 1181 “

341 1255 443 1315 quia
465 1264 508 1299 et
520 1257 662 1315 justus
684 1264 747 1298 est
766 1290 777 1310 ,
803 1270 903 1299 cum
925 1264 968 1299 te
984 1255 1114 1314 punit
1131 1263 1504 1314 perseverantem,
1530 1264 1573 1298 et
1594 1254 1726 1299 mise·
1768 1255 1802 1290 '⁴²

341 1325 472 1369 ricors
490 1360 500 1379 ,
521 1340 623 1369 cum
643 1324 800 1368 liberat
814 1325 1113 1368 confitentem.
1144 1343 1164 1366 (ι
1185 1327 1282 1369 Non
1305 1339 1407 1382 ergo
1421 1359 1431 1378 ,
1456 1324 1601 1384 inquit
1615 1359 1625 1379 ,
1652 1324 1726 1369 de-

344 1413 363 1436 »
399 1393 531 1439 clines
549 1410 623 1439 cor
644 1410 790 1438 meum
812 1395 857 1437 in
874 1394 1005 1438 verba
1026 1392 1215 1453 maligna
1232 1429 1242 1448 ,
1278 1393 1333 1438 ad
1365 1394 1628 1438 excusandas
1649 1409 1724 1438 ex·
1769 1431 1775 1447 ;
1794 1402 1800 1416 ³

342 1483 362 1505 >›
398 1464 643 1508 cusationes
659 1464 704 1507 in
718 1464 903 1524 peccatis
923 1484 931 1509 :
953 1482 973 1506 »
992 1473 1041 1508 ut
1053 1463 1196 1508 dicam
1211 1464 1313 1525 quia
1328 1479 1431 1522 gens
1445 1464 1724 1508 tenebrarum
1764 1484 1768 1502 τ

339 1534 464 1590 fecit,
489 1535 609 1594 quod
627 1550 707 1594 ego
730 1533 827 1579 feci.

397 1608 498 1649 XII.
520 1624 539 1647 «
560 1607 672 1649 Cum
692 1604 940 1649 hominibus
953 1605 1232 1664 operantibus
1245 1604 1536 1664 iniquitatem.
1557 1606 1725 1658 »Quam
1791 1613 1794 1618 ’

340 1674 641 1735 iniquitatem?
662 1675 865 1719 Dicamus
894 1674 1082 1735 aliquam
1105 1690 1256 1719 eorum
1275 1674 1550 1734 iniquitatem
1571 1674 1725 1718 nefan-
1790 1695 1792 1705 ι

338 1744 454 1789 dam.
489 1745 649 1789 Audite
677 1745 952 1804 iniquitatem
973 1743 1182 1839 nefariam
1213 1745 1554 1790 Manichaeorum
1578 1744 1727 1804 publi-

338 1956 564 2000 lationem
595 1955 706 1999 Vide
729 1955 761 1999 si
780 1956 888 1999 latio
904 1954 978 1999 illa
1006 1971 1095 2000 non
1117 1955 1335 1999 dementia
1357 1954 1620 2000 nominanda
1642 1963 1720 1998 est.

337 2026 419 2078 Qui
441 2026 555 2069 enim
574 2025 619 2068 in
642 2040 817 2069 usuram
833 2025 1090 2085 ,inquiunt,
1116 2025 1190 2068 dat
1205 2026 1465 2084 pecuniam,
1491 2040 1581 2068 non
1603 2023 1739 2079 laedit„

336 2111 508 2140 crucem
529 2095 705 2139 luminis
725 2115 734 2139 2
762 2100 774 2151 (
793 2095 921 2138 multi
942 2111 1030 2138 non
1054 2094 1329 2152 intelligunt,
1356 2094 1431 2138 sed
1453 2108 1664 2153 exponam
1682 2098 1722 2149 z)

334 2235 525 2279 luminis.
543 2235 709 2287 Quaeris
721 2249 850 2294 quam
866 2250 1037 2278 crucem
1052 2234 1251 2278 luminis?
1264 2235 1478 2290 Membra,
1496 2234 1718 2294 inquiunt,

334 2305 408 2349 illa
428 2306 502 2349 Dei
522 2340 532 2360 ,
558 2321 657 2365 quae
686 2314 812 2364 capta
831 2314 932 2349 sunt
953 2306 998 2348 in
1017 2304 1092 2349 illo
1111 2304 1261 2364 praelio
1277 2340 1287 2360 ,
1320 2306 1455 2349 mixta
1493 2314 1595 2349 sunt
1623 2305 1721 2349 uni·

335 2391 456 2420 verso
478 2375 668 2430 mundo,
690 2385 734 2419 et
754 2385 857 2419 sunt
883 2375 927 2419 in
952 2375 1203 2430 arboribus,
1227 2376 1273 2418 in
1293 2375 1459 2430 herbis,
1484 2375 1529 2418 in
1550 2375 1688 2434 pomis
1704 2409 1716 2430 ,

334 2448 379 2490 in
398 2445 628 2490 fiuctibus.
653 2445 730 2489 Dei
750 2445 947 2489 membra
968 2455 1095 2489 vexat
1106 2445 1213 2505 ,qui
1231 2455 1389 2489 terram
1411 2410 1531 2490 stilco
1560 2445 1719 2489 discin-
1774 2474 1810 2504 ,r
