1815 3253
337 213 417 249 198
762 221 796 248 S.
830 219 1059 251 Auensnm
1092 225 1273 252 EPISCOP1

335 296 378 330 et
395 286 600 330 Ecclesia.
630 289 726 331 Non
750 294 895 329 autem
915 287 1094 331 auderet
1114 289 1195 332 sibi
1223 287 1531 332 surrectionem
1555 303 1708 346 corpus

333 357 600 416 promittere,
618 357 698 400 nisi
717 357 832 415 prius
850 367 1087 414 resurgeret
1100 368 1245 418 caput.
1271 361 1490 415 «Exurge,
1510 358 1705 414 Domine,

336 444 356 468 »
392 428 437 470 in
456 428 648 486 requiem
672 436 791 470 tuam
810 461 820 481 ‚
849 435 895 470 tu
923 435 966 470 et
988 442 1084 471 arca
1111 428 1460 472 sanctificationis
1477 436 1579 471 tuae.
1609 446 1628 468 »
1653 431 1710 472 Et

333 511 489 555 corpus
524 496 682 541 Christi
710 494 830 556 quod
864 511 915 539 ex
953 497 1087 541 Maria
1129 508 1282 542 natum
1321 506 1406 552 est,
1441 496 1706 544 intellectum
1772 500 1775 516 '

333 576 397 611 est
427 584 450 612 a
482 566 746 627 quibusdam
772 583 869 611 arca
898 568 1244 613 sanctificationis
1270 588 1278 613 :
1310 577 1360 612 ut
1397 569 1481 612 hoc
1515 566 1704 623 diceret,

336 657 357 680 «
391 641 561 696 Exurge
574 673 585 692 ,
607 638 811 692 Domine,
836 638 882 681 in
901 638 1094 697 requiem
1113 648 1231 683 tuam
1244 674 1254 694 ,
1278 648 1327 683 tu
1347 647 1390 682 et
1404 653 1500 682 arca
1515 638 1708 682 sanctifi·
1771 647 1773 650 ’

334 726 355 749 n
391 708 572 752 cationis
598 717 709 764 tuae,
726 725 746 748 »
763 709 875 752 Cum
884 723 1065 766 corpore
1076 724 1251 767 exurge,
1268 720 1318 752 ut
1335 707 1515 767 palpent
1532 708 1709 767 quinon

330 777 582 822 credebant.
617 795 637 818 «
661 780 857 834 Exurge,
894 777 1074 824 Domine
1091 812 1103 834 ,
1130 778 1176 822 in
1203 778 1396 839 requiem
1427 785 1545 821 tuam
1562 812 1572 831 ,
1597 786 1647 821 tu
1667 787 1710 822 et

332 864 355 888 »
388 862 486 891 arca
503 846 852 891 sanctificationis
873 855 976 890 tuae.
1004 865 1024 889 υ

386 913 505 961 XVI.
542 935 562 958 «
597 915 847 961 Sacerdotes
878 917 944 960 tui
974 915 1214 961 induantur
1230 917 1463 976 justitiam,
1497 924 1542 959 et
1573 916 1708 963 sancti

330 1004 351 1028 »
387 987 452 1031 tui
472 985 720 1030 laetentur1.
750 1005 770 1028 »
794 989 853 1030 Te
875 995 1110 1045 exurgente
1132 1002 1156 1031 a
1185 986 1392 1040 mortuis,
1425 995 1470 1029 et
1499 994 1630 1030 eunte
1648 985 1708 1030 ad

328 1059 517 1111 Patrem,
546 1075 566 1098 «
583 1055 867 1115 Regaleillud
880 1057 1168 1100 sacerdotium
1185 1055 1394 1100 induatur
1411 1055 1704 1115 fidem3quia‚

325 1143 346 1168 »
382 1129 407 1170 J
411 1136 532 1171 ustus
545 1142 595 1170 ex
612 1127 698 1171 fide
716 1127 841 1171 vivit2
855 1146 863 1171 z
878 1145 898 1167 η
910 1136 953 1170 et
965 1136 1142 1186 accepto
1155 1127 1334 1186 pignore
1355 1125 1536 1184 Spiritus
1553 1126 1704 1181 saneti,

323 1196 527 1241 laetentur
563 1197 759 1241 membra
794 1212 868 1256 spe
903 1198 1252 1252 resurrectionis,
1293 1213 1392 1257 quae
1427 1197 1641 1256 praecessit
1661 1197 1707 1246 in
1762 1246 1765 1254 Ι

322 1267 479 1325 capite.
501 1267 573 1310 Eis
595 1267 710 1311 enim
734 1265 966 1325 Apostolus
989 1267 1115 1321 dicit,
1145 1285 1165 1309 «
1197 1269 1280 1326 Spe
1310 1267 1545 1325 gaudentes
1563 1268 1593 1309 ³.
1622 1284 1642 1307 »

382 1338 526 1379 XVII.
538 1354 558 1377 «
585 1338 766 1394 Propter
780 1329 917 1380 David
938 1350 1111 1380 servum
1128 1345 1253 1380 tuum
1266 1372 1280 1391 ‚
1296 1352 1350 1380 ne
1368 1345 1534 1380 avertas
1554 1336 1707 1380 faciem
1761 1391 1763 1396 y

328 1423 349 1447 >›
385 1406 544 1451 Christi
560 1406 624 1449 tui
638 1406 670 1449 ⁴.
695 1423 715 1446 »
734 1408 828 1450 Hoc
849 1409 938 1450 Deo
954 1406 1071 1450 Patri
1087 1406 1254 1451 dictum
1276 1415 1339 1450 est
1357 1441 1368 1461 ,
1391 1425 1411 1448 «
1431 1410 1613 1465 Propter
1631 1410 1706 1452 Da·
1760 1397 1763 1412 ἶ

328 1493 349 1516 »
385 1475 459 1519 vid
480 1491 651 1520 servum
674 1485 799 1519 tuum
815 1511 826 1530 ,
847 1491 901 1519 ne
924 1485 1089 1520 avertas
1105 1474 1256 1520 faciem
1275 1476 1436 1521 Christi
1455 1476 1532 1520 tui.
1562 1495 1581 1517 »
1601 1479 1708 1522 Cru-
1759 1516 1761 1525 ,

323 1545 474 1590 cifixus
496 1555 557 1589 est
576 1546 787 1590 Dominus
810 1546 855 1590 in
876 1548 900 1589 J
906 1545 1054 1603 udaea,
1082 1546 1311 1590 crucifixus
1328 1555 1427 1590 esta
1449 1546 1633 1603 Judaeis3
1652 1547 1706 1590 ab
1758 1579 1760 1587 ,

320 1616 423 1674 ipsis
446 1615 647 1663 turbatus
666 1615 884 1660 dormivit.
912 1619 1031 1659 Inter
1052 1631 1239 1676 quorum
1262 1617 1532 1660 saevientium
1554 1632 1705 1663 manus
1756 1655 1759 1670 ,

322 1685 554 1740 dormivit,
592 1685 647 1730 ad
679 1701 750 1730 eos
775 1684 1034 1746 judicandos
1067 1686 1250 1730 surrexit
1274 1705 1282 1729 z
1309 1695 1351 1729 et
1386 1684 1491 1729 dicit
1513 1686 1705 1746 quodam

320 1754 443 1800 loco:
475 1774 494 1797 «
520 1758 577 1800 Et
595 1756 752 1799 suscita
773 1771 866 1810 me,
892 1764 934 1799 et
956 1754 1134 1798 reddam
1155 1754 1278 1798 illis5.
1308 1774 1327 1797 »
1355 1758 1411 1799 Et
1432 1755 1641 1810 reddidit,
1662 1765 1705 1800 et
1754 1760 1757 1803 i

319 1825 570 1870 redditurus
584 1835 662 1870 est.
677 1828 785 1870 Nam
804 1835 965 1885 quanta
989 1835 1136 1885 postea
1158 1828 1182 1869 J
1187 1825 1300 1870 udaei
1321 1826 1432 1884 passi
1450 1835 1551 1870 sunt
1564 1827 1723 1882 occiso„
1754 1823 1756 1892 ζ

319 1897 506 1940 Domino
523 1905 686 1940 norunt
698 1896 793 1955 ipsi.
810 1899 870 1940 De
887 1895 976 1954 ipsa
993 1895 1181 1951 civitate,
1199 1896 1275 1940 ubi
1289 1895 1409 1939 illum
1430 1895 1700 1952 occiderunt,
1754 1900 1755 1905 ’

319 1982 469 2011 omnes
498 1967 665 2026 expulsi
707 1975 822 2010 sunt.
848 1966 965 2019 Quid
1000 1982 1124 2024 ergo,
1159 1967 1287 2010 etiam
1323 1965 1377 2009 de
1408 1967 1539 2025 stirpe
1567 1966 1703 2012 David

319 2053 467 2082 omnes
489 2038 738 2096 perierunt,
759 2045 802 2080 et
824 2035 878 2080 de
908 2037 1027 2080 tribu
1050 2036 1198 2081 JudaP
1219 2039 1315 2081 Non
1343 2056 1351 2080 ε
1380 2052 1480 2080 nam
1503 2037 1702 2088 credide·
1750 2053 1753 2090 ς

316 2116 420 2152 runt
441 2107 543 2150 inde
567 2105 701 2166 aliqui
723 2141 733 2159 ,
768 2114 812 2149 et
841 2105 978 2149 multa
1015 2105 1149 2155 millia
1170 2105 1399 2149 hominum
1422 2106 1702 2152 crediderunt

315 2176 440 2231 inde,
466 2185 509 2219 et
531 2176 609 2219 hoc
620 2177 710 2235 jam
728 2184 825 2235 post
847 2175 1205 2219 resurrectionem
1229 2175 1414 2219 Domini.
1442 2177 1697 2233 Saevierunt‚

315 2256 367 2290 ut
383 2246 704 2302 crucifigerent,
730 2253 773 2288 et
789 2254 936 2304 postea
959 2254 1188 2304 coeperunt
1209 2245 1355 2289 videre
1377 2246 1470 2289 fieri
1492 2245 1699 2291 miracula
1748 2244 1750 2259 '

313 2316 360 2361 in
376 2316 552 2365 nomine
566 2315 770 2360 Crucifixi
787 2335 797 2372 3
822 2324 866 2359 et
886 2314 984 2374 plus
1005 2324 1365 2360 contremuerunt
1382 2324 1553 2360 tantum
1573 2332 1697 2375 posse

311 2387 402 2445 ejus
422 2401 583 2429 nomen
601 2420 612 2441 ,
637 2385 715 2445 qui
736 2385 859 2445 quasi
881 2386 993 2429 inter
1017 2401 1168 2430 manus
1191 2400 1340 2430 eorum
1364 2386 1472 2430 nihil
1490 2395 1660 2446 poterat
1679 2407 1691 2444 3
1745 2379 1748 2428 l
1784 2408 1786 2414 =
1805 2426 1807 2428 .

361 2488 370 2504 ¹
390 2480 470 2514 Psal.
489 2491 596 2521 cxxxi,
615 2492 647 2523 9.
674 2497 718 2505 —
737 2487 750 2504 ¹
774 2483 864 2514 Rom.
880 2491 913 2522 1,
942 2491 994 2523 17.
1022 2497 1064 2504 —
1082 2479 1162 2514 31d.
1177 2491 1233 2522 xn,
1253 2490 1303 2514 12.
1325 2498 1367 2503 —
1383 2479 1398 2511 4
1417 2480 1498 2513 Psal.
1515 2491 1619 2524 cxxxi,
1641 2483 1696 2514 10.'
1798 2484 1803 2499 ¹

313 2553 355 2558 —
373 2533 453 2568 ⁵1d.
474 2546 526 2578 xz,
544 2547 595 2569 11.
