1815 3253
447 258 688 288 ENARaAno
720 260 766 288 IN
799 257 1005 287 PsALMUM
1035 257 1164 285 exxu.
1421 247 1474 286 53

145 327 267 371 v111.
308 345 328 369 «
355 325 570 380 Quoniam
596 325 788 370 multum
825 324 978 385 repleti
1000 339 1148 368 sumus
1180 323 1473 384 despectione.

90 415 110 439 «
146 400 196 442 In
219 397 460 458 plurimum
483 396 646 457 repleta
669 405 733 441 est
750 396 892 440 anima
917 403 1062 440 nostra
1078 429 1089 451 ,
1110 395 1397 455 opprobrium
1419 395 1479 440 eis

86 485 107 510 υ
143 467 218 528 qui
241 467 489 522 abundant,
515 476 557 512 et
577 466 796 527 despectio
818 464 1013 526 superbis
1031 466 1061 508 ¹.
1081 482 1100 506 η
1119 464 1200 518 Qui
1221 464 1474 525 despicitur,

84 540 392 584 contemnitur.
418 541 579 584 Omnes
600 538 677 599 qui
697 537 937 583 secundum
966 536 1187 582 Christum
1214 536 1284 597 pie
1321 535 1478 581 volunt

84 610 249 665 vivere,
275 625 446 655 necesse
469 620 530 655 est
551 610 774 670 patiantur
796 607 1051 669 opprobria,
1077 622 1250 652 necesse
1272 615 1336 652 est
1368 622 1478 652 con-

85 689 336 725 temnantur
357 681 411 725 ab
433 680 496 725 his
517 680 594 741 qui
615 679 773 725 nolunt
795 679 866 739 pie
890 679 1056 734 vivere,
1080 692 1270 738 quorum
1294 676 1479 722 felicitas

84 761 174 798 tota
198 762 368 798 terrena
401 761 477 798 est.
520 751 763 797 Irridentur
796 751 860 796 illi
893 750 970 812 qui
1007 750 1258 795 felicitatem
1290 758 1475 805 vocant,

84 839 216 884 quam
242 823 378 869 oculis
414 823 560 868 videre
595 839 685 869 non
721 831 923 884 possunt,
955 831 998 867 et
1036 821 1198 866 dicitur
1233 821 1292 865 eis
1308 857 1319 877 ,
1359 820 1478 875 Quid

84 893 237 950 credis,
252 895 430 939 insane?
452 893 570 939 vides
592 893 713 955 quod
736 894 902 939 credis?
923 896 1137 939 Reversus
1158 902 1222 938 est
1244 891 1401 953 aliquis
1423 892 1479 937 ab

83 963 248 1019 inferis,
275 975 315 1010 et
339 964 489 1010 retulit
517 965 598 1010 tibi
619 965 726 1026 quid
748 965 810 1009 ihi
833 966 1000 1024 agitur?
1019 967 1133 1010 Ecce
1150 979 1230 1022 ego
1243 963 1362 1025 quod
1380 978 1479 1009 amo

83 1035 226 1090 video,
246 1035 435 1081 etfruor.
456 1036 708 1096 Despiceris,
730 1035 832 1097 quia
845 1051 988 1095 speras
1010 1034 1130 1096 quod
1152 1050 1243 1079 non
1265 1034 1385 1079 vides
1407 1053 1416 1080 :
1438 1043 1482 1080 et

84 1107 266 1166 despicit
287 1116 329 1151 te
359 1107 453 1160 ille,
486 1107 562 1168 qui
599 1107 723 1167 quasi
756 1115 877 1150 tenet
909 1105 1030 1166 quod
1060 1105 1194 1150 videt.
1227 1105 1419 1150 Attende
1446 1105 1481 1149 si

84 1178 173 1237 ipse
196 1187 315 1222 tenet
339 1196 348 1222 :
374 1176 464 1222 noli
488 1178 681 1236 turbari,
706 1175 804 1222 vide
835 1177 868 1222 si
901 1177 991 1236 ipse
1015 1185 1159 1232 tenet,
1199 1185 1243 1221 et
1274 1191 1364 1220 non
1398 1175 1481 1220 tibi

84 1248 261 1293 insultet
287 1268 295 1293 z
318 1264 373 1292 ne
396 1264 497 1293 cum
520 1257 647 1309 putas
669 1264 770 1293 eum
793 1246 964 1292 felicem
987 1248 1031 1292 in
1053 1247 1286 1308 praesenti,
1312 1247 1482 1291 amittas

86 1335 230 1364 veram
251 1318 502 1365 felicitatem
524 1318 719 1364 futuram
737 1338 745 1365 z
767 1318 857 1364 noli
876 1319 1068 1375 turbari,
1089 1317 1265 1364 attende
1283 1319 1317 1364 si
1338 1327 1476 1364 tenet.

85 1391 266 1435 Labitur
284 1391 368 1436 hoc
385 1391 439 1435 ab
456 1391 532 1435 illo
548 1390 670 1452 quod
692 1400 808 1436 tcnet
824 1426 834 1446 ,
857 1390 927 1435 vel
944 1391 1034 1451 ipse
1052 1391 1107 1435 ab
1129 1406 1180 1436 eo
1196 1390 1318 1451 quod
1335 1398 1478 1435 tenet:

83 1476 257 1505 neeesse
290 1470 353 1505 est
387 1470 576 1506 transeat
606 1470 680 1506 aut
708 1463 799 1522 ipse
819 1476 897 1521 per
918 1477 984 1506 res
1007 1477 1127 1517 suas,
1161 1470 1237 1505 aut
1258 1476 1324 1506 res
1345 1461 1480 1521 ipsius

83 1530 320 1591 perillum.
348 1535 430 1576 Per
451 1547 580 1592 quem
610 1547 675 1576 res
712 1540 935 1576 transeunt
962 1534 1078 1576 suae?
1105 1532 1191 1586 Qui
1211 1531 1336 1577 vivus
1357 1530 1481 1575 labe-

83 1603 222 1647 factus
243 1603 339 1647 erit.
366 1603 471 1656 Quis
494 1603 649 1647 transit
669 1618 746 1662 per
768 1618 834 1648 res
861 1605 985 1648 suas?
1008 1603 1094 1656 Qui
1128 1603 1175 1647 in
1196 1602 1356 1648 divitiis
1378 1618 1477 1649 mo-

83 1674 192 1718 ritur
218 1693 226 1719 :
254 1674 353 1734 quia
377 1690 476 1718 cuin
500 1675 704 1730 moritur,
729 1690 819 1719 non
854 1689 923 1719 eas
953 1689 1101 1719 secum
1124 1673 1267 1719 auffert
1289 1673 1344 1720 ad
1366 1674 1483 1720 infe-

82 1760 165 1788 ros.
191 1750 373 1789 Domum
405 1761 546 1790 meam
581 1746 748 1800 habeo,
782 1746 967 1806 jactavit
1011 1760 1070 1789 se.
1110 1745 1301 1800 Quaeris,
1337 1748 1480 1800 Quam

83 1815 263 1859 domum
287 1818 438 1860 tuam?
472 1820 608 1869 Quam
643 1816 748 1860 mihi
784 1816 946 1860 dimisit
985 1825 1102 1876 pater
1138 1831 1276 1861 meus.
1312 1820 1369 1861 Et
1406 1815 1482 1860 ille

83 1887 199 1931 unde
222 1887 376 1931 habuit
396 1888 509 1931 hanc
543 1886 757 1932 domum?
780 1891 898 1932 Avus
920 1897 1065 1932 noster
1094 1887 1156 1932 illi
1178 1904 1272 1933 eam
1297 1887 1476 1932 dimisit.

84 1960 276 2001 Recurre
297 1966 340 2001 et
361 1957 414 2001 ad
444 1974 652 2017 proavum
669 1994 680 2013 ,
705 1958 809 2003 inde
831 1959 886 2002 ad
908 1968 1107 2013 atavum,
1129 1960 1278 2019 etjam
1301 1959 1480 2004 nomina

84 2043 172 2072 non
195 2037 337 2087 potest
357 2029 514 2073 dicere.
549 2031 646 2074 Non
668 2028 771 2073 inde
792 2030 937 2089 potius
961 2030 1133 2074 terreris
1148 2065 1158 2084 ‚
1184 2030 1287 2091 quia
1319 2030 1481 2075 multos

85 2098 269 2144 attendis
295 2100 497 2144 transisse
519 2116 596 2160 per
618 2100 736 2144 illam
759 2099 938 2145 domum
952 2136 963 2156 ,
983 2109 1027 2145 et
1049 2101 1269 2146 neminem
1287 2101 1481 2161 ipsorum

84 2185 230 2214 secum
251 2170 371 2214 illam
392 2170 540 2215 tulisse
572 2170 626 2216 ad
657 2180 862 2216 aeternam
889 2171 1097 2217 domum?
1120 2176 1247 2217 Pater
1279 2182 1381 2218 tuus
1409 2173 1481 2218 hic

86 2256 180 2284 eam
198 2240 380 2296 dimisit,
410 2242 576 2286 transiit
597 2258 674 2302 per
695 2241 814 2286 illam
832 2278 842 2298 ,
868 2243 927 2287 sic
944 2252 988 2288 et
1005 2252 1054 2288 tu
1071 2244 1286 2289 transibis.
1311 2244 1353 2289 Si
1377 2259 1480 2303 ergo

86 2311 315 2355 transitum
337 2312 504 2356 habetis
520 2313 567 2356 in
590 2312 721 2357 domo
743 2322 906 2368 vestra,
933 2313 1153 2358 stabulum
1171 2323 1235 2359 est
1257 2324 1481 2359 transeun-

86 2382 195 2425 tium
214 2416 224 2435 ,
250 2397 339 2425 non
362 2382 574 2427 habitatio
608 2385 997 2429 commanentium.
1020 2387 1076 2429 Et
1104 2394 1250 2429 tamen
1273 2385 1375 2445 quia
1403 2400 1481 2430 nos

86 2467 135 2495 ea
157 2462 257 2512 quae
280 2451 426 2497 sutura
463 2463 564 2498 sunt
591 2470 812 2514 speramus
828 2490 840 2510 ,
866 2464 910 2499 et
935 2455 981 2499 in
1004 2454 1197 2500 futuram
1226 2455 1480 2500 felicitatem

86 2523 346 2582 suspiramus
362 2558 373 2577 ‚
399 2533 443 2567 et
472 2523 671 2569 nondum
699 2526 899 2585 apparuit
932 2527 1054 2587 quod
1075 2527 1261 2583 erimus,
1286 2526 1484 2585 quamvis

133 2612 141 2629 ¹
164 2606 243 2639 Psal.
264 2617 366 2650 cxxii,
387 2607 421 2650 3,
444 2605 476 2649 4.
