1815 3253
393 244 636 276 niuniu-no
666 248 713 275 IN
744 245 948 276 rsALth
978 247 1149 276 cxxxvl.
1370 237 1455 277 283

24 337 26 342 ¹
69 313 145 361 sed
171 314 314 358 hostes
338 323 455 358 sunt.
482 314 606 358 Prius
628 314 718 358 nati
740 323 866 370 sunt,
894 313 970 359 sed
991 313 1202 374 posterius
1226 313 1317 358 nati
1336 314 1456 360 viee-

69 393 172 429 runt
205 383 260 428 ad
291 385 526 444 primatum
552 403 561 429 :
587 385 689 446 quia
711 385 1061 445 concupiscentia
1082 384 1221 429 earnis
1251 383 1346 429 illos
1375 384 1457 429 de·-

22 467 25 474 *
63 455 189 516 jecit,
215 464 464 514 contempta
492 456 842 515 eoncupiscentia
872 455 974 500 istos
1006 454 1155 500 erexit.
1191 454 1383 510 Vivunt,
1414 464 1457 500 et

68 525 287 580 invident,
312 536 353 570 et
377 536 715 587 persequuntur.

99 598 246 640 ·x1x.
277 615 293 636 «
331 599 577 652 Memento,
601 598 806 652 Domine,
839 595 1028 641 filiorum
1060 595 1226 651 Edom,
1258 597 1302 640 in
1338 596 1454 640 diem

22 663 23 678 ¹
70 683 91 708 »
126 665 380 710 Jerusalem.
405 685 424 708 »
448 667 569 711 Diem
593 667 831 711 Jerusalem
847 702 857 722 ,
875 682 964 727 quo
981 666 1196 711 laboravit
1211 702 1222 721 ‚
1243 682 1332 727 quo
1354 683 1458 727 cap-

65 736 198 782 tivata
221 747 285 781 est
303 758 312 794 ᾗ
333 752 387 781 an
414 737 527 782 diem
554 737 677 782 illum
702 736 916 782 felicitatis
942 736 1207 787 Jerusalem,
1233 753 1323 797 quo
1346 737 1458 782 libe-

16 802 22 861 s
67 816 202 861 ratur,
229 824 317 867 quo
340 810 552 868 pervenit,
578 826 665 869 quo
683 810 913 853 aeternitati
935 809 1153 853 sociatur?
1175 829 1194 851 ι(
1214 811 1454 863 Memento,

19 871 21 892 ³
67 878 232 937 inquit,
265 880 475 931 Domine,
506 880 596 924 noli
625 880 847 935 oblivisci,
881 878 1070 924 filiorum
1095 879 1251 923 Edoni.
1290 898 1309 920 »
1337 881 1457 933 Quo-

14 960 19 1005 j
67 950 191 993 rum?
223 969 242 991 «
265 949 509 993 Dicentium
526 985 536 1004 ,
561 960 781 1005 evacuate,
804 959 1010 995 evacuate
1031 985 1041 1005 ,
1065 966 1203 1010 usque
1232 949 1339 994 dum
1358 950 1459 994 fun-

70 1037 90 1060 »
125 1018 381 1063 damentum
401 1020 445 1063 in
467 1036 532 1063 ea.
562 1039 581 1061 »
610 1024 743 1064 Istum
763 1037 866 1079 crgo
883 1020 999 1065 diem
1016 1030 1252 1075 memento,
1278 1019 1458 1081 quando

15 1147 17 1152 Ι
67 1098 258 1135 evertere
279 1089 486 1134 volebant
513 1090 576 1134 illi
607 1090 860 1134 Jerusalem.
897 1094 1089 1144 Quantas
1111 1091 1227 1134 enim
1255 1097 1459 1150 perSecu-

17 1164 19 1166 ’
68 1159 205 1204 tiones
228 1176 347 1219 passa
370 1170 433 1204 est
464 1160 684 1205 Ecclesia?
705 1160 937 1214 Quomodo
960 1160 1164 1205 dicebant
1186 1160 1262 1204 filii
1285 1160 1426 1205 Edom
1443 1195 1454 1216 ‚

14 1242 17 1246 ’
66 1231 112 1276 id
133 1242 223 1287 est,
251 1232 443 1277 carnales
468 1232 664 1276 homines
679 1267 689 1286 ,
716 1232 881 1276 subditi
903 1230 1078 1276 diabolo
1100 1241 1144 1276 et
1163 1231 1323 1290 angelis
1345 1233 1455 1293 ejus,

66 1302 257 1348 colentes
273 1302 435 1362 lapides
457 1303 642 1361 etligna,
660 1313 888 1362 sequentes
905 1303 1277 1362 concupiscentias
1299 1303 1455 1359 carnis,

67 1374 303 1432 extinguite
333 1375 625 1428 Christianos,
663 1373 799 1418 tollite
827 1374 1115 1429 Christianos,
1146 1389 1226 1418 nec
1249 1389 1362 1434 unus
1386 1390 1457 1418 re·-

10 1439 13 1442 ’
67 1453 261 1499 maneat,
299 1445 478 1488 evertite
502 1461 640 1504 usque
673 1444 727 1488 ad
761 1443 1130 1489 fundamentum?
1152 1447 1308 1490 Nonne
1342 1444 1457 1490 dicta

11 1571 13 1574 Α
65 1524 167 1558 sunt
189 1515 313 1559 haec?
339 1518 396 1559 Et
429 1531 529 1559 cum
554 1515 632 1558 ista
659 1513 929 1570 dicerentur,
953 1525 1261 1575 persequentes
1294 1516 1459 1574 impro-

67 1585 156 1629 bati
191 1594 318 1640 sunt,
356 1595 568 1643 martyres
595 1585 791 1629 coronati
826 1595 943 1630 sunt.
984 1604 1000 1625 «
1038 1586 1287 1630 Dicentium
1314 1589 1457 1630 :Eva-

66 1664 215 1710 cuate,
242 1665 448 1700 evacuate
474 1671 612 1715 usque
640 1655 748 1699 dum
780 1654 1116 1700 fundamentum
1144 1657 1188 1700 in
1211 1672 1275 1701 ea.
1311 1675 1330 1698 »
1358 1657 1458 1701 Filii

11 1722 13 1725 ’
66 1725 208 1770 Edom
229 1725 405 1780 dicunt,
435 1745 454 1767 »
481 1729 721 1781 Evacuate,
757 1735 964 1771 evacuate
991 1746 999 1772 :
1035 1745 1054 1768 »
1091 1730 1148 1771 Et
1180 1730 1293 1771 Deus
1323 1726 1455 1780 dicit,

10 1839 12 1842 ,
71 1815 90 1839 «
113 1797 278 1841 Servite
303 1799 332 1840 ¹.
349 1815 367 1839 »
395 1798 529 1857 Cujus
550 1797 681 1840 verba
703 1806 886 1856 possunt
907 1812 1132 1856 superare,
1160 1798 1241 1842 nisi
1260 1798 1356 1853 Dei,
1381 1798 1458 1859 qui

8 1863 13 1911 ’ζ
66 1865 190 1922 dixit,
220 1886 239 1908 «
265 1867 375 1920 Quia
395 1868 530 1927 major
551 1868 707 1911 serviet
729 1867 887 1912 minori
909 1869 955 1912 ²?
979 1870 1199 1913 Evacuate
1215 1903 1226 1924 ,
1251 1879 1458 1914 evacuate

69 1955 90 1980 »
125 1953 264 1998 usque
280 1937 387 1982 dum
408 1937 746 1983 fundamentum
766 1939 810 1983 in
838 1955 903 1983 ea.

125 2011 224 2053 XX.
246 2011 303 2053 Et
328 2009 543 2054 convertit
565 2025 608 2053 se
637 2009 692 2053 ad
714 2008 834 2053 illam
859 2028 867 2054 :
908 2028 928 2051 «
953 2009 1061 2054 Filia
1085 2009 1320 2068 Babylonis
1342 2010 1459 2055 infe-

9 2099 13 2108 =>
70 2096 90 2121 »
125 2078 185 2124 lix
220 2080 253 2124 ³.
293 2098 312 2121 »
348 2078 503 2124 Infelix
534 2080 626 2140 ipsa
653 2079 919 2124 exultatione
953 2089 1047 2136 tua,
1089 2081 1180 2140 ipsa
1212 2097 1458 2142 praesump-

8 2171 10 2174 ·
68 2150 185 2194 tione
208 2159 304 2205 tua,
332 2160 375 2195 et
403 2151 637 2195 inimicitiis
659 2151 758 2195 tuis.
794 2170 814 2193 (ι
851 2151 959 2195 Filia
982 2152 1219 2210 Babylonis
1241 2151 1406 2197 infelix.
1436 2172 1455 2196 »

6 2189 13 2238 l
67 2220 226 2265 Civitas
247 2222 338 2280 ipsa
361 2220 521 2265 dicitur
541 2219 741 2280 Babylon
758 2231 802 2266 et
824 2221 912 2265 filia
935 2221 1170 2280 Babylonis
1200 2242 1208 2268 :
1234 2223 1459 2284 quomodo

5 2257 13 2365 Ξ
66 2291 306 2335 Jerusalem
341 2301 385 2336 et
411 2291 498 2335 filia
536 2292 798 2349 Jerusalem,
833 2302 878 2336 et
909 2292 1133 2353 quomodo
1170 2294 1271 2339 Sion
1302 2303 1346 2338 et
1370 2294 1460 2339 filia

69 2362 187 2416 Sion,
204 2363 286 2406 hoc
309 2377 430 2406 more
447 2361 690 2421 appellatur
713 2361 905 2407 Ecclesia
919 2372 963 2407 et
984 2362 1072 2407 filia
1087 2362 1308 2408 Ecclesiae.
1330 2368 1460 2424 Prop-

71 2440 132 2476 ter
153 2433 468 2476 successionem
499 2431 659 2476 dicitur
681 2432 769 2477 filia
786 2468 797 2488 ,
823 2442 1001 2493 propter
1022 2433 1322 2493 praelationem
1350 2434 1459 2478 dici-

68 2511 139 2546 tur
160 2512 312 2547 mater.
334 2502 437 2546 Fuit
466 2503 602 2562 prima
619 2502 821 2563 quaedam
844 2504 1102 2562 Babylonia,
1125 2505 1343 2565 numquid
1364 2505 1456 2565 ipse

118 2592 126 2608 ¹
147 2588 226 2619 Gen.
249 2598 326 2627 xxv,
344 2587 398 2619 23.
424 2604 466 2609 —
483 2594 495 2609 ²
515 2588 605 2619 Rom.
626 2597 672 2628 ix,
698 2587 748 2618 13.
770 2604 811 2609 —
832 2586 846 2610 3
860 2587 940 2620 Psal.
958 2599 1087 2630 cxxxvi,
1106 2591 1138 2622 8.
