1815 3253
411 191 654 226 nmmum
685 194 732 223 m
762 191 968 227 »sunum
998 192 1141 221 ch1v.
1373 177 1459 220 459

64 261 168 314 hinc
199 259 463 318 ‚emigrabi83
487 268 532 304 et
558 274 660 304 cum
689 257 886 319 quotidie
911 272 1054 317 speras
1074 266 1118 302 te
1139 257 1324 316 migrare
1340 291 1352 312 ,
1377 256 1459 302 ali-

64 329 244 391 quando
273 330 536 375 convertaris
570 349 578 374 ε
602 339 646 374 ct
667 330 713 373 in
740 330 824 379 hoc
850 343 1006 386 magna
1028 329 1119 388 eJus
1145 325 1456 372 misericordia.

60 403 284 454 Caeterum
313 402 347 446 si
384 402 603 446 statuisset
637 401 752 445 diem
784 399 1012 456 omnibus,
1042 397 1203 444 faceret
1235 398 1460 445 abundare

63 481 243 533 peccata
264 472 319 516 de
344 473 586 516 securitate.
621 470 748 516 Dedit
769 486 872 529 ergo
894 485 1015 529 spem
1040 470 1202 523 veniae,
1226 484 1282 513 ne
1304 469 1461 528 despe-

63 543 202 587 rando
224 542 408 602 amplius
430 559 597 602 pecces.
624 545 681 588 Et
703 555 815 602 spes,
841 533 884 585 et
905 539 1148 600 desperatio
1173 539 1370 585 timenda
1397 549 1462 584 est

61 612 109 656 in
137 613 339 672 peccatis.
379 612 535 657 Videte
562 628 714 665 vocem
743 610 1011 670 desperantis
1044 608 1101 653 ad
1126 608 1327 668 augenda
1355 625 1460 668 pec-

41 692 184 737 cata,
215 692 259 727 et
280 683 425 727 videte
457 699 610 728 vocem
639 682 850 742 sperantis
881 681 937 726 ad
966 679 1164 738 augenda
1188 688 1386 739 peccata,
1417 689 1462 724 et

62 752 287 813 quomodo
314 753 490 813 utrique
511 754 608 807 voci
630 752 820 798 occurrit
842 749 1115 811 providentia
1137 758 1181 794 et
1213 749 1460 797 misericor-

0 838 1 862 2
60 823 131 868 dia
164 825 255 869 Dei.
281 826 398 871 Audi
422 841 570 870 vocem
590 823 886 884 desperantis:
912 825 1026 875 Jam,
1052 821 1222 882 inquit,
1248 821 1462 870 damnan-

0 918 2 925 ν
62 893 144 938 dus
162 910 282 949 sum,
310 911 392 955 qua
402 911 444 939 re
466 911 554 939 non
577 895 690 943 facio
712 893 934 955 quidquid
954 892 1081 938 volo?
1105 891 1222 936 Audi
1244 901 1288 936 et
1309 906 1462 937 vocem

0 999 2 1006 .
59 965 271 1024 sperantis
304 984 312 1009 :
349 964 644 1010 Misericordia
674 964 848 1015 Domini
880 978 1038 1022 magna
1072 971 1157 1017 est,
1183 961 1363 1022 quando
1390 977 1461 1006 me

59 1045 316 1079 convertero
332 1070 342 1089 ‚
363 1035 556 1087 dimittet
581 1035 688 1079 mihi
714 1034 885 1091 omnia3
918 1048 1053 1094 quare
1074 1047 1165 1076 non
1185 1032 1300 1076 facio
1328 1031 1461 1092 quid-

0 1128 4 1138 ·
60 1105 168 1166 quid
187 1107 317 1150 volo?
339 1110 563 1165 Desperat‚
589 1115 639 1150 ut
654 1115 832 1165 peccet3
856 1113 1000 1164 sperat
1018 1113 1068 1148 ut
1093 1112 1258 1162 peccet.
1286 1105 1463 1147 Utrum-

0 1189 4 1199 ·
61 1192 148 1237 que
169 1177 459 1221 metuendum
487 1186 574 1231 est,
599 1186 839 1236 utrumque
859 1174 1155 1235 periculosum
1186 1193 1195 1219 2
1217 1189 1283 1219 vae
1314 1190 1337 1217 a
1359 1173 1461 1218 des-

60 1247 285 1306 peratione
304 1281 316 1303 ,
353 1264 419 1291 vae
451 1264 475 1291 a
505 1263 705 1306 perversa
730 1262 820 1306 spe.
859 1246 1042 1305 Utrique
1056 1245 1160 1288 huic
1189 1242 1387 1303 periculo
1419 1253 1463 1288 et

0 1341 6 1349 ·
61 1319 240 1378 utrique
269 1318 386 1363 malo
417 1317 642 1378 quomodo
665 1318 856 1368 occurrit
888 1315 1182 1361 misericordia
1212 1315 1322 1358 Dei?
1344 1314 1462 1368 Quid

0 1411 6 1420 ·
62 1387 167 1433 dieis
186 1398 250 1444 tu,
271 1390 348 1449 qui
363 1388 634 1448 desperando
651 1388 827 1433 volebas
844 1388 1052 1447 peccare?
1069 1389 1093 1430 J
1097 1401 1166 1430 am
1184 1384 1461 1429 damnandus
1528 1400 1532 1406 ·

38 1475 184 1514 ᾗεωη,
210 1475 346 1518 quare
367 1475 457 1503 non
479 1458 591 1503 facio
621 1457 839 1519 quidquid
860 1457 974 1503 volo.
1009 1455 1126 1502 Audi
1156 1456 1424 1515 Scripturam
1448 1475 1457 1500 :

64 1549 86 1582 ¹,«
122 1529 232 1574 Nolo
255 1539 440 1574 mortem
469 1530 592 1588 impii
609 1565 619 1584 ‚
640 1538 856 1590 quantum
874 1538 924 1572 ut
947 1536 1188 1573 revertatur
1209 1535 1252 1570 et
1274 1526 1405 1571 vivat.
1436 1544 1457 1567 »

33 1625 37 1631 ·
62 1602 153 1644 Hac
182 1615 286 1644 voce
316 1600 393 1644 Dei
422 1599 646 1645 reducitur
668 1599 713 1643 in
735 1614 857 1658 spem
883 1618 892 1642 z
924 1597 1000 1642 sed
1026 1596 1244 1642 timendus
1267 1606 1332 1640 est
1353 1596 1462 1640 alius

36 1669 267 1730 laqueus,
304 1686 359 1719 ne
399 1672 490 1731 ipsa
522 1687 597 1731 spe
629 1670 815 1730 amplius
844 1679 1011 1730 peccet.
1049 1667 1167 1722 Quid
1196 1683 1298 1726 ergo
1331 1677 1374 1712 et
1411 1677 1462 1712 tu

38 1766 43 1795 ς
57 1741 260 1797 dicebas,
285 1743 363 1801 qui
391 1758 465 1801 spe
492 1742 628 1799 magis
659 1743 838 1800 peccas?
862 1738 1051 1794 Quando
1079 1754 1148 1782 me
1179 1747 1458 1792 convertero,

0 1837 10 1846 ·
36 1814 206 1858 omnia
235 1814 343 1858 mihi
377 1817 491 1858 Deus
514 1812 722 1867 dimittet,
741 1848 752 1868 ‚
777 1812 934 1857 faciam
963 1809 1182 1872 quidquid
1204 1809 1320 1854 volo.
1346 1809 1462 1853 Audi

42 1893 104 1928 ,et
128 1893 178 1928 tu
215 1884 486 1943 Scripturam
514 1903 524 1930 :
559 1903 579 1926 «
613 1886 677 1929 Ne
707 1882 850 1928 tardes
877 1884 1074 1928 converti
1107 1880 1163 1926 ad
1191 1881 1426 1926 Dominum
1447 1915 1458 1936 ‚

3 1952 8 1959 ’
43 1972 83 1997 .»
119 1969 264 2014 neque
292 1954 471 1999 differas
500 1953 556 2006 de
585 1954 655 1998 die
673 1954 718 1998 in
748 1953 864 1998 diem
890 1972 900 1999 z
925 1952 1071 1999 subito
1093 1951 1210 1997 enim
1232 1951 1377 1999 veniet
1399 1951 1463 1995 ira

62 2041 84 2066 »
120 2023 252 2079 illius,
286 2034 329 2068 et
360 2026 404 2068 in
440 2034 636 2084 tempore
664 2023 870 2069 vindictae
901 2022 1124 2082 disperdet
1154 2031 1197 2066 te
1232 2022 1265 2065 1.
1306 2039 1327 2062 »
1362 2020 1462 2067 Noli

59 2109 164 2153 ergo
193 2094 367 2139 dicere:
392 2096 496 2139 Cras
521 2109 592 2138 me
622 2103 875 2138 convertam
893 2129 904 2149 ,
937 2109 1028 2138 cras
1062 2096 1153 2136 Deo
1181 2090 1394 2152 placeb03
1418 2101 1463 2136 et

5 2164 208 2211 :‘omnia
240 2163 452 2209 hodierna
486 2174 530 2208 et
567 2164 770 2216 hesterna
814 2163 1100 2208 dimittuntur
1130 2162 1255 2207 mihi.
1296 2164 1462 2206 Verum

0 2262 11 2271 -
33 2275 39 2280 .
60 2233 242 2294 quidem
271 2233 404 2288 dicis,
431 2234 532 2294 quia
563 2237 678 2278 Deus
708 2235 982 2280 conversioni
1016 2243 1103 2278 tuae
1135 2232 1460 2292 indulgentiam

42 2304 261 2364 ‘promisit
286 2323 295 2349 ς
316 2303 392 2348 sed
408 2302 605 2348 dilationi
630 2313 714 2348 tuae
736 2303 853 2349 diem
878 2305 1117 2349 crastinum
1133 2319 1223 2348 non
1240 2302 1456 2362 promisit.

40 2425 49 2434 f
119 2377 224 2418 XII.
263 2393 285 2416 «
321 2375 469 2419 Suavis
491 2374 703 2419 Dominus
724 2376 927 2424 omnibus
953 2395 961 2420 :
988 2385 1031 2420 et
1044 2375 1341 2426 miserationes
1369 2373 1462 2432 ejus

8 2496 13 2506 Ι
38 2503 41 2506 ⁴
64 2462 87 2487 »
121 2445 166 2489 in
196 2445 343 2490 omnia
375 2461 506 2505 opera
540 2447 631 2506 ejus
661 2448 693 2490 2,
734 2466 753 2488 »
779 2449 924 2501 Quare
948 2462 1054 2507 ergo
1083 2446 1296 2493 damnat?
1323 2460 1460 2506 quare

111 2535 121 2552 ¹
140 2529 242 2563 Eccli.
262 2541 294 2573 v,
313 2530 347 2572 8,
364 2542 399 2574 9.
416 2548 458 2554 --
479 2538 492 2554 ²
512 2531 593 2565 Psal.
611 2540 719 2572 cxuv,
737 2541 771 2573 9.
