1815 3253
26 0 43 121 fl

38 119 41 204 l

381 227 622 256 ENAnnATro
656 229 700 254 ΙΝ
734 227 935 255 PsALMUM
968 229 1172 256 cxxxx-111.
1388 219 1472 258 309

15 311 28 341 t
82 309 160 339 nos
178 292 396 338 delectent
418 294 587 354 siliquae
617 308 873 352 porcorum,
899 294 1111 339 doctrinae
1133 294 1467 340 daemoniorum.

14 364 39 416 εί
85 383 106 408 «
130 368 242 410 Ecce
268 375 313 410 tu
339 401 350 420 ,
380 366 581 419 Domine,
603 366 841 424 cognovisti
864 366 1008 410 omnia
1032 366 1260 410 novissima
1288 377 1331 411 et
1353 369 1469 411 anti-

15 425 31 475 i,
83 454 102 477 »
138 451 224 496 qua
251 455 260 481 :
287 436 539 490 novissima,
576 454 595 476 υ
629 452 718 495 quo
753 437 955 496 perveni,
985 455 1005 477 «
1030 436 1248 495 Antiqua,
1279 454 1298 477 »
1327 437 1403 481 ubi
1428 448 1470 482 te

8 523 29 559 ,ι’
79 505 260 551 offendi.
287 526 307 549 «
332 509 398 551 Tu
437 506 598 550 finxisti
619 522 689 550 me
710 542 720 562 ,
754 516 797 550 et
825 506 1007 566 posuisti
1034 521 1164 565 super
1192 522 1261 550 me
1288 522 1470 552 manum

11 589 29 628 μ,
80 594 101 618 »
132 585 268 621 tuam.
289 577 469 621 Finxisti
492 592 562 621 me
586 597 595 622 ε
620 596 640 619 »
667 577 774 621 ubi?
793 580 844 621 In
865 577 944 621 ista
967 576 1231 621 mortalitate
1249 612 1259 632 ,
1289 578 1379 637 jam
1413 578 1468 622 ad

27 663 29 666 ⁴
76 647 246 692 labores
262 683 273 703 ‚
296 647 350 692 ad
372 663 482 708 quos
504 663 654 693 omnes
673 647 765 692 nati
787 663 951 692 sumus.
978 650 1075 693 Non
1100 648 1216 691 enim
1239 649 1470 708 quisquam

75 718 288 774 nascitur,
313 719 394 763 nisi
416 734 548 780 quem
566 722 680 764 Deus
697 719 869 763 finxerit
886 719 932 763 in
949 728 1075 764 utero
1097 720 1244 764 matris
1262 734 1352 764 suae
1367 755 1378 775 ,
1394 730 1471 765 aut

75 788 164 834 ulla
187 799 382 834 creatura
401 800 465 835 est
484 826 494 846 ,
521 792 647 851 cujus
667 806 757 835 non
774 800 837 835 est
858 789 932 835 ille
949 790 1199 850 psalmator.
1223 791 1308 835 Sed
1331 810 1351 833 «
1371 792 1471 835 Fin-

14 885 21 900 .
77 878 98 903 »
131 861 230 905 xisti
248 877 338 916 me,
365 882 382 903 »
403 862 448 905 in
465 863 547 906 isto
576 862 725 907 labore
751 881 759 907 ε
787 881 806 904 «
831 864 887 906 Et
912 862 1092 922 posuisti
1115 877 1244 922 super
1271 878 1341 906 me
1371 878 1469 907 ma·-

7 925 12 940 ⁸
76 950 98 974 »
131 947 239 976 num
259 940 399 988 tuam,
429 951 448 974 »
475 933 696 978 vindicem
714 949 910 988 manum,
938 944 1190 992 gravantem
1208 933 1463 993 superbum.

12 1003 13 1006 ’
73 1005 136 1048 Ita
159 1004 273 1047 enim
314 1003 549 1048 salubriter
584 1004 740 1064 dejecit
774 1004 964 1060 elatum,
998 1015 1048 1050 ut
1071 1006 1209 1064 erigat
1236 1006 1465 1050 humilem.

77 1093 97 1117 «
132 1077 198 1118 Tu
218 1075 376 1119 finxisti
392 1091 484 1129 me,
506 1084 549 1119 et
566 1076 749 1135 posuisti
772 1091 902 1135 super
918 1091 988 1120 me
1006 1091 1187 1120 manum
1211 1085 1347 1120 tuam.
1372 1094 1393 1117 n

130 1148 253 1189 VIII.
279 1165 298 1187 «
325 1146 551 1190 Mirificata
575 1155 639 1190 est
661 1146 840 1190 scientia
862 1155 937 1191 tua
956 1162 1008 1190 ex
1030 1162 1123 1205 me3
1140 1146 1351 1202 invaluit,
1377 1162 1469 1192 non

15 1242 17 1249 ·
73 1233 95 1257 »
128 1225 282 1275 potero
306 1216 357 1260 ad
383 1217 520 1260 illam.
557 1216 755 1276 Aliquid,
776 1217 897 1277 quod
913 1217 1150 1262 obscurum
1168 1212 1350 1277 quideni
1373 1227 1438 1262 est
1455 1254 1466 1273 ,

69 1286 145 1330 sed
178 1302 279 1330 cum
314 1302 404 1331 non
442 1303 576 1347 parva
615 1286 850 1331 dulcedine
880 1287 1162 1347 intelligitur,
1194 1288 1468 1333 advertentes

69 1358 231 1402 audite.
258 1361 430 1416 Moyses
448 1368 620 1403 sanctus
636 1359 713 1402 Dei
736 1357 926 1402 famulus
943 1394 953 1414 ,
971 1375 1072 1403 cum
1094 1375 1182 1419 quo
1203 1358 1468 1420 loquebatur

10 1475 13 1477 Α
68 1431 182 1472 Deus
205 1444 282 1488 per
308 1429 495 1483 nubem,
533 1429 636 1489 quia
665 1429 964 1488 temporaliter
985 1430 1170 1490 loquens
1204 1432 1358 1491 utique
1388 1447 1467 1491 per

68 1508 331 1558 assumptam
350 1509 596 1544 creaturam
620 1499 887 1559 loquebatur
908 1516 1032 1545 servo
1054 1517 1156 1559 suo3
1180 1501 1225 1545 id
1258 1512 1321 1547 est
1341 1537 1352 1557 ,
1377 1518 1467 1546 non

66 1585 144 1630 per
165 1570 455 1615 substantiam
475 1586 615 1626 suam,
636 1570 713 1615 sed
736 1587 813 1630 per
831 1582 1095 1633 assumptam
1112 1572 1301 1633 aliquam
1317 1589 1468 1633 corpo-

4 1693 7 1700 ,
67 1640 200 1685 ralem
219 1650 485 1697 creaturam,
512 1657 591 1701 per
609 1657 743 1702 quam
765 1657 892 1686 voces
913 1641 986 1686 ille
1008 1643 1184 1699 fierent,
1207 1653 1250 1688 et
1264 1645 1466 1689 humanis

4 1767 5 1770 Ἴ
68 1720 199 1772 atque
219 1711 480 1756 mortalibus
500 1712 680 1757 auribus
703 1723 988 1771 personarent
1014 1733 1023 1758 ε
1044 1714 1144 1772 (Sic
1167 1715 1283 1759 enim
1306 1715 1465 1776 loque-

4 1784 7 1794 ‘
67 1782 198 1827 batur
226 1793 331 1827 tunc
355 1786 500 1838 Deus,
533 1798 623 1827 non
656 1783 881 1842 quomodo
910 1783 1108 1843 loquitur
1142 1785 1189 1828 in
1225 1785 1466 1830 substantia

9 1887 11 1890 .
66 1868 158 1898 sua.
185 1854 389 1906 Qumodo
421 1854 537 1896 enim
570 1852 769 1913 loquitur
799 1854 845 1897 in
875 1855 1115 1899 substantia
1153 1858 1255 1900 sua?
1280 1858 1465 1901 Locutio

3 1926 9 1968 ἶ
66 1925 165 1979 Dei,
186 1924 380 1968 Verbum
404 1925 480 1968 Dei
503 1933 566 1968 est
592 1943 602 1970 2
622 1924 818 1968 Verbum
842 1926 920 1969 Dei
942 1926 1140 1970 Christus
1159 1936 1222 1971 est
1241 1928 1465 1972 :Verbum

18 2023 21 2028 -
67 1994 176 2039 illud
208 2011 297 2039 non
321 2004 445 2040 sonat
467 2004 510 2039 et
538 1996 716 2050 transit,
742 1994 817 2039 sed
846 2011 1016 2056 semper
1049 1998 1467 2043 incommutabiliter

4 2077 7 2104 r
67 2075 213 2110 manet
230 2066 425 2110 Verbum
443 2102 454 2121 ,
482 2082 560 2125 per
581 2065 702 2126 quod
728 2064 842 2110 facta
864 2076 966 2111 sunt
991 2068 1183 2112 omnia1.
1210 2069 1293 2113 Cui
1318 2070 1465 2115 Verbo

4 2136 6 2141 ’
67 2137 250 2192 dicitur,
270 2138 362 2197 ipsa
380 2147 445 2182 est
466 2138 584 2181 enim
617 2147 661 2182 et
681 2138 891 2198 sapientia
915 2139 1015 2194 Dei,
1046 2159 1065 2181 «
1091 2139 1289 2184 Mutabis·
1312 2156 1359 2184 ea
1375 2177 1385 2196 ,
1423 2151 1467 2185 et

68 2225 90 2250 ³>
123 2209 417 2252 mutabuntur
434 2243 444 2262 ,
471 2218 519 2252 tu
540 2217 687 2252 autem
709 2208 824 2252 idem
848 2209 938 2268 ipse
957 2225 1000 2254 es
1013 2213 1045 2254 2.
1076 2228 1096 2250 »
1117 2213 1174 2254 Et
1191 2209 1275 2255 alio
1292 2209 1390 2255 loco
1408 2212 1464 2256 de

71 2280 286 2338 Sapientia
309 2295 409 2323 cum
433 2280 654 2339 Scriptura
677 2281 856 2335 diceret,
880 2299 900 2323 ‹<
921 2284 973 2325 In
991 2297 1035 2325 se
1057 2282 1146 2341 ipsa
1160 2297 1339 2326 manens
1355 2318 1366 2338 ,
1386 2283 1461 2338 ait,

71 2369 91 2392 »
124 2351 305 2395 innovat
327 2351 514 2395 omnia3.
539 2369 559 2391 »
587 2350 667 2395 Illa
689 2366 793 2410 ergo
813 2352 1032 2411 Sapientia
1054 2348 1186 2408 stans,
1204 2356 1221 2411 (
1239 2354 1272 2396 si
1286 2353 1371 2397 dici
1392 2353 1464 2398 de-

68 2421 143 2465 bet
159 2421 228 2466 vel
244 2431 360 2465 stans
373 2457 383 2476 ,
404 2421 582 2475 dicitur,
600 2431 745 2466 autem
759 2433 939 2483 propter
957 2423 1463 2479 incommutabilitatem,

70 2507 159 2536 non
178 2501 358 2551 propter
381 2491 737 2536 immobilitatem
764 2511 772 2537 :
794 2495 864 2551 >et
887 2494 1041 2538 eodem
1070 2495 1204 2540 modo
1229 2509 1273 2538 se
1296 2509 1466 2554 semper

12 2544 16 2611 Ι
117 2583 125 2598 ¹
146 2579 239 2608 Joan.
256 2588 279 2618 i,
299 2577 328 2609 3.
351 2594 391 2600 --
419 2584 431 2600 ²
452 2576 534 2609 Psat.
555 2588 597 2619 ci,
613 2585 667 2620 27.
691 2594 732 2600 -
755 2575 858 2619 3Sap.
877 2589 936 2619 vn,
959 2587 1014 2620 27.

12 2685 14 2709 Ι

11 2742 13 2771 l

11 2795 13 2833 l

9 2990 11 3007 l

9 3010 11 3043 l

9 3046 11 3065 i
