1815 3253
361 202 445 240 262
782 214 817 242 s.
851 212 1082 244 Auens-nm
1111 217 1294 246 Enscom

365 292 498 338 quam
515 279 560 321 in
581 287 710 322 nocte
730 279 861 338 hujus
882 279 1043 335 saeculi,
1068 292 1192 327 caute
1213 279 1538 342 prudenterque
1551 279 1735 326 versari:
1785 269 1802 368 f}

363 359 414 393 ut
435 348 691 393 abstinendo
713 349 897 410 quisque
919 351 974 394 ab
995 352 1224 413 iniquitate
1253 367 1342 396 non
1366 350 1661 395 confundatur
1680 360 1741 395 te·
1784 342 1802 414 μ’

362 419 533 474 nebris,
559 419 720 479 proprii
743 420 932 464 muneris
965 420 1064 466 luce
1094 422 1336 468 discretus?
1359 423 1471 467 Cum
1499 436 1599 479 ergo
1626 436 1741 481 quo·
1794 442 1815 474 g

364 489 466 533 dam
487 490 585 535 loco
618 490 852 550 Apostolus
883 491 1144 537 concordem
1169 494 1401 553 gratiarum
1425 492 1675 536 varietatem
1696 492 1743 536 in
1792 487 1815 506 ³

363 560 614 605 hominibus
636 561 713 604 Dei
733 560 865 605 vellet
887 562 1132 619 ostendere,
1157 565 1251 608 haec
1267 565 1310 607 in
1328 563 1474 623 primis
1492 561 1582 606 duo
1598 561 1743 621 posuit

363 630 508 674 dicens
531 650 540 675 :
570 650 590 673 «
615 630 698 675 Alii
720 631 898 691 quidem
920 632 1048 677 datur
1076 649 1152 693 per
1186 634 1392 694 Spiritum
1414 647 1554 676 sermo
1581 632 1744 691 sapien-

364 717 386 742 »
421 701 494 744 tiae
518 719 527 746 ε
557 719 576 742 »
597 702 682 745 hoc
704 717 793 745 esse
810 703 996 747 arbitror
1011 738 1022 759 ,
1052 722 1073 746 «
1100 704 1242 749 Solem
1263 705 1308 747 in
1330 712 1587 763 potestatem
1610 701 1740 746 dieia'»

363 769 448 814 Alii
470 786 610 815 sermo
625 772 813 815 scientiae
830 773 1072 817 seeundum
1088 774 1290 818 eumdem
1313 774 1542 832 Spiritum:
1561 773 1646 816 hoc
1663 779 1741 826 estq
1759 786 1762 789 ·

366 858 385 881 «
421 844 606 884 Lunam.
636 859 656 882 »
678 842 842 885 Deinde
859 842 1049 902 quodam
1072 845 1203 888 modo
1227 864 1246 886 «
1269 843 1419 889 Stellas
1445 847 1748 886 »commemoa-

359 911 445 954 rari
462 921 570 970 puto
591 947 601 964 ‚
622 911 668 955 in
691 927 742 956 eo
763 912 883 972 quod
905 913 1064 958 dicitur
1089 933 1098 959 ε
1130 933 1150 956 «
1176 913 1261 959 Alii
1285 913 1390 957 fides
1412 914 1458 956 in
1487 912 1642 957 eodem
1664 912 1748 971 spi-

367 998 387 1021 »
423 981 532 1035 ritu,
559 981 629 1025 alii
655 983 930 1026 curationum
961 984 1138 1029 donatio
1158 984 1204 1027 in
1227 1000 1317 1028 uno
1342 983 1528 1043 Spiritu,
1555 981 1626 1026 alii
1648 997 1748 1041 opess*
1776 971 1780 983 ’

369 1071 386 1092 »
422 1052 609 1096 rationes
630 1053 843 1097 virtutum
863 1089 874 1108 ,
900 1053 970 1098 alii
1003 1055 1231 1115 prophetia
1250 1090 1260 1110 ‚
1293 1053 1365 1098 alii
1386 1052 1640 1113 diiudicatio
1658 1053 1746 1111 spiu

365 1140 386 1164 n
421 1123 652 1182 spirituum
673 1159 683 1179 ‚
724 1124 795 1167 alii
827 1141 984 1183 genera
1027 1126 1299 1185 linguarum⁷
1341 1124 1413 1169 alii
1450 1125 1749 1187 interpretatio

369 1211 389 1234 n
424 1195 722 1238 sermonum1.
752 1213 772 1235 »
797 1194 913 1238 Nihil
944 1196 1058 1257 enim
1086 1197 1245 1240 horum
1272 1204 1356 1250 est,
1391 1194 1512 1255 quod
1542 1195 1589 1237 in
1620 1195 1750 1254 hujus

367 1264 514 1308 saeculi
542 1273 671 1308 nocte
693 1279 783 1307 non
812 1265 866 1308 sit
899 1266 1185 1320 necessarium
1209 1284 1218 1309 ε
1253 1281 1353 1325 quae
1373 1280 1475 1309 cum
1505 1264 1746 1319 transierim

367 1423 389 1446 u
424 1398 723 1464 potestatem»
745 1405 908 1465 quippe
925 1405 984 1449 ait
1003 1440 1014 1461 ‚
1034 1405 1104 1450 vel
1125 1425 1145 1448 ι(
1169 1405 1262 1450 Diei
1287 1424 1306 1447 »
1326 1405 1394 1450 vel
1419 1425 1439 1448 «
1463 1405 1632 1459 Noctis,
1661 1423 1680 1446 »
1704 1413 1768 1457 utu

364 1485 552 1536 potestas
579 1485 688 1520 esset
717 1476 787 1520 die
815 1476 962 1520 lucere
996 1476 1065 1521 vel
1088 1485 1216 1520 nocte
1240 1495 1250 1521 ε
1276 1475 1397 1536 quod
1415 1476 1460 1520 in
1485 1468 1771 1535 spiritalibusv

367 1546 492 1591 donis
529 1547 587 1591 sic
619 1546 906 1605 intelligitur,
943 1547 1045 1606 quia
1079 1545 1201 1591 dedit
1234 1555 1492 1606 potestatem
1529 1545 1639 1590 filios
1676 1545 1752 1589 Dei

367 1617 508 1660 fieri2.
543 1636 563 1659 «
589 1617 675 1670 Qui
696 1617 907 1675 percussit
934 1620 1012 1660 AEo
993 1626 1199 1676 gyptum
1225 1631 1327 1661 cum
1356 1615 1661 1692 primogenitis·
1675 1623 1751 1659 eoa?

370 1705 392 1727 »
427 1701 584 1730 rum.»
617 1687 832 1730 Percussit
860 1695 904 1731 et
931 1687 1171 1742 saeculum,
1197 1701 1299 1730 cum
1319 1687 1385 1730 his
1415 1702 1514 1746 quae
1536 1685 1752 1745 praecipua

368 1766 580 1815 putantur
593 1757 639 1799 in
656 1756 832 1801 saeculo.

429 1829 508 1870 lx.
526 1845 546 1869 «
566 1827 652 1879 Qui
669 1827 817 1870 eduxit
836 1826 968 1870 Ista'el
990 1825 1044 1870 de
1065 1826 1210 1871 medio
1233 1841 1399 1870 eorum.
1414 1825 1610 1870 »Eduxit
1626 1789 1762 1876 etiami

370 1907 540 1942 sanctos
563 1913 611 1941 ac
633 1897 781 1941 fideles
803 1913 902 1942 suos
919 1897 974 1941 de
990 1897 1136 1942 medio
1152 1897 1382 1942 malorum.
1404 1916 1423 1938 «
1450 1900 1501 1940 In
1521 1912 1655 1941 manu
1675 1912 1755 1956 ρο-ι

373 1987 394 2010 »
429 1970 539 2012 tenti
561 1978 605 2013 et
626 1969 804 2013 brachio
826 1968 992 2013 excelso
1009 1970 1041 2012 ³.
1079 1987 1100 2009 »
1129 1969 1242 2021 Quid
1273 1968 1493 2027 potentius
1513 2002 1524 2022 ‚
1549 1967 1659 2027 quid
1680 1983 1754 2012 exa.

371 2039 524 2083 celsius
546 2055 597 2084 eo
619 2040 674 2082 de
695 2055 784 2099 quo
809 2038 976 2083 dictum
997 2048 1060 2083 est
1081 2057 1090 2083 :
1119 2057 1138 2080 «
1163 2041 1220 2082 Et
1242 2037 1469 2081 brachium
1491 2038 1663 2082 Domini
1686 2037 1752 2082 cffl'

374 2128 394 2151 »
429 2109 669 2153 revelatum
683 2119 746 2153 est
759 2111 802 2153 ⁴?
813 2109 897 2162 Qui
910 2108 1054 2152 divisit
1067 2124 1184 2151 mare
1201 2108 1403 2151 Rubrum
1417 2108 1463 2150 in
1478 2106 1752 2152 divisionem}
1776 2108 1778 2110 ’

369 2178 535 2223 Dividit
557 2179 686 2223 etiam
702 2214 713 2233 ‚
740 2188 789 2222 ut
817 2194 932 2222 unus
953 2188 1085 2238 atque
1109 2177 1225 2222 idem
1252 2178 1490 2237 baptismus
1519 2177 1609 2222 aliis
1636 2177 1725 2221 siti
1776 2190 1781 2198 ·

369 2249 503 2293 vitam
521 2285 531 2304 ‚
553 2249 644 2293 aliis
662 2249 715 2292 sit
738 2249 783 2292 in
804 2259 1005 2293 mortem.
1035 2267 1054 2291 «
1072 2251 1127 2292 Et
1145 2249 1292 2292 eduxit
1316 2247 1446 2292 Israel
1466 2264 1542 2308 per
1563 2248 1749 2292 medium

373 2338 394 2362 »
429 2321 534 2380 ejus.
569 2340 587 2362 »
614 2320 774 2364 Educit
805 2321 934 2363 etiam
968 2320 1014 2363 in
1047 2328 1256 2364 novatum
1283 2319 1499 2379 populum
1531 2335 1659 2363 suum
1680 2334 1709 2378 p

366 2389 587 2435 lavacrum
609 2390 964 2447 regenerationis.
995 2408 1014 2431 «
1035 2392 1091 2434 Et
1109 2389 1293 2433 excussit
1320 2390 1589 2433 Pharaonem
1613 2396 1656 2432 et
1678 2388 1747 2432 vir

371 2479 391 2502 »
426 2469 563 2504 tutem
587 2461 676 2519 ejus
698 2460 743 2502 in
768 2460 871 2503 mari
890 2459 1059 2504 Rubro.
1085 2477 1103 2500 »
1131 2459 1338 2504 Celeriter
1359 2459 1569 2502 interimit
1586 2467 1629 2502 et
1650 2473 1746 2517 pec-
1788 2510 1790 2516 Ι
1811 2478 1814 2493 ¹

420 2553 427 2568 ¹
451 2558 460 2576 1
486 2545 784 2584 C01·.x11‚8-10.-
801 2552 812 2566 ²
828 2547 953 2576 Joan.1,
977 2543 1191 2575 12.-3Ps:11.
1211 2555 1327 2581 cxxxv,
1352 2556 1402 2581 ιι,
1423 2543 1709 2583 12.-41sa·1·>un‚
1725 2553 1737 2574 1
1786 2539 1810 2575 Γ
