1815 3253
378 267 621 299 manna-10
652 270 698 298 m
730 269 934 300 rsALMUM
965 272 1116 300 cxx111.
1367 262 1417 301 61

0 313 10 391 ,i
38 354 59 379 »
93 336 244 382 bunt¹.
268 354 289 379 »
313 338 439 382 Unde
455 347 602 383 autem
615 337 746 383 corda
767 338 1063 394 mundantur,
1080 337 1160 382 nisi
1177 353 1254 397 per
1270 339 1419 396 fidem,

0 393 9 477 j}
35 406 146 452 sicut
169 410 320 452 Petrus
342 407 401 453 ait
425 409 470 452 in
490 409 671 453 Actibus
688 408 1021 469 Apostolorum,
1051 428 1072 451 «
1096 408 1316 454 Mundans
1336 408 1424 454 fide

0 466 9 514 l!
38 495 59 520 »
92 477 225 522 corda
247 480 456 523 eorum‘2?
487 497 507 521 »
533 477 806 524 Mundantur
841 489 986 524 autem
1010 478 1141 524 corda
1169 488 1314 523 nostra
1347 495 1424 539 per

0 538 9 586 i
34 547 187 605 fidem,
213 558 264 594 ut
285 549 450 610 possint
476 565 565 594 esse
594 550 777 595 ideonea
794 566 945 611 capere
976 550 1178 611 speciem.
1206 550 1423 595 Ambula-

0 640 1 663 l
35 635 131 664 mus
150 620 264 664 enim
287 636 406 666 nunc
432 636 509 680 per
544 620 698 677 fidem,
734 620 930 666 nondum
959 637 1037 681 per
1065 622 1288 681 speciem:
1312 622 1423 667 sicut

35 690 267 750 Apostolus
291 690 395 736 dicit
422 711 430 736 :
462 710 481 733 «
508 690 714 745 Quandiu
747 708 896 737 sumus
927 693 972 736 in
1002 708 1204 752 corpore,
1230 693 1422 752 peregri-

38 779 59 803 »
94 776 250 805 namur
270 778 292 806 a
316 762 518 807 Domino.
547 780 567 804 »
588 765 646 807 Et
664 761 772 823 quid
792 772 882 819 est,
912 781 933 804 «
957 763 1321 822 Peregrinamur?
1344 766 1425 808 Pcr

40 851 60 875 «
93 832 224 877 fidem
247 833 363 877 enim
397 833 674 878 ambulamus
691 869 702 889 ‚
727 834 894 894 inquit,
923 849 1013 879 non
1037 850 1115 894 per
1137 834 1369 894 speciem³.
1399 852 1419 876 »

35 902 121 956 Qui
142 918 245 962 ergo
267 904 569 963 peregrinatur
588 913 631 948 et
652 920 730 964 per
751 905 884 948 fidem
902 904 1119 960 ambulat,
1139 904 1337 950 nondum
1361 914 1426 949 est

3 977 7 1002 ⁵
34 973 78 1018 in
102 973 239 1034 patria
254 1009 265 1029 ‚
290 973 366 1018 sed
383 975 475 1034 jam
498 983 561 1018 est
582 974 628 1018 in
643 975 712 1019 via
739 991 747 1019 ε
773 976 849 1035 qui
867 984 1012 1019 autem
1042 991 1133 1020 non
1153 976 1318 1031 credit,
1343 993 1424 1022 nec

3 1009 45 1100 i
35 1061 80 1089 ln
103 1046 240 1105 patria
262 1054 351 1100 est,
375 1061 455 1090 nec
487 1046 633 1090 invia.
663 1046 730 1091 Sic
752 1061 854 1104 ergo
887 1045 1162 1091 ambulemus
1178 1057 1425 1108 ‚tanquam

2 1114 45 1175 l
35 1132 80 1160 in
99 1115 166 1160 via
188 1116 355 1161 simus:
376 1116 479 1176 quia
500 1118 591 1175 ipse
606 1131 678 1160 rex
696 1117 847 1176 patriae
872 1116 1010 1161 factus
1032 1127 1096 1162 est
1123 1118 1207 1162 via.
1234 1116 1327 1162 Rex
1345 1133 1424 1178 pa-

36 1186 130 1231 triae
152 1196 310 1232 nostrae
325 1222 336 1242 ‚
363 1187 572 1232 Dominus
594 1190 718 1231 Jesus
739 1187 973 1233 Christus:
999 1196 1042 1232 et
1062 1188 1123 1232 ibi
1144 1188 1328 1244 velitas,
1355 1190 1425 1234 hic

37 1268 180 1303 autem
215 1259 299 1304 via.
326 1261 424 1313 Quo
449 1259 587 1303 imus?
609 1258 678 1303 Ad
714 1260 954 1303 veritatem.
988 1262 1083 1313 Qua
1107 1260 1249 1305 imus?
1272 1263 1353 1305 Per
1370 1261 1424 1304 fi-

37 1328 152 1374 dem.
171 1334 265 1383 Quo
287 1330 424 1373 imus?
443 1328 512 1374 Ad
534 1330 772 1374 Christum.
795 1332 890 1383 Qua
912 1330 1052 1374 imus?
1081 1333 1162 1374 Per
1185 1331 1423 1376 Christum.

2 1454 4 1469 ι
39 1403 135 1460 Ipse
158 1401 276 1445 enim
299 1400 435 1456 dixit,
465 1420 485 1443 «
509 1403 604 1460 Ego
627 1417 722 1445 sum
752 1401 843 1456 via,
863 1400 1018 1446 veritas
1034 1437 1044 1456 ‚
1072 1410 1114 1446 et
1139 1402 1228 1446 vita
1246 1403 1278 1446 4.
1312 1421 1332 1444 »
1355 1403 1430 1447 Di-

2 1477 4 1525 ς
37 1480 156 1516 xerat
183 1481 327 1516 autem
354 1471 594 1531 aliquando
618 1470 897 1516 credentibus
918 1472 965 1515 in
987 1488 1055 1528 se,
1085 1492 1104 1515 (ε
1127 1473 1171 1518 Si
1188 1474 1430 1518 manseritis

1 1535 4 1750 Ι
40 1561 61 1585 ))
96 1543 140 1586 in
162 1542 296 1587 verbo
317 1558 439 1598 meo,
460 1558 560 1586 vere
581 1542 783 1602 discipuli
810 1543 896 1587 mei
931 1543 1058 1602 estis3
1090 1553 1133 1588 et
1161 1546 1429 1604 cognoscetis

40 1632 61 1656 »
95 1614 348 1670 veritatem,
391 1623 434 1658 et
470 1614 625 1659 veritas
656 1614 860 1658 liberabit
887 1616 1010 1659 vos5.
1045 1617 1103 1659 Et
1133 1616 1426 1673 cognoscetis,

42 1703 63 1726 »
99 1685 261 1745 inquit,
300 1685 526 1730 veritatem
545 1720 557 1740 ,
587 1684 663 1729 sed
696 1685 730 1729 si
762 1685 1006 1729 manseritis
1042 1685 1085 1731 in
1110 1686 1245 1731 verbo
1267 1703 1380 1732 meo.
1406 1706 1426 1730 »

0 1755 3 1818 ξ
41 1759 93 1800 In
114 1771 202 1816 quo
225 1756 386 1800 verbo?
430 1755 551 1801 Sicut
573 1754 677 1799 dicit
698 1755 954 1815 Apostolus,
991 1775 1012 1799 «
1046 1759 1139 1801 Hoc
1162 1766 1226 1802 est
1246 1758 1430 1802 verbum

0 1829 3 1883 ξ
45 1844 64 1867 «
98 1825 201 1869 fidei
223 1825 343 1886 quod
376 1825 704 1885 praedicamusss.
745 1843 766 1867 »
800 1826 945 1870 Primo
976 1841 1079 1885 ergo
1115 1827 1299 1871 verbum
1329 1828 1432 1872 fidei

0 1930 3 1950 e
41 1904 125 1950 est,
141 1896 186 1939 in
199 1910 287 1955 quo
304 1895 437 1939 verbo
454 1894 556 1938 fidei
571 1895 605 1939 si
618 1898 924 1951 manserimus,
941 1911 1253 1954 cognoscemus
1276 1898 1431 1943 verita-

0 1963 2 1971 '
40 1975 127 2010 tem
144 2001 154 2020 ‚
176 1975 219 2010 et
235 1966 392 2010 veritas
414 1965 617 2009 liberabit
637 1981 730 2010 nos.
749 1967 916 2010 Veritas
938 1966 1193 2011 immortalis
1206 1976 1290 2023 est,
1315 1969 1431 2013 veri-

0 1973 3 2157 Ι
42 2045 104 2081 tas
126 2035 495 2081 incommutabilis
513 2045 579 2080 est
600 2055 610 2080 ι
634 2036 792 2081 veritas
809 2035 921 2080 illud
939 2037 1135 2081 Verbum
1154 2047 1239 2093 est,
1265 2037 1320 2083 de
1342 2055 1432 2100 quo

42 2106 201 2152 dicitur
220 2142 232 2163 ‚
263 2126 284 2150 «
320 2109 371 2151 In
399 2106 615 2167 principio
646 2115 737 2151 erat
773 2107 967 2151 Verbum
986 2142 998 2164 ,
1033 2117 1077 2152 et
1110 2109 1308 2153 Verbum
1340 2119 1434 2155 erat

0 2159 2 2238 Ι
44 2196 66 2220 »
87 2177 204 2238 apud
225 2181 361 2222 Deum
381 2212 392 2233 ,
431 2187 474 2222 et
491 2181 603 2222 Deus
620 2186 712 2222 erat
738 2178 950 2222 Verbum.
973 2196 992 2219 »
1013 2181 1070 2223 Et
1091 2180 1187 2239 quis
1208 2180 1292 2225 hoc
1314 2180 1435 2225 videt

0 2239 2 2304 l
43 2249 124 2293 nisi
137 2248 267 2293 corde
280 2248 520 2294 mundato?
534 2248 659 2293 Unde
673 2249 946 2293 mundantur
962 2248 1121 2294 corda?
1134 2254 1220 2295 Et«
1237 2252 1434 2296 Verbum

0 2305 1 2385 Ῐ
46 2337 68 2361 »
102 2334 202 2364 caro
236 2317 399 2363 factum
430 2329 515 2375 est,
553 2329 596 2364 et
616 2320 832 2364 habitavit
861 2320 906 2364 in
936 2319 1107 2365 nobis⁷.
1137 2339 1157 2363 »
1183 2321 1313 2375 Quod
1331 2338 1432 2381 ergo

45 2398 192 2434 manet
216 2389 411 2434 Verbum
433 2390 478 2434 in
510 2405 554 2434 se
574 2424 585 2445 ,
623 2391 778 2435 veritas
803 2399 867 2434 est
891 2389 946 2434 ad
974 2407 1107 2451 quam
1134 2392 1355 2449 venimus,
1393 2402 1436 2437 ct

0 2471 1 2490 ³
47 2476 145 2522 quae
167 2476 246 2505 nos
261 2459 418 2506 liberat
434 2481 443 2506 ε
459 2460 580 2522 quod
598 2470 742 2506 autem
765 2461 1029 2522 praedicatur
1046 2462 1228 2507 verbum
1247 2462 1349 2507 fidei
1363 2498 1374 2518 ,
1391 2464 1437 2508 in

96 2565 107 2581 ¹
127 2558 241 2591 Matth.
263 2570 298 2601 v,
317 2557 349 2590 8.
375 2573 418 2581 ·-
439 2565 451 2581 ²
470 2555 543 2591 Aet.
561 2568 615 2600 xv,
630 2570 663 2602 9.
684 2576 725 2582 —
753 2557 766 2582 3
783 2568 802 2591 2
821 2561 893 2592 Cor.
916 2571 950 2602 v,
970 2559 1004 2602 6,
1025 2570 1055 2602 7.
1075 2577 1117 2583 —
1133 2559 1148 2590 4
1167 2562 1258 2594 Joan.
1274 2572 1341 2601 xiv,
1359 2560 1439 2592 6.—

47 2611 63 2637 ⁵
82 2614 130 2648 Id.
148 2626 220 2657 vm,
237 2614 292 2657 31,
313 2615 366 2648 32.
391 2631 433 2638 -—
451 2612 466 2637 (3
485 2617 577 2647 Rom.
600 2624 632 2656 x,
654 2614 686 2647 8.
706 2631 748 2638 ——
767 2622 780 2648 7
800 2617 894 2648 Joan.
915 2627 940 2657 1,
967 2626 980 2648 1
1003 2614 1104 2657 et14.
